2850 4958
136 228 211 316 xx'

139 405 333 470 Germanica
361 378 464 469 exstat
493 405 564 470 sine
590 390 667 470 anni
691 405 825 491 locique
849 413 928 476 uota
954 407 1013 487 sub
1035 403 1101 468 bos
1121 403 1244 485 titulo:
1277 388 1389 472 stava

137 494 292 573 Eutropii
319 487 491 552 Riimischs
520 495 689 557 Historiae
717 493 784 552 und
814 486 983 555 Chroniek.
1038 489 1236 552 Recentiore
1277 497 1386 551 aetate

137 571 336 656 Eutropium
357 575 506 635 fecerunt
531 573 760 649 Germanicum
783 579 937 650 nautius,
959 574 1114 640 Francos.
1135 570 1388 667 17900recsed0'

140 655 232 722 2821.
256 653 543 743 8.·Btiolrlr'ngtiu,
566 646 713 744 Lipsiae,
738 659 828 746 1794.

428 804 1093 853 Μαι-
1132 855 1135 863 ,

307 1152 388 1237 oe
426 1150 556 1243 sax.
594 984 866 1229 sedilia
918 1147 1238 1283 vscroan

594 1284 927 1311 m

141 1387 331 1541 Quatuor
347 1476 530 1553 librorum,
552 1476 610 1562 qui
631 1475 691 1539 sub
711 1474 747 1539 S.
769 1473 897 1538 Aurelii
918 1473 1067 1537 Victoris
1087 1474 1221 1537 nomina
1240 1481 1381 1538 aetatem

139 1561 306 1635 tulerunt,
332 1569 365 1624 et
392 1560 472 1625 licet
490 1582 556 1630 nun
576 1558 618 1622 ab
639 1581 704 1621 uno
730 1568 867 1621 auctore
896 1561 1058 1643 profecti,
1091 1559 1292 1620 coniunctim
1314 1580 1381 1620 uno

140 1644 308 1711 volumine
328 1643 380 1705 edi
400 1645 527 1720 solent,
550 1642 701 1711 ordinem
723 1639 815 1704 ducit
837 1643 885 1716 is,
909 1643 966 1724 qui
988 1640 1201 1719 inscribitur:
1225 1647 1277 1702 De
1300 1648 1382 1718 Ori·-

136 1733 217 1812 gina
239 1731 350 1794 Gratti*
369 1735 551 1799 Romanae.
593 1726 634 1786 Iu
653 1725 776 1800 titulo,
798 1725 876 1788 buic
897 1724 1266 1792 commentatiunculae,
1290 1726 1383 1787 cuius

133 1817 209 1871 'non
228 1812 291 1873 nisi
312 1809 513 1894 principium
534 1816 657 1884 exstat,
678 1809 849 1891 praefixo,
870 1806 959 1871 inter
978 1809 1107 1881 fontes,
1130 1829 1169 1870 ox
1191 1807 1310 1893 quibus
1325 1831 1384 1872 sua

138 1890 321 1963 hauserunt
340 1893 501 1961 neoterici
521 1893 589 1958 sive
611 1892 758 1953 iuniores
788 1893 986 1974 scriptores,
1009 1889 1120 1952 Livius
1141 1911 1384 1954 commemora-

139 1982 218 2050 tur,
242 1986 294 2050 et,
318 1976 409 2059 quod
430 1977 552 2039 mirum
572 1984 637 2050 est,
660 1974 782 2037 Victor
801 1974 893 2037 Afer.
936 1973 1015 2035 Sine
1034 1971 1138 2034 dubio
1159 1972 1216 2036 bic
1237 1973 1395 2050 libellus,

136 2060 235 2123 cuius
256 2068 425 2131 auctorem
445 2060 617 2136 nescimus,
656 2066 774 2141 ropter
792 2056 1040 2120 similitudinem
1054 2057 1237 2140 argumenti
1252 2079 1269 2116 a
1283 2057 1389 2121 libra-

67 2210 69 2214 ,
102 2155 108 2173 ‘
139 2141 201 2212 riis
231 2143 469 2224 adiungebatur
498 2142 594 2206 libris
629 2079 664 2206 ξ.
686 2143 768 2213 Aur.
801 2142 951 2204 Victoris
983 2140 1124 2203 desiria
1145 2138 1329 2203 illustribus
1350 2150 1386 2223 et

141 2223 183 2286 de
211 2225 412 2291 Caesaribus.
448 2225 530 2288 inde
557 2228 680 2288 iactum
711 2234 780 2301 est,
807 2234 846 2287 ut
871 2247 890 2287 a
917 2223 1058 2287 Victore
1087 2225 1229 2307 scriptus
1259 2233 1385 2290 temere

140 2309 395 2381 existimaretur.
435 2308 614 2393 Inscriptio
636 2309 741 2372 libelli
762 2329 831 2371 non
851 2308 891 2370 ab
914 2308 986 2392 ipso
1002 2315 1139 2370 auctore
1152 2307 1382 2394 compositam,

137 2391 197 2462 sed
218 2415 237 2454 a
257 2393 443 2455 recentiore
462 2413 560 2456 manu
580 2392 725 2455 additam
746 2413 832 2467 esse,
854 2389 1026 2453 affirmavit
1045 2390 1217 2453 Fabricius
1238 2393 1272 2454 in
1293 2390 1385 2457 nihl.

136 2475 211 2546 Lat.
243 2475 322 2538 Vol.
355 2478 383 2538 1.
414 2473 556 2560 p.'571.
597 2475 789 2549 Verisimile
817 2483 885 2548 est,
917 2474 1001 2536 bano
1032 2474 1074 2536 de
1106 2474 1245 2557 Origine
1277 2475 1319 2537 G.
1339 2475 1383 2539 11.

82 2571 83 2574 ’
138 2557 505 2631 commentatiunculam
535 2560 718 2632 confectam
750 2579 818 2621 esse
849 2558 890 2620 ab
922 2557 1052 2642 aliquo,
1081 2558 1139 2639 qui
1169 2558 1272 2621 fuerit
1304 2567 1383 2641 post

136 2640 312 2710 Aurelium
330 2643 526 2716 Victorem3
557 2649 656 2726 atque
676 2641 763 2706 idem
784 2642 1006 2726 epitomator,
1039 2643 1238 2726 quicumque
1258 2642 1383 2718 fuerit,

137 2724 292 2805 scripsit,
313 2734 352 2788 ut
371 2727 442 2808 ipse
461 2731 620 2800 testatur,
642 2725 682 2786 de
705 2730 838 2807 Origine
861 2729 972 2786 senta
990 2729 1184 2790 Patarr'noe.
1229 2725 1384 2789 Ceterum

136 2806 269 2881 libellus
299 2808 414 2895 dignus
445 2816 515 2882 est,
548 2808 606 2892 qui
627 2831 645 2869 a
667 2807 838 2880 iuvenibus
857 2806 1017 2870 historiae
1041 2807 1205 2870 Romanae
1225 2806 1383 2871 studiosis

134 2888 285 2974 legatur,
308 2913 408 2976 quum
430 2891 533 2954 multa
554 2891 738 2967 contineat,
762 2912 845 2976 quae
866 2911 906 2952 ex
926 2889 1106 2974 deperditis
1126 2891 1296 2955 historicis
1317 2912 1381 2963 ex-

136 2983 269 3056 cerpta,
291 2975 326 3037 in
345 2974 565 3058 scriptoribus
586 2973 694 3040 adhue
715 2975 916 3037 exstantibus
936 2996 1005 3036 non
1025 2973 1192 3057 leguntur.
1296 3001 1302 3007 ·
1383 3038 1392 3057 .

177 3057 245 3137 Qui
266 3060 416 3142 sequitur
436 3057 567 3120 libellus
587 3057 627 3118 de
648 3062 739 3121 Viris
758 3058 958 3132 tutantur,
982 3058 1101 3137 incipit
1121 3082 1138 3118 a
1159 3059 1277 3133 Proca,
1299 3077 1383 3140 rege

135 3138 363 3219 Albanorum,
396 3151 428 3206 et
454 3142 521 3204 vita
551 3142 702 3224 Pompeii
725 3141 851 3205 finitur.
892 3139 992 3220 Quod
1013 3143 1145 3226 adiungi
1169 3140 1255 3204 solet
1276 3140 1407 3206 addi-v

135 3230 335 3299 tamentum,
356 3225 505 3288 continet
524 3225 606 3286 vitas
627 3224 655 3285 l.
679 3225 845 3300 Caesaris,
868 3223 1028 3307 Augusti,
1050 3224 1215 3300 aliorum,
1238 3225 1383 3309 denique

138 3304 342 3389 Cleopatrae.
365 3309 415 3382 Er
427 3307 524 3382 libris
537 3329 634 3369 manu
649 3308 781 3390 scriptis
796 3309 830 3370 id
844 3308 970 3391 primus
985 3308 1089 3370 edidit
1099 3308 1244 3370 Andreas
1254 3307 1384 3374 Schot-f·

136 3397 201 3451 tus.
246 3391 297 3450 De
316 3389 415 3475 huius
437 3390 570 3474 quoque
589 3389 669 3452 libri
691 3412 769 3454 vero
792 3400 928 3471 auctore
948 3389 1150 3466 dissentitur,
1172 3391 1244 3454 aliis
1265 3391 1380 3471 Plinio

136 3472 206 3544 iun.
229 3471 286 3553 qui
308 3472 342 3533 in
363 3474 486 3558 septem
516 3471 614 3534 codd.
645 3481 763 3547 auctor
782 3475 989 3549 nominatur,
1020 3475 1093 3537 aliis
1116 3477 1215 3538 Corn.
1236 3472 1378 3552 Tacito,

136 3554 209 3625 aliis
239 3556 397 3629 Suetonio
429 3556 646 3638 Tranquillo,
680 3557 752 3619 aliis
781 3559 880 3620 Corn.
901 3558 1023 3640 Nepoti
1045 3564 1119 3621 eum'
1143 3559 1381 3627 tribuentibus.

135 3638 176 3698 In
204 3637 374 3712 nonnullis
399 3638 570 3711 codicibus
600 3639 723 3711 dicitur
750 3662 826 3722 pars
856 3641 953 3722 prior
978 3640 1138 3704 historiae
1169 3639 1381 3707 abbreviatas

135 3720 306 3797 Victoris,
329 3739 426 3802 quem
451 3716 631 3806 propterea
653 3723 829 3809 genuinum
849 3720 918 3786 eius
940 3732 1106 3787 auctorem
1124 3744 1192 3786 esse
1206 3720 1379 3795 Fabricius

136 3814 294 3876 autumat.
335 3806 372 3866 Si
399 3805 456 3887 qui
486 3806 607 3888 Victor
627 3807 797 3888 scripserit
821 3805 861 3867 de
882 3805 974 3868 Viris
996 3805 1201 3879 illustribus,
1223 3808 1306 3887 ¹alius
1325 3798 1381 3872 tal

134 3888 300 3953 men'esse
328 3889 459 3961 videtur
488 3899 586 3972 atque
613 3891 760 3972 scriptor
781 3888 822 3951 de
844 3889 1045 3953 Caesaribus.
1091 3892 1235 3974 Propter
1264 3913 1379 3961 rerum

135 3972 319 4047 ubertatem
340 3981 438 4055 atque
459 3972 653 4047 utilitatem,
676 3993 779 4056 aeque
799 3993 836 4034 ac
866 3983 1007 4055 propter
1038 3975 1223 4038 orationem
1252 3985 1379 4040 rectum

134 4077 330 4140 suavemque
353 4056 514 4118 iuventuti
536 4056 700 4119 studiosae
721 4054 980 4118 commendatur.
1096 4084 1098 4089 ·
1335 4134 1337 4138 Α

175 4140 268 4201 Libri
290 4139 328 4199 de
352 4141 540 4202 Caesaribus
561 4149 727 4200 auctorem
750 4136 784 4203 S.
806 4138 977 4201 Aurelium
998 4134 1171 4204 Victorem
1192 4160 1279 4213 esse,
1301 4160 1379 4204 cer·

132 4222 276 4285 tionibus
306 4225 505 4306 argumentis
536 4220 722 4285 confirmari
744 4229 863 4302 potest.
906 4223 945 4284 ln
968 4243 1007 4285 eo
1030 4219 1180 4285 enimds
1200 4244 1233 4285 se
1254 4244 1379 4309 suaque

133 4313 239 4366 aetate
261 4315 378 4369 auctor
403 4306 473 4389 ipse
495 4304 650 4390 quaedam
680 4313 801 4367 narrat.
846 4313 936 4368 ,Rure
963 4327 998 4367 so
1025 4305 1133 4370 ortum
1153 4311 1303 4392 tenuique
1322 4312 1378 4371 aia·

133 4388 228 4450 docto
245 4400 344 4468 patre
364 4396 510 4450 testatur·
522 4399 594 4460 cap.
614 4389 693 4460 XX,
716 4384 747 4451 5.
771 4397 804 4448 et
825 4410 895 4472 cap.
918 4390 1017 4462 XVI,
1044 4409 1093 4457 rs,
1117 4389 1266 4454 aetutom'
1286 4390 1378 4451 indi-

133 4481 186 4530 cat
208 4471 535 4547 commemorbtibue‘
548 4472 688 4534 &sutelis
713 4471 876 4546 Consulit,
934 4493 1006 4533 uem
1026 4469 1088 4534 858
1113 4495 1147 4557 p.
1174 4474 1376 4536 Cbr.'C0u'÷

132 4554 234 4614 sulam
259 4553 357 4614 inisse
381 4548 627 4614 Fasti-docens.
672 4553 798 4616 Deinde
825 4577 898 4638 cap.
953 4555 1089 4629 XVlll,
1116 4551 1378 4638 aseoniuttuum
