2834 4950
455 245 498 321 1.
517 244 712 323 ΔΝΝΔΕΙ
729 236 889 327 Ι’ΠΛΟΙΙ

355 452 379 477 .-
487 411 514 473 C
534 409 563 473 A
583 411 610 473 Ρ
632 412 665 475 U
687 410 716 473 Τ
757 413 834 475 ΧΠ.

225 544 348 591 satanas
370 545 438 591 cnm
458 546 626 603 aranscss,
655 546 793 591 rsnrscrs
823 548 861 589 aa·
883 542 1101 591 ennarrans.

11 698 36 744 t
96 678 228 742 Assidui
253 699 333 742 vero
361 685 394 740 et
415 680 629 742 anniversarii
651 680 763 743 hostes
784 681 825 743 ab
845 679 981 742 Etruria
1003 682 1129 763 [fame]
1150 678 1270 745 Veien-

53 773 124 826 tes:
155 763 237 826 adeo
269 772 307 825 ut
327 763 624 826 extraordinariam
651 786 782 825 manum
805 764 956 826 adversus
981 785 1037 826 eos
1056 764 1268 846 promiserit,

9 864 35 910 2
55 848 286 932 privatumque
305 847 442 931 gesserit
462 846 585 909 bellum
606 869 683 929 gens
704 869 767 909 una
789 848 980 910 Fabiorum.
1009 847 1096 909 Satis
1110 844 1271 933 superque
1321 894 1324 933 ,

56 932 175 994 idonea
207 930 326 995 clades.
369 929 461 1011 Caesi
483 930 571 1014 apud
593 934 778 994 Cremeram
800 932 963 1005 trecenti,
986 932 1153 1015 patricius
1175 952 1270 995 exer*
1318 939 1324 1017 j

55 1016 161 1078 citus:
185 1023 220 1077 et
237 1013 396 1076 scelerato
419 1014 544 1097 signata
565 1016 717 1088 nomine,
740 1036 824 1098 qaae
845 1012 1092 1096 proficiscentes
1112 1016 1153 1081 in
1173 1030 1272 1099 pree·
1318 1062 1324 1101 ¹

11 1097 137 1161 5lium
157 1107 256 1183 porta
277 1096 414 1159 dimisit.
457 1098 523 1160 Sed
543 1119 582 1160 ea
608 1096 715 1161 elades
743 1099 929 1185 ingentibus
954 1100 1084 1181 expiata
1104 1098 1271 1177 victoriis,
1318 1145 1324 1184 ¹

55 1191 232 1267 postquam
259 1202 324 1264 per
347 1179 430 1241 alios
459 1191 562 1267 atque
587 1181 670 1244 alios
691 1179 789 1244 duces
810 1181 1038 1245 robustissime
1060 1188 1161 1264 capta
1182 1188 1273 1257 susa.

13 1266 207 1348 doppida:
239 1264 333 1325 vario
365 1260 499 1346 quidem
531 1273 659 1327 eventu.
703 1265 822 1327 Falisci
853 1274 970 1349 sponte
1000 1286 1035 1337 se
1064 1263 1273 1329 dediderunt.

59 1349 200 1411 Cremati
226 1368 285 1408 suo
309 1347 384 1431 igne
406 1347 588 1411 Fidenates.
631 1348 733 1432 Rapti
749 1348 898 1411 funditus
920 1346 1085 1431 deletique
1107 1348 1273 1413 Veientes·

15 1427 36 1495 5
57 1432 177 1494 Falisci
198 1453 300 1515 quum
321 1429 575 1505 obsiderentur,
597 1432 680 1493 mira
702 1431 769 1493 visa
791 1440 839 1495 est
860 1432 938 1493 fides
958 1431 1200 1514 Imperatoris,
1220 1452 1275 1495 nse

59 1515 246 1578 immerito:
280 1512 371 1597 quod
400 1512 684 1599 ludimagistrum,
716 1510 808 1577 urbis
841 1514 1071 1599 proditorem,
1108 1536 1188 1579 cum
1217 1513 1275 1593 iis,

16 1598 142 1684 dquos
170 1597 371 1670 adduxerat,
402 1598 541 1679 pueris,
576 1598 721 1660 vinctum
750 1599 818 1663 sibi·
845 1598 934 1661 altro
966 1598 1158 1663 remisisset.
1200 1596 1277 1661 Bau

58 1704 200 1768 namque
220 1682 273 1744 vir
293 1688 423 1742 sanctm
453 1689 489 1743 et
514 1681 642 1763 sapiens
671 1702 783 1745 veram
812 1683 938 1744 sciebat
969 1682 1166 1756 victoriam,
1196 1692 1277 1767 quas

17 1766 145 1856 7salra
167 1765 231 1827 fide
263 1773 296 1826 et
330 1763 457 1847 integra
477 1763 637 1849 dignitate
659 1775 845 1849 pareretur.
888 1764 1050 1839 Fidenae,
1084 1766 1167 1848 quia
1187 1780 1278 1849 parts

60 1871 128 1911 non
156 1855 250 1910 erant
277 1849 390 1919 ferro,
419 1845 460 1907 ad
487 1856 653 1909 terrorem
676 1848 879 1910 movendum·
901 1846 1030 1913 facibus
1059 1857 1233 1927 armatae,
1251 1852 1281 1913 at

61 1930 301 2005 discoloribus,
333 1938 522 2009 serpentum
554 1930 589 1991 in
621 1928 780 2006 modum,
803 1932 916 2006 vittis,
939 1930 1051 1994 furiali
1070 1953 1176 1995 more·
1192 1952 1280 2017 pro-

19 2014 245 2081 teesserant:
267 2012 325 2074 sed
343 2010 476 2075 babitus
497 2012 554 2075 ille
588 2012 700 2075 fesulis
727 2014 907 2077 eversionis
929 2034 1025 2077 omen
1047 2015 1125 2077 luit.
1156 2015 1281 2079 Veien-

60 2099 145 2160 tium
166 2097 276 2177 [Veii]
305 2105 425 2179 quanta
452 2116 504 2157 res
524 2095 648 2170 fuerit,
680 2096 805 2159 indicat
825 2098 976 2160 decennis
998 2098 1146 2161 obsidio.
1190 2098 1283 2163 Tana

61 2183 207 2265 primum
227 2179 408 2241 hiematum·
428 2179 488 2239 snb
510 2177 677 2261 pellibus:
697 2188 805 2242 taxata
825 2179 991 2263 stipendio
1012 2180 1174 2243 hiberna:
1198 2182 1282 2245 ads·-

63 2276 135 2328 ctus
156 2263 249 2325 miles
270 2284 327 2325 sua
348 2270 468 2345 sponte
488 2261 720 2339 iureiurando,
742 2286 804 2341 ns,
826 2269 890 2326 nisi
908 2276 1008 2344 cepta
1028 2265 1129 2339 urbe,
1153 2278 1284 2327 remus

23 2362 126 2438 9ret.
170 2347 284 2430 Spolia
314 2345 356 2407 dc
384 2346 486 2408 barto
517 2345 697 2408 Tolumnio
722 2368 801 2431 rege
832 2347 872 2408 ad
893 2347 1080 2409 Feretrium
1101 2358 1284 2431 reportata.

64 2433 216 2516 Denique
237 2451 304 2491 non
325 2428 431 2503 scalis,
453 2450 515 2490 nee
536 2430 741 2509 irruptione,
763 2430 819 2493 sed
841 2430 994 2492 cuniculo
1018 2442 1050 2495 et
1064 2431 1286 2497 subterraneis

26 2517 156 2579 sodolis
186 2522 358 2597 peractum
390 2512 482 2574 urbis
512 2513 687 2576 excidium.
731 2514 778 2575 Ee
807 2512 949 2597 denique
975 2514 1043 2577 risa
1074 2523 1124 2577 est
1145 2518 1286 2599 praedae

66 2596 275 2682 magnitudo,
297 2596 390 2657 cuius
412 2595 560 2657 decimae
577 2595 734 2680 Apollini
747 2596 870 2679 Pythio
893 2599 1125 2660 mitterentur:
1146 2602 1283 2663 univer·

27 2700 186 2765 aususque
206 2678 351 2763 populus
373 2678 536 2739 Romanus
559 2679 601 2742 ad
622 2679 844 2761 direptionem
866 2681 959 2742 urbis
979 2690 1169 2744 vocaretur.
1215 2684 1284 2747 Hoe

11 2812 14 2817 .
65 2775 146 2827 tuuc
175 2763 330 2825 Veientes
358 2764 472 2824 fuere:
504 2783 590 2827 nune
620 2764 754 2908 pluisse]
786 2765 858 2849 quis
879 2761 1053 2826 meminit?
1094 2788 1183 2851 quae
1202 2765 1287 2830 reli-

68 2849 184 3001 ‹fpuniaet
226 2846 357 2993 qgodve
382 2842 583 2933 vestigium?
648 2847 765 2909 aberat
796 2846 960 2911 annalium
991 2847 1091 2924 fides,
1122 2858 1165 2913 at
1186 2850 1285 2915 Veios

108 2952 171 2996 asse
195 2951 251 2995 cre
275 2951 379 2994 amus.

497 3104 727 3176 CAPUT
767 3108 865 3173 1111.

523 3272 646 3319 malm
667 3274 853 3321 osanam·-

31 3429 53 3475 ,ι
117 3409 270 3472 Hic-sive
290 3407 412 3471 invidia
441 3408 570 3480 Deum,
600 3407 670 3469 sire
688 3407 780 3480 fato,
812 3404 1040 3488 rapidissimus
1060 3408 1288 3489 procurrentis

77 3491 209 3574 imperii
230 3510 343 3552 cursus
363 3513 542 3575 paru-per
563 3488 735 3551 Gallorum
753 3488 922 3553 Senonum
941 3490 1130 3555 incursione
1152 3492 1291 3577 suppri-

37 3597 58 3639 a
77 3577 192 3638 mitur.
235 3574 334 3653 Quod
355 3585 484 3659 tempus
502 3570 630 3657 pspulo
652 3572 800 3634 Romano
822 3573 933 3634 nescio
958 3583 1070 3637 utrum
1091 3576 1188 3641 clade
1206 3580 1295 3641 funs

37 3660 161 3725 bstius
181 3659 302 3734 fuerit,
325 3682 365 3721 an
386 3660 547 3721 virtutum
571 3655 802 3738 experimentis
825 3656 1017 3734 speciosius.
1052 3658 1099 3719 Ea
1120 3670 1214 3725 certe
1234 3658 1293 3721 fua

80 3745 130 3808 vis
157 3743 370 3815 calamitatis,
402 3750 441 3804 ut
470 3742 504 3803 iu
535 3739 794 3819 experimentum
823 3738 948 3802 illatam
975 3750 1088 3825 putem
1114 3742 1292 3815 divinitus,

81 3828 167 3890 scire
186 3825 373 3889 volentibus
396 3823 636 3887 immortalibus
658 3822 755 3897 Diis,
780 3844 822 3883 an
841 3822 987 3887 Romana
1000 3824 1106 3887 virtus
1120 3825 1293 3911 impen'uu

42 3909 177 3990 4orbis
204 3917 398 3971 mereretur.
442 3905 529 3969 Galli
561 3907 726 3980 Senones,
760 3927 838 3989 gens
866 3914 983 3969 natura
1002 3910 1120 3982 ferox,
1150 3908 1296 3975 moribus

84 3991 276 4065 incondita,
298 3990 426 4053 adhoc
448 3990 517 4073 ipsa
537 4010 718 4073 corporum
739 3990 845 4066 mole,
863 3990 1001 4073 perinde
1024 3992 1127 4053 armis
1149 3990 1294 4079 ingenti·

83 4076 166 4148 bus,
189 4073 270 4135 adeo
294 4074 384 4137 omni
405 4094 525 4158 genere
547 4070 708 4137 terribilis
727 4073 811 4148 suit,
840 4082 879 4136 ut
897 4073 995 4157 plane
1016 4082 1092 4137 asta
1117 4075 1160 4137 ad
1182 4074 1294 4141 bomi-

42 4152 163 4220 5num
190 4157 377 4233 interitum,
408 4158 541 4221 urbium
570 4164 733 4237 stragem,
763 4157 943 4221 videretur.
985 4158 1029 4219 Hi
1062 4160 1234 4242 quondam
1258 4156 1293 4219 ab

84 4241 211 4304 ultimis
244 4246 408 4303 terrarum
447 4238 514 4301 oris
559 4246 593 4299 et
635 4239 786 4319 cingente
820 4240 929 4303 omnia
972 4240 1131 4316 Oceano,
1175 4238 1292 4328 ingenti

85 4324 214 4408 agmine
235 4324 400 4400 profecti,
426 4342 527 4405 quum
551 4319 617 4383 iam
640 4322 746 4385 media
767 4332 961 4396 vastassent,
985 4324 1107 4405 positis
1127 4326 1219 4390 inter
1239 4322 1294 4387 Ab·

87 4416 150 4491 pes
172 4416 204 4469 et
227 4405 354 4486 Padum
384 4404 541 4476 sedibus,
573 4426 615 4467 ne
644 4403 697 4467 his
726 4407 857 4490 quidem
886 4408 1050 4481 contenti,
1082 4428 1144 4488 per
1175 4408 1297 4471 Italian

48 4487 299 4574 bragebantur.
344 4490 429 4551 Tum
459 4486 604 4550 (llusium
627 4488 772 4570 [urbem]
795 4490 1007 4575 obsidebant.
1052 4490 1121 4553 Pro
1142 4493 1243 4555 sociis
1261 4508 1294 4551 aa

89 4572 266 4636 foederatis
295 4571 443 4657 populus¹
468 4572 631 4637 Romarm
659 4574 846 4639 intervenit.
888 4574 990 4639 Missi.
1014 4594 1054 4639 ex
1075 4596 1169 4641 more
1190 4570 1295 4664 legati.
