2850 4958
239 298 242 305 ·
312 273 390 350 DE
415 268 545 348 etms
571 267 797 350 ILLUSTR.
831 272 946 351 ΘΑΕ
965 274 1038 353 δι’
1095 258 1098 263 ’
1224 280 1297 357 205

84 438 198 523 petiit.
247 438 376 519 Quibus
404 437 547 523 negatis,
582 435 678 499 ludos
716 435 888 499 Consualia
903 436 1103 504 simularit:
1138 435 1180 501 ad
1214 459 1339 524 quasa

87 546 194 607 quum
215 524 387 607 utriusque
405 542 499 585 sexus
520 518 697 582 multitudo
718 522 878 595 venisset,
901 521 977 583 dato
1000 524 1065 585 suis
1084 521 1200 606 signo,
1223 525 1300 586 vir.

88 610 183 691 gisnes
202 615 315 690 raptae
336 614 421 669 sunt.
457 607 506 670 Ex
527 605 646 687 quibus
667 626 766 688 quum
788 627 850 666 una
864 605 1085 687 pulcherrima
1100 628 1173 668 cnm
1187 627 1302 691 magna

91 692 241 752 omnium
272 690 489 752 admiratione
513 687 709 762 duceretur,
743 686 887 750 Talassio
911 710 980 751 eam
1002 689 1077 751 duci
1098 710 1298 771 responsum.

90 772 185 853 Quae
207 776 343 854 nuptiae
365 773 440 856 quia
462 771 605 834 feliciter
624 780 808 846 cesserant,
831 771 1015 835 institutum
1031 778 1105 846 est,
1128 781 1163 833 ut
1184 772 1342 835 omni-5

88 852 151 919 bus
174 859 296 940 nuptiis
319 857 457 919 Talassii
479 875 598 915 nomen
618 863 811 935 vacaretur.¹
849 855 958 933 Quum
978 856 1112 917 feminas
1133 853 1300 917 finitimo-

90 957 166 1001 rum
186 942 324 1002 Romani
347 941 380 1000 vi
401 939 605 1022 rapuissent,
626 938 727 1021 primi
749 935 959 1001 Caeninenses
979 948 1094 1001 contra
1109 958 1165 1000 eos
1178 938 1300 1000 bellum

90 1034 285 1086 sumserunt.
340 1021 502 1083 Adversus
532 1041 616 1104 quos
649 1020 807 1084 Romulus
840 1023 1024 1104 processit,
1060 1028 1093 1083 et
1120 1021 1340 1100 exercitumd

93 1125 206 1169 eorum
240 1129 276 1168 ac
306 1106 420 1167 ducem
452 1106 617 1166 Aaronem
647 1104 803 1188 singulari
834 1105 964 1187 proelio
997 1104 1133 1167 'devicit
1186 1101 1341 1188 Spoliab

92 1192 202 1273 opima
222 1189 293 1252 Iovi
316 1189 466 1251 Feretrio
489 1189 522 1249 in
544 1186 707 1269 Capitolio
724 1189 937 1264 consecravit.
961 1187 1195 1270 [Antemnates
1213 1190 1300 1251 Cru-

87 1275 246 1348 stumini,
268 1273 460 1348 Fidenates,
483 1271 637 1333 Veientes
650 1273 675 1355 ,]
696 1269 809 1333 Sabini
832 1271 958 1355 [etiam]
982 1272 1025 1333 ob
1046 1280 1155 1354 raptas
1174 1271 1298 1333 bellum

87 1357 244 1420 adversas
274 1356 438 1419 Romanos
467 1362 661 1416 sumserunt.
703 1354 745 1414 Et
773 1377 873 1438 quum
901 1354 1024 1417 Romae
1045 1351 1340 1439 appropinqua-6

79 1449 186 1513 rent,
209 1440 385 1521 Tarpeiam
405 1439 564 1522 virginem
585 1438 690 1512 nacti,
713 1459 795 1521 quae
823 1459 945 1523 aquae,
975 1459 1085 1501 caussa
1109 1459 1299 1513 sacrorum,

69 1516 289 1583 hauriendae
311 1520 543 1592 descenderat,
574 1519 604 1583 ei
626 1520 666 1581 Τ.
693 1520 807 1585 Tatius
829 1520 998 1603 optionem
1019 1521 1161 1581 muneris
1183 1519 1296 1597 dedit,

68 1606 117 1671 ssi
141 1605 319 1666 exercitum
340 1626 434 1668 snum
456 1603 490 1665 in
512 1603 711 1685 Capitolium
729 1601 945 1685 perduxisset.
988 1603 1049 1669 Illa
1069 1604 1184 1687 petiit,
1210 1600 1302 1685 quod

68 1684 138 1755 tlli
162 1688 196 1747 in
216 1687 358 1749 sinistris
380 1686 529 1748 manibus
551 1686 728 1768 gerebant,
758 1684 912 1749 videlicet
932 1684 1068 1751 annulos
1090 1694 1123 1747 et
1143 1687 1298 1750 armillas.

68 1768 215 1850 Quibus
236 1768 351 1833 dolose
372 1769 599 1850 repromissis,
622 1768 760 1831 Sabinos
782 1768 816 1831 in
838 1791 946 1832 urcem
965 1769 1131 1851 perduxit,
1155 1770 1211 1831 ubi
1232 1771 1303 1831 Ta·
1335 1773 1339 1779 ’

68 1854 152 1915 tius
174 1853 273 1919 scutis
292 1875 362 1915 eam
385 1854 483 1916 obrui
504 1852 695 1935 praecepit;
723 1872 797 1912 nam
819 1859 851 1913 ot
872 1874 909 1913 ea
930 1853 964 1917 iu
984 1853 1083 1915 laevis
1102 1852 1295 1915 habuerant.

68 1930 243 2017 Romulus
265 1936 416 2003 adversus
439 1936 589 2009 Tatium,
612 1934 669 2019 qui
692 1943 836 1996 montem
858 1934 1037 2017 Tarpeium
1056 1937 1198 2010 tenebat,
1213 1952 1341 2024 pro-7

68 2021 202 2093 cessit:
235 2027 269 2083 et
289 2020 323 2086 iu
344 2042 384 2083 eo
415 2019 510 2095 loco,
539 2017 596 2080 ubi
619 2040 704 2080 nune
722 2016 904 2082 Romanum
925 2022 1036 2084 forum
1057 2028 1126 2093 est,
1155 2020 1299 2107 pugnam

68 2104 270 2168 conseruit:
295 2103 341 2167 ibi
364 2105 486 2167 Hostus
507 2098 668 2167 Hostilius
689 2100 868 2162 fortissime
890 2101 1046 2165 dimicans
1067 2104 1206 2178 cecidit,
1230 2126 1297 2167 ou-

68 2177 137 2247 ius
159 2187 294 2249 interitu
316 2186 513 2251 consternati
536 2184 673 2251 Romani
695 2185 808 2268 fugere
830 2195 1021 2271 coeperunt.
1055 2187 1149 2250 Tunc
1170 2189 1297 2248 Romu·
1319 2178 1340 2244 8

69 2258 138 2331 lus
157 2270 229 2333 Iovi
251 2268 376 2335 Statori
396 2268 511 2338 aedem
532 2268 644 2343 vovit,
667 2277 701 2329 et
722 2267 881 2329 exercitus
896 2289 952 2333 seu
967 2272 1054 2332 forte
1068 2292 1124 2331 seu
1139 2270 1295 2333 divinitus

69 2353 222 2417 restitit.
268 2352 361 2421 Tunc
381 2361 494 2434 raptas
515 2351 549 2412 in
570 2348 715 2418 medium
734 2361 985 2433 processerunt3
1010 2362 1042 2413 et
1066 2352 1145 2415 binc
1165 2362 1296 2437 patres,
1318 2371 1339 2435 9

69 2425 162 2497 inda
183 2436 337 2522 coniuges
358 2433 574 2519 deprecatae,
596 2453 711 2519 pacem
731 2432 961 2497 conciliarunt.
1004 2435 1160 2498 Romulus
1182 2435 1339 2501 foedusro
1375 2464 1377 2469 ·

69 2520 269 2597 percussit,
302 2528 335 2580 et
363 2517 502 2581 Sabinos
533 2517 568 2583 in
601 2516 716 2583 urbem
738 2518 884 2598 recepit3
916 2514 1113 2598 populuma
1137 2516 1296 2593 Curibus,

69 2603 212 2684 oppido
234 2602 450 2675 Sabinorum,
482 2599 630 2683 Quirites
649 2598 789 2661 vocarit.
833 2600 970 2661 Centum
989 2599 1162 2661 Senatores
1183 2623 1201 2661 a
1221 2601 1341 2683 pie-rt

69 2682 154 2746 [ate
173 2685 289 2748 Patres
311 2682 498 2766 appellavit.
542 2681 624 2749 Tres
655 2682 802 2765 equitum
833 2682 997 2763 centurias
1024 2682 1185 2759 instituit,
1218 2705 1298 2769 quas

69 2782 107 2827 n
128 2788 187 2827 suo
208 2770 339 2831 nomine
358 2767 568 2838 Ramnenses,
592 2786 610 2825 a
631 2763 710 2825 Tita
732 2762 830 2826 Tatio
864 2765 1049 2837 Tutienses,
1071 2789 1090 2826 a
1109 2766 1299 2833 Lucumone

70 2838 227 2911 'luceres
248 2848 435 2932 appellavit.
475 2846 610 2914 Plebem
632 2847 665 2908 in
685 2846 821 2927 triginta
842 2848 951 2913 curias
976 2847 1154 2923 distribuit,
1179 2867 1342 2936 easquers

70 2940 256 3015 :aptarum
276 2931 463 3001 nominibus
485 2925 677 3011 appellavit
718 2930 829 3007 Quum
848 2929 889 2991 ad
914 2930 1037 3012 Caprae
1057 2931 1209 3010 paludem
1231 2929 1337 2998 ex-13

79 3017 229 3080 ercitum
247 3016 414 3087 lustraret,
435 3033 593 3096 nusquam
614 3012 817 3092 comparuit:
843 3011 929 3075 unde
951 3014 1037 3075 inter
1055 3013 1170 3077 Patres
1186 3025 1217 3077 et
1231 3037 1298 3097 po·
1324 3083 1327 3087 ,

81 3100 203 3185 pulum
224 3098 385 3163 seditione
407 3105 499 3170 orta,
523 3094 626 3159 lulius
647 3094 829 3169 Proculus,
850 3096 902 3159 vir
923 3096 1064 3173 nobilis,
1097 3097 1131 3160 in
1153 3099 1300 3160 concio-

82 3202 163 3249 nem
184 3182 367 3265 processit,
391 3188 424 3243 et
445 3177 657 3243 iureiurando
680 3178 840 3253 firmavit,
870 3178 1044 3243 Romulum
1065 3203 1084 3241 a
1103 3203 1137 3243 se
1158 3182 1191 3243 in
1214 3181 1302 3246 colle

85 3265 254 3344 Quirinali
274 3264 380 3329 visum
401 3264 590 3349 augustiore
609 3263 735 3336 forma,
757 3284 857 3347 quum
880 3263 920 3324 ad
941 3266 1028 3327 Deos
1055 3265 1181 3340 abiret,
1207 3285 1296 3328 eun·
1325 3333 1328 3337 ,

83 3348 226 3432 demque
246 3349 457 3434 praecipere,
481 3356 518 3409 ut
536 3342 753 3411 seditionibus
775 3346 995 3419 abstinerent,
1016 3347 1171 3413 virtutem
1194 3349 1294 3413 cole-

83 3440 182 3505 rent·,
210 3433 378 3510 futurum,
400 3439 438 3499 ut
460 3430 605 3495 omnium
627 3428 773 3513 gentium
798 3427 921 3495 domini
945 3431 1145 3494 exsisterent.
1189 3434 1342 3514 Huiusce

82 3515 277 3579 auctoritati
301 3516 463 3580 creditum
486 3521 544 3576 est.
588 3512 692 3577 Amas
714 3512 751 3573 in
772 3510 856 3574 colle
877 3511 1041 3592 Quirinali
1056 3514 1196 3581 Romulo
1212 3540 1297 3584 cou-

82 3597 201 3667 stituta
213 3645 223 3676 ,
248 3599 317 3687 ipsa
336 3620 399 3685 pro
425 3596 496 3667 Deo
522 3596 629 3664 cultus
652 3603 685 3661 et
709 3596 867 3678 Quirinus
893 3604 941 3659 est
963 3597 1154 3683 appellatus.

534 3790 762 3859 CAPUT
802 3791 868 3855 111.

247 3949 368 3996 nnus
395 3948 661 4002 rourrnrcs,
690 3943 967 3989 nonancurte
991 3945 1071 3990 arx
1092 3927 1140 3993 11.

123 4081 206 4146 Post
225 4078 505 4147 consecrationem
529 4074 678 4153 Romuli,
704 4098 805 4164 quum
824 4074 882 4137 diu
908 4078 1131 4164 interregnum
1156 4091 1240 4146 essct
1261 4093 1293 4145 et

78 4164 259 4229 seditiones
281 4166 471 4236 orirentur,
497 4161 602 4227 Numa
624 4162 826 4244 Pompilius,
850 4161 1031 4247 Pomponis
1054 4165 1161 4239 lilius,
1187 4166 1294 4229 Curi-

80 4250 166 4321 bus,
185 4250 324 4333 ·oppida
356 4246 587 4321 Sabinorum,
613 4245 757 4317 accitus,
791 4265 892 4328 quum
922 4242 1146 4308 addicentibus
1177 4250 1311 4313 avibus

78 4332 221 4395 Romam
251 4332 406 4404 venisset,
439 4337 487 4388 ut'
506 4328 666 4411 populum
694 4330 800 4391 lerum
825 4326 987 4410 religione
1008 4330 1176 4401 molliret,
1201 4352 1295 4394 sacra

79 4415 226 4497 plurima
246 4414 397 4476 instituit.
441 4410 564 4473 Aedem
590 4411 710 4472 Vestae
733 4408 835 4483 fecit3
858 4412 1000 4488 virgines
1020 4412 1166 4475 Vestales
1190 4411 1291 4491 legit3

81 4500 246 4561 Flamines
270 4507 357 4570 tres,
381 4494 529 4567 Dialem,
555 4493 753 4567 Martialem,
779 4493 1001 4570 Quirinalem
1025 4495 1151 4572 Salios,
1177 4498 1292 4559 Martis

81 4581 291 4655 secerdotes,
333 4600 476 4664 quorum
507 4580 634 4664 primus
669 4574 805 4641 Praesul
836 4589 997 4656 vocatur,
1031 4580 1102 4643 xit
1128 4581 1312 4652 instituas,
