2850 4958
135 415 453 485 dis-Caesaribusud
477 416 615 489 verbum
636 423 791 500 excerpta
816 416 986 495 continet,
1010 415 1068 483 sed
1089 415 1190 479 multu
1213 418 1322 491 etiam·
1335 439 1377 481 ex

132 500 213 565 uliis'
226 501 469 581 scriptoribus,
489 500 653 571 interdum
673 501 770 573 aliter
789 508 888 584 atque
908 500 942 561 in
962 496 1021 561 illo
1042 499 1130 564 libro
1154 519 1205 561 res
1226 524 1375 563 narran-

132 583 239 660 tibus,
266 583 421 651 delibuta.
445 585 729 668 ,Epitomatorem
745 583 935 646 Theodosio
957 582 1183 666 Imperatore,
1206 585 1299 646 cuius
1322 590 1378 646 fa-

132 665 219 735 tiem
235 674 271 728 et
282 666 432 732 habitum
445 677 608 743 accurate,
625 678 662 731 ut
674 668 765 730 testis
781 668 929 730 oculatus
941 665 1116 750 descripsit
1129 687 1202 751 cap.
1215 667 1373 747 xevflt,

132 747 166 814 8.
186 756 326 813 aetatem
347 751 492 836 degisse,
515 761 653 835 apparet
674 772 714 814 ex
734 751 798 815 fine
816 749 935 814 libelli.

140 882 147 890 .
171 831 209 895 S.
230 831 358 897 Aurelii
382 835 529 905 Victoris
551 835 654 906 editio
675 835 829 919 princeps
851 843 900 899 est
923 834 1013 895 Sixts‘
1030 836 1226 916 Ruesingeri
1243 860 1269 899 s.
1292 834 1317 896 l.
1340 845 1375 899 ct

130 937 162 979 u.
184 916 321 994 (Romae
345 919 435 983 circu
461 940 493 980 a.
519 919 610 1004 1472.
631 917 665 996 4,
685 917 738 981 rel
758 927 795 980 ut
814 917 888 981 eliis
906 914 1053 989 videtur,
1070 915 1220 998 Neapoli
1243 921 1331 983 circa
1353 942 1374 982 a

130 998 240 1144 tells.)
269 998 461 1086 Sequuntur
488 1004 678 1065 Florentino
709 1002 799 1088 1474.
831 1000 864 1066 8.
895 1008 928 1063 et
961 1004 1085 1078 Veneto
1118 999 1208 1063 1501.
1239 1004 1272 1082 4.
1298 1025 1374 1064 cum

39 1124 42 1130 ,
127 1088 236 1163 Psits‘s’
250 1089 332 1166 Epp.
353 1085 478 1151 librum
499 1085 541 1148 de
560 1085 641 1147 viris
662 1085 845 1149 illustribus
868 1085 1049 1148 continens.
1098 1078 1221 1146 Aldina
1245 1087 1274 1150 l.
1307 1088 1374 1149 Ve-

126 1165 227 1230 netiis
250 1165 341 1231 1516.
365 1191 440 1232 cum
459 1166 639 1251 Eutropio,
660 1169 809 1233 Historia
828 1167 975 1234 Miscella
995 1176 1028 1229 et
1048 1164 1220 1230 Suetonio.
1264 1166 1380 1233 Dein-'

127 1247 171 1325 de
199 1251 318 1336 insigni
348 1274 429 1318 curs
458 1253 647 1318 emendatus
675 1254 797 1316 Noster
825 1251 955 1336 prodiit
979 1273 1019 1313 ex
1050 1251 1177 1315 officina
1197 1254 1370 1330 Frobenis‘,

127 1330 245 1403 edente
263 1339 392 1420 St‘gs'rm.
417 1338 570 1413 Galerio,
592 1336 736 1400 Busileae
760 1334 850 1400 1532.
873 1335 933 1399 fol.
956 1358 1031 1399 curu
1051 1335 1215 1419 Eutropio
1235 1348 1268 1399 ct
1281 1339 1370 1403 Hist.

125 1416 223 1485 ttisc.
250 1416 386 1484 Parisiis
407 1443 462 1503 up.
489 1421 575 1485 Rob.
595 1418 788 1503 Stephanum
811 1418 900 1498 ι544.
924 1418 957 1483 8.
997 1421 1110 1483 Novae
1132 1421 1246 1482 aetatis
1266 1423 1370 1505 prin-

123 1518 203 1582 ueps
223 1500 306 1566 Aur.
328 1504 460 1567 Victori
482 1503 587 1566 factus
608 1512 658 1566 est
676 1503 826 1567 Andreas
844 1502 1014 1579 Schottur,
1037 1504 1289 1585 Antverpianus,
1311 1505 1369 1588 qui

124 1579 274 1659 libellum
296 1585 337 1658 de
357 1588 449 1650 Viris
469 1585 518 1649 ill.
541 1588 633 1652 urbis
654 1589 797 1660 Romae,
818 1586 900 1663 falso
920 1586 1078 1650 hactenus
1100 1587 1199 1649 Corn.
1223 1589 1368 1671 Nepoti,

124 1666 178 1730 vel
200 1669 236 1731 C.
258 1671 368 1734 Plinio
392 1669 607 1752 inscriptum,
630 1694 708 1734 vcro
732 1670 860 1732 auctori
882 1669 1028 1732 reddidit
1042 1672 1076 1733 iu
1092 1670 1258 1744 editione,
1285 1694 1369 1754 quac

124 1751 254 1834 prodiit
283 1756 388 1818 Duuci
421 1753 511 1841 1577.
533 1756 569 1834 4.·
597 1777 673 1819 cum
696 1753 793 1817 uotis.
834 1753 927 1815 ldem
947 1754 1073 1834 primus
1095 1752 1200 1814 edidit
1219 1754 1369 1818 libellum

124 1834 167 1898 de
189 1836 329 1922 Origine
348 1839 454 1922 gentis
473 1838 650 1913 Romanae,
673 1836 766 1900 etde
787 1836 977 1899 Caesaribus
999 1845 1032 1899 et
1046 1837 1186 1915 iunioris
1200 1840 1370 1901 cuiusdam

124 1917 272 1984 Victoris
300 1919 472 1996 libellum,
503 1921 561 2006 qui
590 1920 760 2007 Epitome'
776 1919 873 2004 vulgo
906 1928 1065 1994 vocatur,
1098 1943 1172 1996 curn
1194 1922 1312 1985 ceteris
1334 1923 1369 1984 iu

123 2023 226 2065 unum
246 2002 400 2069 volumen
419 2003 603 2070 coniunxit.
645 2005 697 2068 lte
717 2003 845 2087 primus
865 2002 995 2087 integer
1022 2005 1128 2067 editus
1157 2013 1206 2065 cst
1225 2005 1259 2067 S.
1282 2004 1367 2068 Aur.

124 2085 248 2150 Victor
280 2086 480 2172 Antverpiae
507 2086 600 2176 1579.
628 2087 661 2155 8.
685 2108 725 2152 ex
746 2085 801 2150 off.
822 2085 1030 2150 Plautinianu
1049 2110 1125 2150 oum
1146 2089 1234 2150 notis
1260 2091 1366 2151 Andr.

122 2167 257 2232 Sobotti.
300 2172 389 2233 Haec
418 2171 520 2234 editio
548 2182 646 2254 steps
672 2169 816 2254 repetita
846 2177 896 2236 est
916 2171 1157 2256 ret-singulatim
1179 2179 1212 2231 et
1232 2171 1267 2234 in
1287 2172 1369 2234 col-

121 2251 322 2317 lectionibus
345 2255 589 2319 Historicorum
616 2256 840 2318 Romanorum
862 2276 880 2314 a
900 2252 1068 2338 Sylburgio
1090 2264 1124 2316 et
1148 2258 1295 2316 Grutero.
1311 2258 1369 2317 fa-

124 2337 198 2399 ctis.
239 2337 350 2423 Pprro
370 2337 515 2422 plurime
543 2339 642 2402 debet
661 2341 783 2401 Noster
812 2341 863 2399 Io.
877 2339 1066 2401 Amts'enio
1089 2337 1366 2401 l'cto·Amstelod.

124 2421 181 2503 qui
203 2442 277 2483 eum
298 2444 374 2484 cum
393 2421 482 2484 notis
502 2424 655 2503 priorum
676 2423 895 2502 interpretum
917 2428 950 2482 et
971 2421 1177 2484 emendatum
1197 2443 1238 2484 ex
1260 2423 1366 2485 Codd.

87 2549 89 2553 -
124 2503 239 2566 edidit.
282 2503 418 2568 Amstel.
448 2512 482 2568 et
502 2507 595 2579 Trai.
619 2508 689 2567 Bal.
715 2504 805 2592 1753.
828 2504 860 2583 4
891 2503 972 2566 Eius
999 2504 1134 2590 vestigia
1161 2514 1290 2568 secutus
1319 2514 1369 2571 est

108 2590 173 2661 (Io.
196 2589 284 2650 Frid.
310 2595 456 2664 ὄπωπεν,
479 2610 555 2653 cum
575 2587 912 2652 animadversionibus
936 2586 1060 2650 criticis
1092 2598 1190 2671 atque
1218 2589 1371 2652 histori-

123 2669 353 2756 cispCoburgi
377 2667 468 2759 1757.
488 2672 519 2740 8.
542 2673 729 2737 Secundum
750 2674 821 2739 eius
842 2673 1067 2739 recensionem
1081 2672 1185 2734 factae
1206 2673 1370 2736 suntedi-

124 2751 232 2817 tiones
261 2756 472 2838 Erlangenris
504 2756 597 2844 1787.
626 2756 658 2822 8.
692 2778 790 2838 quam
820 2753 982 2817 enimudr.
1015 2756 1144 2818 ornavit
1172 2758 1312 2832 Harles,
1335 2765 1371 2820 et

124 2840 320 2921 Brponts'uu,
345 2838 436 2931 1789.
458 2837 491 2904 8.
508 2844 562 2904 De
584 2841 676 2904 Viris
696 2842 746 2905 ill.
765 2837 916 2903 libellum
932 2837 1065 2902 edidere
1083 2838 1248 2913 Wuchler,
1268 2842 1371 2903 Bem-

124 2922 240 3003 goriue
263 2941 354 3012 1792.
372 2921 408 2987 8.
437 2927 465 2990 Ι.
484 2930 526 2989 Β.
547 2929 674 2999 Friess,
696 2925 838 2987 Altonao
861 2921 952 2999 1804.
975 2921 1008 2986 8.
1037 2929 1066 2985 Ι.
1088 2929 1131 2986 H.
1157 2921 1366 3003 011.1sarby,

123 3004 271 3071 Berolini
313 3005 404 3071 1818.
445 3007 567 3072 Omnes
598 3009 704 3072 libros
737 3005 911 3089 scriptoris
943 3007 1049 3069 nostrl
1080 3007 1229 3069 continet
1260 3006 1369 3085 editio,

124 3090 366 3173 Murburgensis
393 3113 422 3154 c.
443 3092 532 3156 notis
563 3093 712 3167 criticis,
747 3092 838 3178 1817.
862 3089 892 3151 8.
916 3089 1008 3152 ouius
1031 3099 1148 3153 auctor
1169 3098 1296 3154 secutus
1317 3100 1370 3152 est

125 3174 312 3236 Grunerum
333 3183 366 3236 et
385 3175 582 3238 Harlesium.
620 3175 709 3240 Vide
727 3173 874 3237 Seebodii
891 3175 980 3233 Krit.
1003 3173 1089 3234 Bs'bl.
1115 3175 1141 3234 l.
1164 3175 1278 3258 Jabrg.
1304 3175 1368 3240 Bd.

124 3256 171 3320 ll.
193 3256 242 3317 St.
264 3257 295 3334 4.
318 3259 379 3320 Nr.
402 3280 452 3319 ro.
475 3258 633 3322 Hildesh.
651 3258 743 3344 1819.
762 3281 798 3338 p.
840 3255 878 3318 28
900 3277 972 3337 sqq.
1008 3256 1203 3320 Versionem
1227 3260 1370 3321 Germe-

87 3416 89 3421 ?
125 3340 233 3405 nicam
259 3340 361 3401 totius
392 3339 540 3402 Victoris
566 3341 724 3404 habemus
744 3282 985 3412 ffi'ldbbrundis',
1008 3340 1143 3426 Leipzig
1167 3341 1257 3433 1795.
1278 3341 1312 3409 8.
1335 3351 1376 3409 et.

125 3421 258 3488 libellus
278 3421 320 3487 de
342 3421 434 3485 Viris
454 3422 503 3487 ill.
526 3426 740 3488 Germanicus
759 3425 888 3512 prodiit
906 3428 986 3509 Hrff
1001 3426 1092 3513 1789.
1113 3427 1154 3492 8.
1239 3453 1261 3489 ,’

701 3713 764 3886 v

468 3937 546 4016 DE
592 3853 797 4013 SEXTl)
847 3940 1030 4020 RUFO.

126 4163 241 4327 ·De
259 4247 360 4313 Sexto
380 4248 488 4328 Rufo,
511 4274 608 4338 quem
628 4252 684 4316 alii
705 4254 832 4334 Rufum
850 4257 992 4328 Festum,
1014 4250 1071 4314 alii
1092 4254 1222 4317 Festum
1246 4256 1376 4338 Rrffum

128 4336 288 4396 Asnaum
306 4334 491 4418 appellunt,
511 4358 674 4419 perpauca
695 4337 825 4406 scimus.
867 4336 917 4400 Ex
938 4336 1155 4422 inscriptione
1174 4336 1282 4401 libelli
1306 4362 1374 4420 ap-

130 4425 247 4498 paret,
268 4420 351 4481 ‘eum
381 4422 441 4482 sub
472 4420 613 4484 Valente
640 4424 725 4500 lmp-
754 4423 809 4485 ciri
839 4420 1033 4503 opusculum
1065 4420 1251 4499 dedicavit,
1272 4425 1375 4486 vitam

124 4499 237 4580 egisse
256 4509 293 4569 ct·
314 4502 478 4580 Eutropio
507 4503 610 4575 'fuisse
633 4505 813 4590 aequalem.
853 4506 960 4568 Notae
981 4505 1024 4569 V.
1045 4504 1081 4567 C.
1104 4527 1186 4590 quas
1207 4507 1281 4573 Rufi
1301 4518 1376 4569 rto-

131 4583 213 4647 ruiui
232 4588 397 4670 appositas
426 4584 884 4666 inwdedicatioustidemus,
915 4599 974 4657 uut
999 4593 1117 4656 Virum
1141 4594 1376 4672 Camalatrus,
