2834 4950
330 246 335 254 '
432 274 557 351 nisa.
583 276 704 355 nou.
729 276 823 354 am.
850 281 897 356 11.
1240 290 1289 364 ιι

76 442 271 517 facillimum,
293 443 442 541 potentip
463 464 520 505 sua
541 466 717 529 numquam
738 453 795 508 aut
814 466 891 508 raro
905 445 945 508 ad
961 447 1189 529 impotentiam
1202 472 1289 524 usus3

77 546 182 626 paene
203 525 352 589 omnium
372 523 531 588 vitrorum
554 549 689 610 expers,
710 528 774 590 nisi
795 538 1024 591 numeraretur
1039 532 1125 594 inter
1139 535 1290 608 maxima,

79 608 268 673 incivitate
293 608 399 671 libera
426 607 624 695 dominaque
651 612 819 695 gentium,
848 611 1030 695 indignari,
1057 634 1158 695 quum
1180 638 1292 679 omnes

76 693 164 755 cives
184 692 268 756 iure·
281 689 420 755 baberet
441 714 558 774 parea,
581 714 777 778 quemquam
799 695 966 795 aequalem
980 694 1139 779 dignitate
1157 701 1294 783 conspi-

75 797 165 839 cere.
210 774 274 839 llic
293 798 313 837 a
333 784 411 862 toga
431 775 521 839 virili
541 777 693 840 adsuetus
713 777 908 841 commilitio
927 776 1173 861 prudentissimi
1187 783 1293 856 ducis,

73 858 224 945 parentis
243 858 317 933 sui,
344 857 469 923 bonnm
494 869 528 921 ct
549 882 649 943 capax
671 869 761 924 recta
782 861 928 925 discendi
949 863 1115 943 ingenium
1136 864 1295 945 singulari

73 965 190 1006 rerum
212 940 404 1029 militarium
425 943 599 1025 prudentia
620 944 789 1007 coluerat:
812 942 858 1006 ita
879 953 918 1007 ut
937 947 1120 1009 asertorio
1142 949 1295 1013 Metellus

72 1026 271 1091 laudaretur
291 1026 413 1111 magis,
435 1026 614 1111 Pompeius
633 1026 808 1091 timeretur
824 1027 974 1093 v'alidiua.

115 1130 289 1213 (Plurima
308 1128 414 1190 deesse
431 1128 597 1207 evidentur,
627 1152 711 1215 quae
738 1131 777 1194 de
805 1134 950 1197 Sertorio
970 1144 1003 1193 et
1024 1130 1108 1195 dallo
1129 1135 1297 1197 Sertoriu-

72 1236 118 1279 sao
139 1216 308 1295 arrepsisse
327 1224 495 1275 duetorem
513 1216 688 1279 versimile
707 1222 782 1297 est.)

117 1314 225 1376 XXX.
259 1312 346 1375 Tum
376 1312 422 1377 Μ.
454 1313 644 1399 Perperna,
670 1315 862 1381 Praetorius
875 1362 885 1396 ,
913 1316 1169 1403 eprosoriptis,
1192 1317 1298 1402 gentis

77 1394 253 1473 clarioris,
278 1418 377 1482 quam
397 1395 518 1472 animi,
550 1397 733 1462 Sertorium
757 1400 844 1464 iuter
873 1420 1009 1465 coenam
1039 1400 1144 1464 Oscae
1165 1402 1297 1464 iutere-

78 1480 165 1555 mit,
194 1482 414 1565 Romanisque
446 1488 569 1544 certam
596 1480 792 1559 victoriam,
827 1483 979 1567 partibus
1010 1484 1076 1547 suis
1110 1481 1297 1559 excidium,

80 1561 146 1626 sibi
169 1562 390 1649 turpissimam
410 1572 550 1626 mortem
571 1564 712 1650 pessimo
735 1568 920 1630 auctoravit
940 1567 1099 1630 facinore.
1148 1565 1301 1630 Metellus
1320 1610 1323 1615 -

79 1654 116 1709 et
135 1646 313 1749 Pompeius
344 1666 383 1791 ela
414 1644 568 1793 Hisppnis
600 1650 910 1730 triumphaverunt:
942 1648 1207 1751 aedoPompeius
1233 1648 1301 1713 boe

74 1752 222 1879 :titii
235 1740 368 1889 titt,
386 1750 496 1877 {tta
517 1731 1302 1898 trtit‘tlssttt”tetidem,⁶332

74 1920 149 1961 non
168 1898 332 1973 miretur,
360 1916 424 1978 per
442 1904 496 1960 tot
517 1897 778 1962 extraordinaria
800 1897 939 1983 imperia
965 1900 999 1962 in
1020 1920 1177 1961 summam
1198 1898 1301 1962 fasti·
1404 1970 1408 1977 ¹

76 1982 172 2067 'giam
191 1988 345 2055 vectum,
367 1978 414 2044 ini
463 2002 483 2043 o
505 1979 619 2045 tulisse
637 1982 770 2055 animo,
801 1981 836 2044 C.
861 1982 1005 2046 Caesaris
1026 1982 1060 2044 in
1080 1980 1186 2044 altero
1210 1981 1303 2045 Cou-

76 2066 190 2131 sulatu
216 2062 382 2149 petendo,
438 2071 569 2129 enatum
597 2065 824 2151 populumque
846 2066 1028 2129 Romanum
1049 2065 1210 2126 rationem
1232 2063 1302 2126 lna-

78 2142 186 2213 bere?
225 2146 319 2210 Adeo
350 2144 513 2210 familiare
547 2154 595 2209 est
624 2146 841 2224 bominibus,
875 2148 983 2212 omnia
1015 2146 1078 2209 sibi
1111 2146 1301 2231 ignoscere,

77 2229 168 2297 nibil
188 2230 262 2297 aliis
281 2228 452 2294 remittere
482 2238 514 2292 et
537 2229 693 2293 invidiam
713 2254 827 2295 rerum
845 2254 913 2294 nou
934 2232 975 2293 ad
996 2250 1162 2303 caussam,
1185 2230 1241 2291 sed
1260 2231 1302 2293 ad

77 2316 284 2379 'voluntatem
305 2334 526 2398 personasque
547 2312 702 2399 dirigere.
744 2316 819 2377 Hoc
842 2314 1017 2379 Consulatu
1032 2312 1304 2395 PompeinsTri-

76 2398 245 2463 bonitium
279 2402 477 2483 potestatem
515 2396 683 2474 restituit,
722 2400 815 2461 euius
846 2397 936 2461 Sulla
968 2395 1143 2483 imaginem
1176 2396 1246 2461 siue
1266 2418 1306 2459 re

77 2482 245 2567 [inanem]
269 2480 460 2567 reliquerat.

122 2588 213 2647 Dum
234 2582 461 2647 Sertorianum
482 2581 605 2646 beilum
628 2580 662 2646 iu
683 2583 840 2663 Hispania
869 2582 1016 2666 geritur,
1043 2578 1150 2643 LXIV
1171 2579 1304 2665 fugitivi

82 2690 103 2729 e
123 2667 207 2731 ludo
238 2666 437 2751 gladiatorio
466 2666 576 2749 Capua
630 2667 853 2750 rofugientes,
887 2666 970 2728 duce
995 2664 1179 2747 Spartaco,
1201 2665 1306 2749 raptis

84 2766 132 2811 ex·
150 2772 188 2813 ea
206 2754 289 2815 urbe
310 2748 438 2834 gladiis,
460 2751 568 2823 primo
624 2754 771 2814 esurium
790 2757 937 2812 montem
955 2750 1103 2832 patiere,
1125 2766 1203 2809 mox
1230 2766 1308 2809 ere-

88 2842 201 2895 sceute
220 2832 254 2899 iu
274 2832 343 2897 dies
377 2831 611 2909 multitudine,
643 2833 796 2919 gravibus
827 2831 992 2914 variisque
1022 2831 1150 2894 casibus
1171 2827 1307 2891 affecere

84 2914 231 2979 Italiam.
270 2918 420 2999 Quorum
441 2938 596 2978 numerus
618 2916 652 2978 in
673 2924 799 2977 tautum
823 2914 988 2989 adolevit,
1018 2923 1080 2989 ut,
1102 2934 1164 2998 qua
1187 2910 1306 2973 ultimo

83 2999 286 3065 dimicavere
310 3000 402 3075 acie,
424 3000 482 3060 XL
503 2999 608 3062 millia
633 2998 806 3060 bominum
827 3016 862 3059 ae
882 2998 1028 3058 Romano
1052 2993 1212 3057 exercitui
1235 3012 1306 3075 op-

82 3086 273 3167 posuerint.
312 3083 419 3146 liuius
448 3082 571 3169 patrati
599 3080 706 3165 gloria
736 3100 837 3164 penes
862 3081 909 3141 Μ.
942 3081 1092 3143 Crassum
1117 3075 1202 3148 tuit,
1230 3095 1310 3137 mox

80 3168 300 3251 Reipublicae
321 3168 469 3231 omnium
494 3166 694 3251 principem.

84 3272 87 3279 '
127 3270 267 3333 ΠΗ
283 3268 499 3332 Converterat
520 3266 579 3329 Cn.
601 3263 753 3348 Pompeii
784 3283 925 3347 persona
955 3268 1063 3324 totum
1085 3261 1117 3324 iu
1140 3280 1174 3322 se
1193 3270 1310 3323 terra-

83 3374 164 3417 rum
184 3350 322 3425 orbem,
352 3360 386 3415 et
413 3373 475 3437 per
505 3348 614 3413 omnia
643 3348 770 3411 maiore
796 3348 829 3408 vi
860 3344 1056 3406 habebatur.
1111 3344 1176 3423 Qui
1208 3364 1311 3429 quum

86 3432 214 3499 Consul
238 3454 398 3520 perquam
426 3432 638 3499 laudabiliter
668 3430 822 3504 iurasset,
849 3450 883 3490 se
904 3428 938 3489 i'u
958 3426 1081 3490 nuliam
1103 3427 1312 3511 provinciam

85 3520 134 3581 'ex
152 3538 192 3581 eo
223 3538 275 3579 aaa
312 3526 416 3582 stratu
448 3519 595 3591 iturum,
628 3513 727 3599 idque
757 3519 933 3577 servasset:
963 3521 1041 3595 post
1070 3510 1242 3573 biennium
1269 3509 1310 3573 A.

89 3598 250 3666 Gabinius
301 3601 437 3665 ribunus
455 3600 564 3701 legem
583 3597 672 3675 tulit,
694 3605 743 3673 ut,
758 3618 860 3681 quum
880 3592 961 3657 belli
974 3612 1080 3665 more,
1096 3615 1162 3654 non
1178 3593 1314 3656 latroci-

88 3682 248 3761 niorum,
269 3683 385 3749 orbem
405 3684 584 3755 classibus,
606 3679 672 3742 iam
691 3680 759 3743 ¹uon
780 3678 912 3742 furtivis
938 3674 1222 3760 expeditionibus,
1249 3676 1312 3757 pi-

85 3774 184 3833 rana
212 3774 397 3843 terrerent,
429 3766 649 3853 quasdamque
679 3764 778 3825 etiam
808 3761 924 3824 ltaliae
947 3762 1046 3825 urbes
1073 3755 1306 3841 diripuissent,

60 3912 64 3917 .
86 3852 151 3917 Cu.
174 3850 355 3935 Pompeius
376 3849 418 3911 ad
438 3872 495 3913 eos
517 3846 752 3994 opprimendos
778 3844 984 3917 mitteretur3
1015 3850 1163 3923 essetque
1185 3839 1215 3901 ei
1237 3838 1308 3901 im-

84 3936 222 4025 perium
244 3932 440 4021 aequumin
462 3953 550 3995 omni
575 3953 612 3994 us
626 3930 807 4009 provinciis
822 3948 897 3989 cum
911 3923 1184 3997 Proconsulibus,
1205 3942 1243 3983 ns
1268 3946 1309 3986 ue

89 4018 133 4083 ld
166 4018 474 4107 quinquagesimum
504 4014 695 4078 milliarium
717 4035 734 4073 a
757 4012 851 4077 mari.
905 4010 982 4089 Quo
1019 3945 1309 4071 Senatuaconnllto

112 4096 199 4166 'aene
228 4102 333 4165 totius
364 4109 529 4165 terrarum
561 4098 653 4162 orbis
682 4095 860 4177 imperium
889 4093 947 4155 uni
985 4092 1057 4155 viro
1088 4088 1311 4154 deferebatur.

92 4122 161 4249 §ed
179 4194 289 4249 tamen
313 4184 400 4249 idem
420 4183 487 4246 boc
509 4184 584 4244 aute'
603 4179 773 4245 biennium
792 4175 828 4240 in
848 4176 895 4239 Μ.
909 4172 1055 4238 Antonio
1076 4170 1237 4238 Praetore
1251 4170 1312 4231 de-

89 4274 226 4350 cretum
249 4275 335 4333 erat.
374 4262 440 4332 ¹Sed
471 4265 637 4329 interdum
666 4283 831 4347 persona,
864 4269 902 4323 nt
931 4256 1081 4343 exemplo
1112 4263 1232 4329 nocet,
1264 4254 1311 4316 ita

89 4348 268 4417 inuidiam
283 4360 464 4441 augetaut
481 4350 579 4414 levat.
623 4348 662 4411 Id
682 4345 717 4409 in
738 4340 1055 4431 Antonioflbcminea
1067 4360 1180 4425 -aequo
1202 4336 1311 4405 auimo

90 4438 181 4523 passi
204 4444 320 4500 mant:
343 4432 421 4499 ra'ro
444 4434 530 4498 euim
552 4430 719 4495 inridetur
741 4448 855 4491 eorum
875 4422 1074 4499 bonoribus,
1098 4442 1238 4509 quorum
1264 4419 1313 4483 vis

92 4534 164 4587 nou
185 4519 334 4584 timetur.
380 4520 502 4595 ¹Contra
523 4516 558 4579 in
579 4510 619 4577 iia
640 4512 790 4575 homines
809 4504 1069 4573 extraordinaria
1084 4502 1321 4573 reformidant,

96 4606 153 4687 qui
177 4626 216 4667 en
248 4620 309 4665 suo
334 4602 475 4666 arbitrio
509 4608 565 4663 aut
595 4594 780 4681 deposituri
811 4590 870 4658 aut
896 4590 1068 4659 retenturi
1094 4586 1258 4650 *tamtan
1276 4628 1287 4653 ,
1306 4588 1345 4638 et

809 4682 832 4760 4
886 4719 890 4728 ,
