<?xml version="1.0" encoding="UTF-8"?>
<!DOCTYPE html PUBLIC "-//W3C//DTD XHTML 1.0 Transitional//EN"
    "http://www.w3.org/TR/xhtml1/DTD/xhtml1-transitional.dtd">
<html xmlns="http://www.w3.org/1999/xhtml" xml:lang="en" lang="en">
 <head>
  <title>
</title>
<meta http-equiv="Content-Type" content="text/html;charset=utf-8" />
  <meta name='ocr-system' content='tesseract 3.04.00' />
  <meta name='ocr-capabilities' content='ocr_page ocr_carea ocr_par ocr_line ocrx_word'/>
</head>
<body>
  <div class='ocr_page' id='page_1' title='image "./scriptoreshisto00fiedgoog_0114.png"; bbox 0 0 2850 4958; ppageno 0'>
   <div class='ocr_carea' id='block_1_1' title="bbox 328 238 1302 359">
    <p class='ocr_par' dir='ltr' id='par_1_1' title="bbox 328 238 1302 359">
     <span class='ocr_line' id='line_1_1' title="bbox 328 238 1302 359; baseline 0.005 -7"><span class='ocrx_word' id='word_1_1' title='bbox 328 238 332 243; x_wconf 65' lang='grc'><strong>’</strong></span> <span class='ocrx_word' id='word_1_2' title='bbox 444 266 922 359; x_wconf 79' lang='lat' dir='ltr'><strong>=ma.1.cse.xv1n.</strong></span> <span class='ocrx_word' id='word_1_3' title='bbox 1253 268 1302 357; x_wconf 72' lang='lat' dir='ltr'><strong>st</strong></span> 
     </span>
    </p>
   </div>
   <div class='ocr_carea' id='block_1_2' title="bbox 82 439 1354 1112">
    <p class='ocr_par' dir='ltr' id='par_1_2' title="bbox 82 439 1354 1112">
     <span class='ocr_line' id='line_1_2' title="bbox 82 439 1352 528; baseline 0.001 -20"><span class='ocrx_word' id='word_1_4' title='bbox 82 445 196 508; x_wconf 81' lang='lat' dir='ltr'><strong>versia</strong></span> <span class='ocrx_word' id='word_1_5' title='bbox 223 439 443 506; x_wconf 88' lang='lat' dir='ltr'><strong>tradiderunt.</strong></span> <span class='ocrx_word' id='word_1_6' title='bbox 485 444 554 505; x_wconf 86' lang='lat' dir='ltr'><strong>Nec</strong></span> <span class='ocrx_word' id='word_1_7' title='bbox 575 463 654 505; x_wconf 83' lang='lat' dir='ltr'><strong>vcro</strong></span> <span class='ocrx_word' id='word_1_8' title='bbox 677 451 802 504; x_wconf 83' lang='lat' dir='ltr'><strong>tantum</strong></span> <span class='ocrx_word' id='word_1_9' title='bbox 824 444 944 517; x_wconf 90' lang='lat' dir='ltr'><strong>armis,</strong></span> <span class='ocrx_word' id='word_1_10' title='bbox 975 453 1007 506; x_wconf 91' lang='lat' dir='ltr'><strong>et</strong></span> <span class='ocrx_word' id='word_1_11' title='bbox 1028 446 1061 507; x_wconf 92' lang='lat' dir='ltr'><strong>in</strong></span> <span class='ocrx_word' id='word_1_12' title='bbox 1083 450 1224 528; x_wconf 88' lang='lat' dir='ltr'><strong>campis,</strong></span> <span class='ocrx_word' id='word_1_13' title='bbox 1253 447 1352 526; x_wconf 82' lang='lat' dir='ltr'><strong>s&#39;cdr4</strong></span> 
     </span>
     <span class='ocr_line' id='line_1_3' title="bbox 87 525 1308 612; baseline 0.001 -21"><span class='ocrx_word' id='word_1_14' title='bbox 87 528 240 591; x_wconf 81' lang='lat' dir='ltr'><strong>consiliis</strong></span> <span class='ocrx_word' id='word_1_15' title='bbox 264 525 397 612; x_wconf 86' lang='lat' dir='ltr'><strong>quoque</strong></span> <span class='ocrx_word' id='word_1_16' title='bbox 419 537 451 589; x_wconf 90' lang='lat' dir='ltr'><strong>et</strong></span> <span class='ocrx_word' id='word_1_17' title='bbox 472 526 562 589; x_wconf 89' lang='lat' dir='ltr'><strong>domi</strong></span> <span class='ocrx_word' id='word_1_18' title='bbox 592 528 677 589; x_wconf 84' lang='lat' dir='ltr'><strong>intra</strong></span> <span class='ocrx_word' id='word_1_19' title='bbox 700 528 825 589; x_wconf 79' lang='lat' dir='ltr'><strong>Urbem</strong></span> <span class='ocrx_word' id='word_1_20' title='bbox 850 548 924 588; x_wconf 90' lang='lat' dir='ltr'><strong>cum</strong></span> <span class='ocrx_word' id='word_1_21' title='bbox 946 549 1023 612; x_wconf 82' lang='lat' dir='ltr'><strong>rege</strong></span> <span class='ocrx_word' id='word_1_22' title='bbox 1044 529 1176 611; x_wconf 82' lang='lat' dir='ltr'><strong>Pyrrho</strong></span> <span class='ocrx_word' id='word_1_23' title='bbox 1202 530 1308 592; x_wconf 87' lang='lat' dir='ltr'><strong>dimi-</strong></span> 
     </span>
     <span class='ocr_line' id='line_1_4' title="bbox 88 610 1308 695; baseline 0.002 -21"><span class='ocrx_word' id='word_1_24' title='bbox 88 624 201 674; x_wconf 86' lang='lat' dir='ltr'><strong>catum</strong></span> <span class='ocrx_word' id='word_1_25' title='bbox 224 621 283 673; x_wconf 92' lang='lat' dir='ltr'><strong>est.</strong></span> <span class='ocrx_word' id='word_1_26' title='bbox 326 611 459 695; x_wconf 85' lang='lat' dir='ltr'><strong>Quippe</strong></span> <span class='ocrx_word' id='word_1_27' title='bbox 477 619 555 694; x_wconf 92' lang='lat' dir='ltr'><strong>post</strong></span> <span class='ocrx_word' id='word_1_28' title='bbox 575 613 716 692; x_wconf 83' lang='lat' dir='ltr'><strong>primam</strong></span> <span class='ocrx_word' id='word_1_29' title='bbox 737 610 910 671; x_wconf 80' lang='lat' dir='ltr'><strong>victoriam</strong></span> <span class='ocrx_word' id='word_1_30' title='bbox 932 633 988 674; x_wconf 85' lang='lat' dir='ltr'><strong>rex</strong></span> <span class='ocrx_word' id='word_1_31' title='bbox 1011 612 1169 687; x_wconf 89' lang='lat' dir='ltr'><strong>callidus,</strong></span> <span class='ocrx_word' id='word_1_32' title='bbox 1201 614 1308 679; x_wconf 83' lang='lat' dir='ltr'><strong>intel-</strong></span> 
     </span>
     <span class='ocr_line' id='line_1_5' title="bbox 87 694 1339 781; baseline 0 -22"><span class='ocrx_word' id='word_1_33' title='bbox 87 694 177 759; x_wconf 85' lang='lat' dir='ltr'><strong>lecta</strong></span> <span class='ocrx_word' id='word_1_34' title='bbox 207 696 331 758; x_wconf 82' lang='lat' dir='ltr'><strong>virtute</strong></span> <span class='ocrx_word' id='word_1_35' title='bbox 357 694 524 769; x_wconf 84' lang='lat' dir='ltr'><strong>ltomana,</strong></span> <span class='ocrx_word' id='word_1_36' title='bbox 556 697 667 775; x_wconf 87' lang='lat' dir='ltr'><strong>statim</strong></span> <span class='ocrx_word' id='word_1_37' title='bbox 688 694 873 777; x_wconf 78' lang='lat' dir='ltr'><strong>desperavit</strong></span> <span class='ocrx_word' id='word_1_38' title='bbox 892 695 1009 770; x_wconf 89' lang='lat' dir='ltr'><strong>armis,</strong></span> <span class='ocrx_word' id='word_1_39' title='bbox 1031 717 1132 781; x_wconf 87' lang='lat' dir='ltr'><strong>seque</strong></span> <span class='ocrx_word' id='word_1_40' title='bbox 1152 696 1194 759; x_wconf 86' lang='lat' dir='ltr'><strong>ad</strong></span> <span class='ocrx_word' id='word_1_41' title='bbox 1214 696 1310 760; x_wconf 88' lang='lat' dir='ltr'><strong>dolos</strong></span> <span class='ocrx_word' id='word_1_42' title='bbox 1335 700 1339 705; x_wconf 81' lang='grc'><strong>’</strong></span> 
     </span>
     <span class='ocr_line' id='line_1_6' title="bbox 87 776 1352 867; baseline -0.001 -24"><span class='ocrx_word' id='word_1_43' title='bbox 87 778 248 843; x_wconf 83' lang='lat' dir='ltr'><strong>eontulit.</strong></span> <span class='ocrx_word' id='word_1_44' title='bbox 289 779 373 843; x_wconf 85' lang='lat' dir='ltr'><strong>Nem</strong></span> <span class='ocrx_word' id='word_1_45' title='bbox 407 779 623 861; x_wconf 88' lang='lat' dir='ltr'><strong>interemptos</strong></span> <span class='ocrx_word' id='word_1_46' title='bbox 653 777 831 853; x_wconf 84' lang='lat' dir='ltr'><strong>cremavit,</strong></span> <span class='ocrx_word' id='word_1_47' title='bbox 862 779 1074 863; x_wconf 83' lang='lat' dir='ltr'><strong>captivosque</strong></span> <span class='ocrx_word' id='word_1_48' title='bbox 1105 776 1352 867; x_wconf 72' lang='lat' dir='ltr'><strong>indulgenterrb</strong></span> 
     </span>
     <span class='ocr_line' id='line_1_7' title="bbox 87 860 1313 948; baseline 0.001 -23"><span class='ocrx_word' id='word_1_49' title='bbox 87 862 234 936; x_wconf 88' lang='lat' dir='ltr'><strong>habuit,</strong></span> <span class='ocrx_word' id='word_1_50' title='bbox 264 870 296 924; x_wconf 87' lang='lat' dir='ltr'><strong>et</strong></span> <span class='ocrx_word' id='word_1_51' title='bbox 322 864 393 924; x_wconf 90' lang='lat' dir='ltr'><strong>sine</strong></span> <span class='ocrx_word' id='word_1_52' title='bbox 413 861 524 944; x_wconf 90' lang='lat' dir='ltr'><strong>pretio</strong></span> <span class='ocrx_word' id='word_1_53' title='bbox 553 861 719 939; x_wconf 81' lang='lat' dir='ltr'><strong>restituit3</strong></span> <span class='ocrx_word' id='word_1_54' title='bbox 752 860 933 946; x_wconf 88' lang='lat' dir='ltr'><strong>missusque</strong></span> <span class='ocrx_word' id='word_1_55' title='bbox 954 862 1031 925; x_wconf 86' lang='lat' dir='ltr'><strong>dein</strong></span> <span class='ocrx_word' id='word_1_56' title='bbox 1051 863 1166 948; x_wconf 79' lang='lat' dir='ltr'><strong>legatis</strong></span> <span class='ocrx_word' id='word_1_57' title='bbox 1188 866 1221 926; x_wconf 91' lang='lat' dir='ltr'><strong>in</strong></span> <span class='ocrx_word' id='word_1_58' title='bbox 1240 864 1313 926; x_wconf 90' lang='lat' dir='ltr'><strong>Ur-</strong></span> 
     </span>
     <span class='ocr_line' id='line_1_8' title="bbox 85 944 1311 1021; baseline 0 -12"><span class='ocrx_word' id='word_1_59' title='bbox 85 946 188 1021; x_wconf 87' lang='lat' dir='ltr'><strong>bem,</strong></span> <span class='ocrx_word' id='word_1_60' title='bbox 222 946 314 1007; x_wconf 89' lang='lat' dir='ltr'><strong>omni</strong></span> <span class='ocrx_word' id='word_1_61' title='bbox 346 946 447 1008; x_wconf 88' lang='lat' dir='ltr'><strong>modo</strong></span> <span class='ocrx_word' id='word_1_62' title='bbox 479 944 614 1008; x_wconf 77' lang='lat' dir='ltr'>annixus</span> <span class='ocrx_word' id='word_1_63' title='bbox 648 953 717 1018; x_wconf 86' lang='lat' dir='ltr'><strong>est,</strong></span> <span class='ocrx_word' id='word_1_64' title='bbox 740 952 787 1006; x_wconf 85' lang='lat' dir='ltr'><strong>¹ut</strong></span> <span class='ocrx_word' id='word_1_65' title='bbox 818 945 853 1006; x_wconf 90' lang='lat' dir='ltr'><strong>in</strong></span> <span class='ocrx_word' id='word_1_66' title='bbox 883 946 1060 1007; x_wconf 75' lang='lat' dir='ltr'><strong>amicitiam</strong></span> <span class='ocrx_word' id='word_1_67' title='bbox 1096 948 1162 1009; x_wconf 90' lang='lat' dir='ltr'><strong>reci</strong></span> <span class='ocrx_word' id='word_1_68' title='bbox 1190 955 1311 1021; x_wconf 72' lang='lat' dir='ltr'><strong>eretur,</strong></span> 
     </span>
     <span class='ocr_line' id='line_1_9' title="bbox 88 969 1354 1112; baseline -0.001 -20"><span class='ocrx_word' id='word_1_69' title='bbox 88 1030 159 1092; x_wconf 91' lang='lat' dir='ltr'><strong>Sed</strong></span> <span class='ocrx_word' id='word_1_70' title='bbox 190 1028 346 1090; x_wconf 88' lang='lat' dir='ltr'><strong>bello.et</strong></span> <span class='ocrx_word' id='word_1_71' title='bbox 376 1050 479 1112; x_wconf 87' lang='lat' dir='ltr'><strong>pace,</strong></span> <span class='ocrx_word' id='word_1_72' title='bbox 512 1030 593 1091; x_wconf 89' lang='lat' dir='ltr'><strong>furis</strong></span> <span class='ocrx_word' id='word_1_73' title='bbox 624 1037 656 1090; x_wconf 87' lang='lat' dir='ltr'><strong>et</strong></span> <span class='ocrx_word' id='word_1_74' title='bbox 683 1028 792 1102; x_wconf 86' lang='lat' dir='ltr'><strong>domi,</strong></span> <span class='ocrx_word' id='word_1_75' title='bbox 815 1042 942 1090; x_wconf 86' lang='lat' dir='ltr'><strong>omnem</strong></span> <span class='ocrx_word' id='word_1_76' title='bbox 965 1030 999 1091; x_wconf 89' lang='lat' dir='ltr'><strong>in</strong></span> <span class='ocrx_word' id='word_1_77' title='bbox 1018 1039 1147 1112; x_wconf 84' lang='lat' dir='ltr'><strong>partem</strong></span> <span class='ocrx_word' id='word_1_78' title='bbox 1165 969 1354 1093; x_wconf 80' lang='lat' dir='ltr'><strong>llomanarii</strong></span> 
     </span>
    </p>
   </div>
   <div class='ocr_carea' id='block_1_3' title="bbox 88 1110 1357 1369">
    <p class='ocr_par' dir='ltr' id='par_1_3' title="bbox 88 1110 1357 1369">
     <span class='ocr_line' id='line_1_10' title="bbox 88 1110 1311 1196; baseline -0.002 -19"><span class='ocrx_word' id='word_1_79' title='bbox 88 1114 201 1177; x_wconf 74' lang='lat' dir='ltr'><strong>virtus</strong></span> <span class='ocrx_word' id='word_1_80' title='bbox 222 1121 292 1174; x_wconf 88' lang='lat' dir='ltr'><strong>tum</strong></span> <span class='ocrx_word' id='word_1_81' title='bbox 315 1134 348 1174; x_wconf 91' lang='lat' dir='ltr'><strong>se</strong></span> <span class='ocrx_word' id='word_1_82' title='bbox 370 1113 584 1196; x_wconf 79' lang='lat' dir='ltr'><strong>approbavit:</strong></span> <span class='ocrx_word' id='word_1_83' title='bbox 614 1133 675 1174; x_wconf 86' lang='lat' dir='ltr'><strong>nee</strong></span> <span class='ocrx_word' id='word_1_84' title='bbox 702 1110 766 1172; x_wconf 89' lang='lat' dir='ltr'><strong>alia</strong></span> <span class='ocrx_word' id='word_1_85' title='bbox 787 1112 909 1196; x_wconf 83' lang='lat' dir='ltr'><strong>magis,</strong></span> <span class='ocrx_word' id='word_1_86' title='bbox 938 1135 1036 1196; x_wconf 91' lang='lat' dir='ltr'><strong>quam</strong></span> <span class='ocrx_word' id='word_1_87' title='bbox 1057 1114 1235 1176; x_wconf 78' lang='lat' dir='ltr'><strong>Tarentina</strong></span> <span class='ocrx_word' id='word_1_88' title='bbox 1256 1115 1311 1177; x_wconf 81' lang='lat' dir='ltr'><strong>vi-</strong></span> 
     </span>
     <span class='ocr_line' id='line_1_11' title="bbox 91 1193 1312 1282; baseline -0.002 -22"><span class='ocrx_word' id='word_1_89' title='bbox 91 1197 205 1261; x_wconf 84' lang='lat' dir='ltr'><strong>ctoria</strong></span> <span class='ocrx_word' id='word_1_90' title='bbox 218 1241 227 1270; x_wconf 94' lang='lat'><strong>,</strong></span> <span class='ocrx_word' id='word_1_91' title='bbox 261 1195 406 1257; x_wconf 88' lang='lat' dir='ltr'><strong>ostendit</strong></span> <span class='ocrx_word' id='word_1_92' title='bbox 434 1193 551 1279; x_wconf 90' lang='lat' dir='ltr'><strong>populi</strong></span> <span class='ocrx_word' id='word_1_93' title='bbox 583 1195 721 1257; x_wconf 88' lang='lat' dir='ltr'><strong>Romani</strong></span> <span class='ocrx_word' id='word_1_94' title='bbox 743 1195 995 1270; x_wconf 87' lang='lat' dir='ltr'><strong>fortitudinem,</strong></span> <span class='ocrx_word' id='word_1_95' title='bbox 1018 1197 1153 1260; x_wconf 87' lang='lat' dir='ltr'><strong>Senatus</strong></span> <span class='ocrx_word' id='word_1_96' title='bbox 1175 1199 1312 1282; x_wconf 86' lang='lat' dir='ltr'><strong>sapien-</strong></span> 
     </span>
     <span class='ocr_line' id='line_1_12' title="bbox 93 1276 1357 1369; baseline -0.002 -26"><span class='ocrx_word' id='word_1_97' title='bbox 93 1282 201 1354; x_wconf 88' lang='lat' dir='ltr'><strong>tiam,</strong></span> <span class='ocrx_word' id='word_1_98' title='bbox 232 1276 351 1340; x_wconf 90' lang='lat' dir='ltr'><strong>ducum</strong></span> <span class='ocrx_word' id='word_1_99' title='bbox 379 1280 689 1363; x_wconf 78' lang='lat' dir='ltr'><strong>magnanimitatem.</strong></span> <span class='ocrx_word' id='word_1_100' title='bbox 733 1279 875 1356; x_wconf 87' lang='lat' dir='ltr'><strong>Quinam</strong></span> <span class='ocrx_word' id='word_1_101' title='bbox 903 1278 950 1341; x_wconf 90' lang='lat' dir='ltr'><strong>illi</strong></span> <span class='ocrx_word' id='word_1_102' title='bbox 973 1282 1106 1342; x_wconf 87' lang='lat' dir='ltr'><strong>fuerunt</strong></span> <span class='ocrx_word' id='word_1_103' title='bbox 1127 1283 1208 1357; x_wconf 80' lang='lat' dir='ltr'><strong>viri,</strong></span> <span class='ocrx_word' id='word_1_104' title='bbox 1232 1302 1357 1369; x_wconf 66' lang='lat' dir='ltr'><strong>quamq</strong></span> 
     </span>
    </p>
   </div>
   <div class='ocr_carea' id='block_1_4' title="bbox 92 1358 1411 4697">
    <p class='ocr_par' dir='ltr' id='par_1_4' title="bbox 92 1358 1411 4697">
     <span class='ocr_line' id='line_1_13' title="bbox 93 1358 1313 1445; baseline -0.002 -18"><span class='ocrx_word' id='word_1_105' title='bbox 93 1364 139 1427; x_wconf 81' lang='lat' dir='ltr'><strong>ah</strong></span> <span class='ocrx_word' id='word_1_106' title='bbox 162 1362 345 1443; x_wconf 85' lang='lat' dir='ltr'><strong>elephantis</strong></span> <span class='ocrx_word' id='word_1_107' title='bbox 363 1363 475 1445; x_wconf 89' lang='lat' dir='ltr'><strong>primo</strong></span> <span class='ocrx_word' id='word_1_108' title='bbox 496 1364 628 1443; x_wconf 91' lang='lat' dir='ltr'><strong>proelio</strong></span> <span class='ocrx_word' id='word_1_109' title='bbox 651 1361 794 1423; x_wconf 87' lang='lat' dir='ltr'><strong>obtritos</strong></span> <span class='ocrx_word' id='word_1_110' title='bbox 815 1358 1022 1445; x_wconf 86' lang='lat' dir='ltr'><strong>accepimus?</strong></span> <span class='ocrx_word' id='word_1_111' title='bbox 1054 1365 1211 1427; x_wconf 90' lang='lat' dir='ltr'><strong>Omnium</strong></span> <span class='ocrx_word' id='word_1_112' title='bbox 1232 1364 1313 1426; x_wconf 85' lang='lat' dir='ltr'><strong>vul-</strong></span> 
     </span>
     <span class='ocr_line' id='line_1_14' title="bbox 92 1445 1315 1529; baseline -0.002 -20"><span class='ocrx_word' id='word_1_113' title='bbox 92 1468 179 1509; x_wconf 81' lang='lat' dir='ltr'><strong>nera</strong></span> <span class='ocrx_word' id='word_1_114' title='bbox 209 1447 244 1508; x_wconf 91' lang='lat' dir='ltr'><strong>in</strong></span> <span class='ocrx_word' id='word_1_115' title='bbox 272 1454 428 1529; x_wconf 83' lang='lat' dir='ltr'><strong>pectore:</strong></span> <span class='ocrx_word' id='word_1_116' title='bbox 462 1446 595 1529; x_wconf 91' lang='lat' dir='ltr'><strong>quidam</strong></span> <span class='ocrx_word' id='word_1_117' title='bbox 620 1445 772 1507; x_wconf 79' lang='lat' dir='ltr'><strong>hostibus</strong></span> <span class='ocrx_word' id='word_1_118' title='bbox 799 1447 865 1507; x_wconf 90' lang='lat' dir='ltr'><strong>suis</strong></span> <span class='ocrx_word' id='word_1_119' title='bbox 894 1445 1082 1510; x_wconf 90' lang='lat' dir='ltr'><strong>immortui:</strong></span> <span class='ocrx_word' id='word_1_120' title='bbox 1114 1450 1258 1511; x_wconf 88' lang='lat' dir='ltr'><strong>omnium</strong></span> <span class='ocrx_word' id='word_1_121' title='bbox 1281 1448 1315 1508; x_wconf 91' lang='lat' dir='ltr'><strong>in</strong></span> 
     </span>
     <span class='ocr_line' id='line_1_15' title="bbox 95 1528 1313 1614; baseline -0.002 -21"><span class='ocrx_word' id='word_1_122' title='bbox 95 1529 250 1593; x_wconf 89' lang='lat' dir='ltr'><strong>manibus</strong></span> <span class='ocrx_word' id='word_1_123' title='bbox 272 1548 379 1591; x_wconf 86' lang='lat' dir='ltr'><strong>enses:</strong></span> <span class='ocrx_word' id='word_1_124' title='bbox 413 1537 446 1589; x_wconf 88' lang='lat' dir='ltr'><strong>et</strong></span> <span class='ocrx_word' id='word_1_125' title='bbox 466 1528 613 1591; x_wconf 88' lang='lat' dir='ltr'><strong>relictae·</strong></span> <span class='ocrx_word' id='word_1_126' title='bbox 631 1529 664 1589; x_wconf 92' lang='lat' dir='ltr'><strong>in</strong></span> <span class='ocrx_word' id='word_1_127' title='bbox 685 1528 830 1591; x_wconf 83' lang='lat' dir='ltr'><strong>vultibus</strong></span> <span class='ocrx_word' id='word_1_128' title='bbox 852 1529 977 1603; x_wconf 91' lang='lat' dir='ltr'><strong>minae,</strong></span> <span class='ocrx_word' id='word_1_129' title='bbox 1006 1539 1038 1591; x_wconf 90' lang='lat' dir='ltr'><strong>et</strong></span> <span class='ocrx_word' id='word_1_130' title='bbox 1059 1531 1183 1614; x_wconf 83' lang='lat' dir='ltr'><strong>inipso</strong></span> <span class='ocrx_word' id='word_1_131' title='bbox 1207 1530 1313 1592; x_wconf 62' lang='lat' dir='ltr'><strong>morte*</strong></span> 
     </span>
     <span class='ocr_line' id='line_1_16' title="bbox 97 1611 1357 1694; baseline -0.002 -18"><span class='ocrx_word' id='word_1_132' title='bbox 97 1614 150 1677; x_wconf 86' lang='lat' dir='ltr'><strong>ira</strong></span> <span class='ocrx_word' id='word_1_133' title='bbox 182 1612 323 1674; x_wconf 81' lang='lat' dir='ltr'><strong>vivebat.</strong></span> <span class='ocrx_word' id='word_1_134' title='bbox 377 1612 477 1691; x_wconf 90' lang='lat' dir='ltr'><strong>Quod</strong></span> <span class='ocrx_word' id='word_1_135' title='bbox 512 1612 594 1673; x_wconf 85' lang='lat' dir='ltr'><strong>adeo</strong></span> <span class='ocrx_word' id='word_1_136' title='bbox 630 1611 780 1694; x_wconf 83' lang='lat' dir='ltr'><strong>Pyrrhus</strong></span> <span class='ocrx_word' id='word_1_137' title='bbox 820 1613 957 1673; x_wconf 84' lang='lat' dir='ltr'><strong>miratus</strong></span> <span class='ocrx_word' id='word_1_138' title='bbox 993 1622 1061 1687; x_wconf 90' lang='lat' dir='ltr'><strong>est,</strong></span> <span class='ocrx_word' id='word_1_139' title='bbox 1100 1624 1136 1674; x_wconf 88' lang='lat' dir='ltr'><strong>ut</strong></span> <span class='ocrx_word' id='word_1_140' title='bbox 1173 1613 1357 1676; x_wconf 69' lang='lat' dir='ltr'><strong>diceretmb</strong></span> 
     </span>
     <span class='ocr_line' id='line_1_17' title="bbox 100 1695 1320 1781; baseline -0.004 -22"><span class='ocrx_word' id='word_1_141' title='bbox 100 1702 130 1759; x_wconf 93' lang='lat'><em>0</em></span> <span class='ocrx_word' id='word_1_142' title='bbox 151 1695 373 1781; x_wconf 75' lang='lat' dir='ltr'><strong>quamsucs&#39;le</strong></span> <span class='ocrx_word' id='word_1_143' title='bbox 397 1707 470 1757; x_wconf 80' lang='lat' dir='ltr'><strong>erat</strong></span> <span class='ocrx_word' id='word_1_144' title='bbox 490 1696 579 1756; x_wconf 78' lang='lat' dir='ltr'><strong>orbis</strong></span> <span class='ocrx_word' id='word_1_145' title='bbox 602 1697 772 1775; x_wconf 76' lang='lat' dir='ltr'><strong>sirspm&#39;um</strong></span> <span class='ocrx_word' id='word_1_146' title='bbox 800 1717 980 1776; x_wconf 82' lang='lat' dir='ltr'><strong>occupare,</strong></span> <span class='ocrx_word' id='word_1_147' title='bbox 1007 1709 1065 1757; x_wconf 83' lang='lat' dir='ltr'><strong>aut</strong></span> <span class='ocrx_word' id='word_1_148' title='bbox 1088 1696 1169 1758; x_wconf 72' lang='lat' dir='ltr'><strong>anibi</strong></span> <span class='ocrx_word' id='word_1_149' title='bbox 1191 1706 1320 1759; x_wconf 83' lang='lat' dir='ltr'><strong>Romu-</strong></span> 
     </span>
     <span class='ocr_line' id='line_1_18' title="bbox 97 1777 1356 1865; baseline -0.003 -23"><span class='ocrx_word' id='word_1_150' title='bbox 97 1786 151 1843; x_wconf 86' lang='lat' dir='ltr'><strong>m&#39;s</strong></span> <span class='ocrx_word' id='word_1_151' title='bbox 167 1779 345 1853; x_wconf 75' lang='lat' dir='ltr'><strong>ma&#39;lils&#39;bus,</strong></span> <span class='ocrx_word' id='word_1_152' title='bbox 369 1790 429 1840; x_wconf 83' lang='lat' dir='ltr'><strong>aut</strong></span> <span class='ocrx_word' id='word_1_153' title='bbox 449 1801 501 1859; x_wconf 82' lang='lat' dir='ltr'><strong>me</strong></span> <span class='ocrx_word' id='word_1_154' title='bbox 523 1801 602 1861; x_wconf 80' lang='lat' dir='ltr'><strong>rege</strong></span> <span class='ocrx_word' id='word_1_155' title='bbox 624 1777 803 1839; x_wconf 80' lang='lat' dir='ltr'><strong>Ronmna&#39;s!</strong></span> <span class='ocrx_word' id='word_1_156' title='bbox 844 1780 936 1857; x_wconf 85' lang='lat' dir='ltr'><strong>Quae</strong></span> <span class='ocrx_word' id='word_1_157' title='bbox 963 1788 1071 1840; x_wconf 89' lang='lat' dir='ltr'><strong>autem</strong></span> <span class='ocrx_word' id='word_1_158' title='bbox 1099 1802 1234 1854; x_wconf 85' lang='lat' dir='ltr'><strong>rorum,</strong></span> <span class='ocrx_word' id='word_1_159' title='bbox 1259 1780 1356 1865; x_wconf 76' lang='lat' dir='ltr'><strong>quir9</strong></span> 
     </span>
     <span class='ocr_line' id='line_1_19' title="bbox 97 1861 1318 1946; baseline -0.002 -19"><span class='ocrx_word' id='word_1_160' title='bbox 97 1865 347 1945; x_wconf 80' lang='lat' dir='ltr'><strong>superfuerunt,</strong></span> <span class='ocrx_word' id='word_1_161' title='bbox 371 1862 405 1923; x_wconf 93' lang='lat' dir='ltr'><strong>in</strong></span> <span class='ocrx_word' id='word_1_162' title='bbox 425 1863 610 1945; x_wconf 87' lang='lat' dir='ltr'><strong>reparando</strong></span> <span class='ocrx_word' id='word_1_163' title='bbox 633 1861 780 1937; x_wconf 85' lang='lat' dir='ltr'><strong>exercitu</strong></span> <span class='ocrx_word' id='word_1_164' title='bbox 801 1862 989 1925; x_wconf 75' lang='lat' dir='ltr'><strong>festinatio?</strong></span> <span class='ocrx_word' id='word_1_165' title='bbox 1024 1864 1134 1942; x_wconf 89' lang='lat' dir='ltr'><strong>Quum</strong></span> <span class='ocrx_word' id='word_1_166' title='bbox 1157 1864 1318 1946; x_wconf 86' lang='lat' dir='ltr'><strong>Pyrrhus,</strong></span> 
     </span>
     <span class='ocr_line' id='line_1_20' title="bbox 101 1943 1324 2032; baseline -0.001 -22"><span class='ocrx_word' id='word_1_167' title='bbox 101 1946 209 2011; x_wconf 77' lang='lat' dir='ltr'><strong>Video</strong></span> <span class='ocrx_word' id='word_1_168' title='bbox 229 1970 301 2021; x_wconf 89' lang='lat' dir='ltr'><strong>me,</strong></span> <span class='ocrx_word' id='word_1_169' title='bbox 324 1944 451 2029; x_wconf 86' lang='lat' dir='ltr'><strong>inquit,</strong></span> <span class='ocrx_word' id='word_1_170' title='bbox 469 1946 570 2028; x_wconf 83' lang='lat' dir='ltr'><strong>plane</strong></span> <span class='ocrx_word' id='word_1_171' title='bbox 592 1943 745 2006; x_wconf 55' lang='lat' dir='ltr'><strong>Herculeis</strong></span> <span class='ocrx_word' id='word_1_172' title='bbox 768 1944 872 2005; x_wconf 80' lang='lat' dir='ltr'><strong>sz&#39;alere</strong></span> <span class='ocrx_word' id='word_1_173' title='bbox 890 1959 1113 2026; x_wconf 80' lang='lat' dir='ltr'><strong>procreatum,</strong></span> <span class='ocrx_word' id='word_1_174' title='bbox 1139 1953 1204 2021; x_wconf 77' lang='lat' dir='ltr'><strong>cui,</strong></span> <span class='ocrx_word' id='word_1_175' title='bbox 1227 1951 1324 2032; x_wconf 75' lang='lat' dir='ltr'><strong>quasi</strong></span> 
     </span>
     <span class='ocr_line' id='line_1_21' title="bbox 99 2022 1320 2113; baseline -0.002 -20"><span class='ocrx_word' id='word_1_176' title='bbox 99 2030 146 2093; x_wconf 84' lang='lat' dir='ltr'><strong>ab</strong></span> <span class='ocrx_word' id='word_1_177' title='bbox 170 2051 276 2113; x_wconf 81' lang='lat' dir='ltr'><strong>angue</strong></span> <span class='ocrx_word' id='word_1_178' title='bbox 299 2034 470 2103; x_wconf 79' lang='lat' dir='ltr'><strong>Lernaeo,</strong></span> <span class='ocrx_word' id='word_1_179' title='bbox 500 2040 552 2090; x_wconf 84' lang='lat' dir='ltr'><strong>tot</strong></span> <span class='ocrx_word' id='word_1_180' title='bbox 583 2049 680 2089; x_wconf 78' lang='lat' dir='ltr'><strong>caesa</strong></span> <span class='ocrx_word' id='word_1_181' title='bbox 709 2022 850 2088; x_wconf 83' lang='lat' dir='ltr'><strong>hostium</strong></span> <span class='ocrx_word' id='word_1_182' title='bbox 880 2034 994 2108; x_wconf 75' lang='lat' dir='ltr'><strong>cupito</strong></span> <span class='ocrx_word' id='word_1_183' title='bbox 1016 2029 1054 2089; x_wconf 83' lang='lat' dir='ltr'><strong>de</strong></span> <span class='ocrx_word' id='word_1_184' title='bbox 1082 2035 1240 2113; x_wconf 74' lang='lat' dir='ltr'><strong>sanguim</strong></span> <span class='ocrx_word' id='word_1_185' title='bbox 1261 2053 1320 2091; x_wconf 76' lang='lat' dir='ltr'><strong>suo</strong></span> 
     </span>
     <span class='ocr_line' id='line_1_22' title="bbox 99 2110 1361 2197; baseline -0.004 -22"><span class='ocrx_word' id='word_1_186' title='bbox 99 2124 329 2178; x_wconf 79' lang='lat' dir='ltr'><strong>renaseuntur.</strong></span> <span class='ocrx_word' id='word_1_187' title='bbox 373 2111 456 2191; x_wconf 91' lang='lat' dir='ltr'><strong>Quis</strong></span> <span class='ocrx_word' id='word_1_188' title='bbox 487 2120 595 2174; x_wconf 89' lang='lat' dir='ltr'><strong>autem</strong></span> <span class='ocrx_word' id='word_1_189' title='bbox 627 2110 683 2173; x_wconf 91' lang='lat' dir='ltr'><strong>ille</strong></span> <span class='ocrx_word' id='word_1_190' title='bbox 713 2111 849 2172; x_wconf 89' lang='lat' dir='ltr'><strong>Senatus</strong></span> <span class='ocrx_word' id='word_1_191' title='bbox 880 2112 960 2174; x_wconf 70' lang='lat' dir='ltr'><strong>suits</strong></span> <span class='ocrx_word' id='word_1_192' title='bbox 1009 2134 1111 2195; x_wconf 84' lang='lat' dir='ltr'><strong>quum</strong></span> <span class='ocrx_word' id='word_1_193' title='bbox 1144 2125 1361 2197; x_wconf 73' lang='lat' dir='ltr'><strong>perorantem</strong></span> 
     </span>
     <span class='ocr_line' id='line_1_23' title="bbox 99 2194 1322 2279; baseline -0.005 -20"><span class='ocrx_word' id='word_1_194' title='bbox 99 2195 218 2279; x_wconf 75' lang='lat' dir='ltr'><strong>Appio</strong></span> <span class='ocrx_word' id='word_1_195' title='bbox 248 2196 375 2269; x_wconf 90' lang='lat' dir='ltr'><strong>Caeco,</strong></span> <span class='ocrx_word' id='word_1_196' title='bbox 396 2194 483 2278; x_wconf 91' lang='lat' dir='ltr'><strong>pulsi</strong></span> <span class='ocrx_word' id='word_1_197' title='bbox 505 2216 579 2256; x_wconf 88' lang='lat' dir='ltr'><strong>cum</strong></span> <span class='ocrx_word' id='word_1_198' title='bbox 600 2194 790 2255; x_wconf 88' lang='lat' dir='ltr'><strong>muneribus</strong></span> <span class='ocrx_word' id='word_1_199' title='bbox 812 2194 877 2256; x_wconf 90' lang='lat' dir='ltr'><strong>suis</strong></span> <span class='ocrx_word' id='word_1_200' title='bbox 899 2195 939 2257; x_wconf 92' lang='lat' dir='ltr'><strong>ab</strong></span> <span class='ocrx_word' id='word_1_201' title='bbox 960 2197 1055 2259; x_wconf 87' lang='lat' dir='ltr'><strong>Urbe</strong></span> <span class='ocrx_word' id='word_1_202' title='bbox 1075 2194 1192 2278; x_wconf 79' lang='lat' dir='ltr'><strong>legati,</strong></span> <span class='ocrx_word' id='word_1_203' title='bbox 1215 2199 1322 2265; x_wconf 57' lang='lat' dir='ltr'><strong>inter.</strong></span> 
     </span>
     <span class='ocr_line' id='line_1_24' title="bbox 101 2276 1323 2364; baseline -0.003 -21"><span class='ocrx_word' id='word_1_204' title='bbox 101 2278 235 2364; x_wconf 83' lang='lat' dir='ltr'><strong>roganti</strong></span> <span class='ocrx_word' id='word_1_205' title='bbox 258 2279 328 2363; x_wconf 86' lang='lat' dir='ltr'><strong>regi</strong></span> <span class='ocrx_word' id='word_1_206' title='bbox 361 2300 440 2353; x_wconf 90' lang='lat' dir='ltr'><strong>sno,</strong></span> <span class='ocrx_word' id='word_1_207' title='bbox 463 2277 544 2362; x_wconf 89' lang='lat' dir='ltr'><strong>quid</strong></span> <span class='ocrx_word' id='word_1_208' title='bbox 565 2277 605 2338; x_wconf 89' lang='lat' dir='ltr'><strong>de</strong></span> <span class='ocrx_word' id='word_1_209' title='bbox 625 2276 773 2340; x_wconf 90' lang='lat' dir='ltr'><strong>hostium</strong></span> <span class='ocrx_word' id='word_1_210' title='bbox 794 2278 869 2339; x_wconf 65' lang='lat' dir='ltr'><strong>seule</strong></span> <span class='ocrx_word' id='word_1_211' title='bbox 891 2279 1070 2341; x_wconf 67' lang='lat' dir='ltr'><strong>sentirent?</strong></span> <span class='ocrx_word' id='word_1_212' title='bbox 1106 2282 1219 2341; x_wconf 80' lang='lat' dir='ltr'><strong>Urbem</strong></span> <span class='ocrx_word' id='word_1_213' title='bbox 1238 2293 1323 2340; x_wconf 77' lang='lat' dir='ltr'><strong>tem-</strong></span> 
     </span>
     <span class='ocr_line' id='line_1_25' title="bbox 97 2362 1321 2449; baseline -0.002 -25"><span class='ocrx_word' id='word_1_214' title='bbox 97 2364 196 2449; x_wconf 81' lang='lat' dir='ltr'><strong>plum</strong></span> <span class='ocrx_word' id='word_1_215' title='bbox 224 2362 288 2423; x_wconf 83' lang='lat' dir='ltr'><strong>sibi</strong></span> <span class='ocrx_word' id='word_1_216' title='bbox 317 2365 439 2436; x_wconf 67' lang='lat' dir='ltr'><strong>sesam,</strong></span> <span class='ocrx_word' id='word_1_217' title='bbox 473 2366 625 2424; x_wconf 81' lang='lat' dir='ltr'><strong>Senatum</strong></span> <span class='ocrx_word' id='word_1_218' title='bbox 660 2383 773 2445; x_wconf 79' lang='lat' dir='ltr'><strong>regum</strong></span> <span class='ocrx_word' id='word_1_219' title='bbox 807 2384 991 2424; x_wconf 81' lang='lat' dir='ltr'><strong>consessum</strong></span> <span class='ocrx_word' id='word_1_220' title='bbox 1025 2366 1173 2445; x_wconf 81' lang='lat' dir='ltr'><strong>[regnum</strong></span> <span class='ocrx_word' id='word_1_221' title='bbox 1205 2368 1321 2443; x_wconf 86' lang='lat' dir='ltr'><strong>Deum]</strong></span> 
     </span>
     <span class='ocr_line' id='line_1_26' title="bbox 103 2442 1361 2528; baseline -0.004 -18"><span class='ocrx_word' id='word_1_222' title='bbox 103 2468 186 2520; x_wconf 81' lang='lat' dir='ltr'><strong>esse,</strong></span> <span class='ocrx_word' id='word_1_223' title='bbox 209 2445 457 2508; x_wconf 85' lang='lat' dir='ltr'><strong>confiterentur.</strong></span> <span class='ocrx_word' id='word_1_224' title='bbox 498 2447 565 2525; x_wconf 91' lang='lat' dir='ltr'><strong>Qui</strong></span> <span class='ocrx_word' id='word_1_225' title='bbox 586 2465 691 2524; x_wconf 87' lang='lat' dir='ltr'><strong>porro</strong></span> <span class='ocrx_word' id='word_1_226' title='bbox 714 2445 778 2528; x_wconf 88' lang='lat' dir='ltr'><strong>ipsi</strong></span> <span class='ocrx_word' id='word_1_227' title='bbox 801 2444 899 2508; x_wconf 86' lang='lat' dir='ltr'><strong>duces</strong></span> <span class='ocrx_word' id='word_1_228' title='bbox 920 2444 972 2506; x_wconf 88' lang='lat' dir='ltr'><strong>vel</strong></span> <span class='ocrx_word' id='word_1_229' title='bbox 993 2445 1027 2506; x_wconf 91' lang='lat' dir='ltr'><strong>in</strong></span> <span class='ocrx_word' id='word_1_230' title='bbox 1049 2442 1185 2508; x_wconf 84' lang='lat' dir='ltr'><strong>castris?</strong></span> <span class='ocrx_word' id='word_1_231' title='bbox 1214 2448 1361 2524; x_wconf 80' lang='lat' dir='ltr'><strong>Quamas</strong></span> 
     </span>
     <span class='ocr_line' id='line_1_27' title="bbox 103 2528 1326 2613; baseline -0.002 -20"><span class='ocrx_word' id='word_1_232' title='bbox 103 2529 294 2603; x_wconf 88' lang='lat' dir='ltr'><strong>medicum,</strong></span> <span class='ocrx_word' id='word_1_233' title='bbox 326 2528 438 2592; x_wconf 80' lang='lat' dir='ltr'><strong>venale</strong></span> <span class='ocrx_word' id='word_1_234' title='bbox 465 2529 553 2613; x_wconf 85' lang='lat' dir='ltr'><strong>regis</strong></span> <span class='ocrx_word' id='word_1_235' title='bbox 573 2528 697 2607; x_wconf 82' lang='lat' dir='ltr'><strong>Pyrrhi</strong></span> <span class='ocrx_word' id='word_1_236' title='bbox 718 2537 817 2610; x_wconf 91' lang='lat' dir='ltr'><strong>caput</strong></span> <span class='ocrx_word' id='word_1_237' title='bbox 839 2528 1046 2603; x_wconf 79' lang='lat' dir='ltr'><strong>offerentem,</strong></span> <span class='ocrx_word' id='word_1_238' title='bbox 1085 2530 1201 2593; x_wconf 87' lang='lat' dir='ltr'><strong>Curius</strong></span> <span class='ocrx_word' id='word_1_239' title='bbox 1222 2530 1326 2591; x_wconf 77' lang='lat' dir='ltr'><strong>resai-</strong></span> 
     </span>
     <span class='ocr_line' id='line_1_28' title="bbox 102 2608 1321 2697; baseline -0.002 -20"><span class='ocrx_word' id='word_1_240' title='bbox 102 2614 173 2677; x_wconf 87' lang='lat' dir='ltr'><strong>sit:</strong></span> <span class='ocrx_word' id='word_1_241' title='bbox 208 2611 380 2674; x_wconf 76' lang='lat' dir='ltr'><strong>Fabricius</strong></span> <span class='ocrx_word' id='word_1_242' title='bbox 406 2608 549 2673; x_wconf 83' lang='lat' dir='ltr'><strong>oblatam</strong></span> <span class='ocrx_word' id='word_1_243' title='bbox 575 2612 639 2675; x_wconf 90' lang='lat' dir='ltr'><strong>sibi</strong></span> <span class='ocrx_word' id='word_1_244' title='bbox 660 2634 679 2673; x_wconf 88' lang='lat' dir='ltr'><strong>a</strong></span> <span class='ocrx_word' id='word_1_245' title='bbox 699 2633 776 2693; x_wconf 80' lang='lat' dir='ltr'><strong>rege</strong></span> <span class='ocrx_word' id='word_1_246' title='bbox 807 2612 938 2695; x_wconf 77' lang='lat' dir='ltr'><strong>imperii</strong></span> <span class='ocrx_word' id='word_1_247' title='bbox 965 2621 1092 2693; x_wconf 83' lang='lat' dir='ltr'><strong>purtem</strong></span> <span class='ocrx_word' id='word_1_248' title='bbox 1124 2612 1321 2697; x_wconf 80' lang='lat' dir='ltr'><strong>repudiauit.</strong></span> 
     </span>
     <span class='ocr_line' id='line_1_29' title="bbox 103 2694 1367 2779; baseline -0.003 -22"><span class='ocrx_word' id='word_1_249' title='bbox 103 2694 176 2761; x_wconf 85' lang='lat' dir='ltr'><strong>Vel</strong></span> <span class='ocrx_word' id='word_1_250' title='bbox 198 2696 229 2756; x_wconf 91' lang='lat' dir='ltr'><strong>in</strong></span> <span class='ocrx_word' id='word_1_251' title='bbox 253 2708 356 2776; x_wconf 76' lang='lat' dir='ltr'><strong>pacet</strong></span> <span class='ocrx_word' id='word_1_252' title='bbox 388 2697 498 2775; x_wconf 88' lang='lat' dir='ltr'><strong>Quum</strong></span> <span class='ocrx_word' id='word_1_253' title='bbox 520 2694 638 2758; x_wconf 88' lang='lat' dir='ltr'><strong>Curius</strong></span> <span class='ocrx_word' id='word_1_254' title='bbox 659 2694 773 2756; x_wconf 87' lang='lat' dir='ltr'><strong>fictilia</strong></span> <span class='ocrx_word' id='word_1_255' title='bbox 794 2716 850 2757; x_wconf 88' lang='lat' dir='ltr'><strong>sua</strong></span> <span class='ocrx_word' id='word_1_256' title='bbox 869 2696 1050 2757; x_wconf 92' lang='lat' dir='ltr'><strong>Samnitico</strong></span> <span class='ocrx_word' id='word_1_257' title='bbox 1065 2698 1249 2779; x_wconf 85' lang='lat' dir='ltr'><strong>praeferret</strong></span> <span class='ocrx_word' id='word_1_258' title='bbox 1265 2713 1367 2757; x_wconf 50' lang='lat' dir='ltr'><strong>auses</strong></span> 
     </span>
     <span class='ocr_line' id='line_1_30' title="bbox 103 2777 1348 2861; baseline 0.004 -20"><span class='ocrx_word' id='word_1_259' title='bbox 103 2797 176 2847; x_wconf 87' lang='lat' dir='ltr'><strong>ro:</strong></span> <span class='ocrx_word' id='word_1_260' title='bbox 219 2778 392 2841; x_wconf 81' lang='lat' dir='ltr'><strong>Fabricius</strong></span> <span class='ocrx_word' id='word_1_261' title='bbox 414 2778 525 2841; x_wconf 85' lang='lat' dir='ltr'><strong>decem</strong></span> <span class='ocrx_word' id='word_1_262' title='bbox 544 2777 807 2861; x_wconf 82' lang='lat' dir='ltr'><strong>pondoargenti</strong></span> <span class='ocrx_word' id='word_1_263' title='bbox 829 2779 917 2841; x_wconf 91' lang='lat' dir='ltr'><strong>circa</strong></span> <span class='ocrx_word' id='word_1_264' title='bbox 939 2779 1092 2841; x_wconf 84' lang='lat' dir='ltr'><strong>Rufinum</strong></span> <span class='ocrx_word' id='word_1_265' title='bbox 1113 2780 1348 2861; x_wconf 48' lang='lat' dir='ltr'><strong>Consularem,</strong></span> 
     </span>
     <span class='ocr_line' id='line_1_31' title="bbox 102 2852 1369 2946; baseline -0.002 -22"><span class='ocrx_word' id='word_1_266' title='bbox 102 2863 222 2928; x_wconf 82' lang='lat' dir='ltr'><strong>virum</strong></span> <span class='ocrx_word' id='word_1_267' title='bbox 242 2860 334 2943; x_wconf 87' lang='lat' dir='ltr'><strong>qnasi</strong></span> <span class='ocrx_word' id='word_1_268' title='bbox 358 2860 524 2922; x_wconf 89' lang='lat' dir='ltr'><strong>luxuriam</strong></span> <span class='ocrx_word' id='word_1_269' title='bbox 555 2861 711 2923; x_wconf 76' lang='lat' dir='ltr'><strong>Censoris</strong></span> <span class='ocrx_word' id='word_1_270' title='bbox 742 2861 900 2941; x_wconf 72' lang='lat' dir='ltr'><strong>gravitate</strong></span> <span class='ocrx_word' id='word_1_271' title='bbox 921 2860 1100 2925; x_wconf 87' lang='lat' dir='ltr'><strong>damnaret.</strong></span> <span class='ocrx_word' id='word_1_272' title='bbox 1144 2862 1227 2941; x_wconf 85' lang='lat' dir='ltr'><strong>Quis</strong></span> <span class='ocrx_word' id='word_1_273' title='bbox 1246 2852 1369 2946; x_wconf 70' lang='lat' dir='ltr'><strong>ergpsb</strong></span> 
     </span>
     <span class='ocr_line' id='line_1_32' title="bbox 105 2941 1328 3023; baseline 0.002 -17"><span class='ocrx_word' id='word_1_274' title='bbox 105 2945 254 3012; x_wconf 87' lang='lat' dir='ltr'><strong>miretur</strong></span> <span class='ocrx_word' id='word_1_275' title='bbox 272 2943 326 3004; x_wconf 88' lang='lat' dir='ltr'><strong>his</strong></span> <span class='ocrx_word' id='word_1_276' title='bbox 347 2941 506 3018; x_wconf 84' lang='lat' dir='ltr'><strong>muribus,</strong></span> <span class='ocrx_word' id='word_1_277' title='bbox 527 2943 663 3017; x_wconf 81' lang='lat' dir='ltr'><strong>virtute,</strong></span> <span class='ocrx_word' id='word_1_278' title='bbox 685 2942 816 3017; x_wconf 85' lang='lat' dir='ltr'><strong>militia,</strong></span> <span class='ocrx_word' id='word_1_279' title='bbox 838 2944 998 3005; x_wconf 85' lang='lat' dir='ltr'><strong>victorem</strong></span> <span class='ocrx_word' id='word_1_280' title='bbox 1018 2942 1181 3023; x_wconf 85' lang='lat' dir='ltr'><strong>papulum</strong></span> <span class='ocrx_word' id='word_1_281' title='bbox 1201 2945 1328 3008; x_wconf 58' lang='lat' dir='ltr'><strong>Romae</strong></span> 
     </span>
     <span class='ocr_line' id='line_1_33' title="bbox 107 3023 1331 3110; baseline -0.007 -18"><span class='ocrx_word' id='word_1_282' title='bbox 107 3052 190 3094; x_wconf 90' lang='lat' dir='ltr'><strong>num</strong></span> <span class='ocrx_word' id='word_1_283' title='bbox 212 3023 333 3089; x_wconf 87' lang='lat' dir='ltr'><strong>fuisse?</strong></span> <span class='ocrx_word' id='word_1_284' title='bbox 374 3047 506 3110; x_wconf 88' lang='lat' dir='ltr'><strong>unoque</strong></span> <span class='ocrx_word' id='word_1_285' title='bbox 524 3024 615 3088; x_wconf 86' lang='lat' dir='ltr'><strong>bello</strong></span> <span class='ocrx_word' id='word_1_286' title='bbox 638 3026 818 3087; x_wconf 87' lang='lat' dir='ltr'><strong>Tarentino</strong></span> <span class='ocrx_word' id='word_1_287' title='bbox 843 3027 928 3087; x_wconf 91' lang='lat' dir='ltr'><strong>iutra</strong></span> <span class='ocrx_word' id='word_1_288' title='bbox 949 3027 1202 3109; x_wconf 87' lang='lat' dir='ltr'><strong>quadriennium</strong></span> <span class='ocrx_word' id='word_1_289' title='bbox 1222 3026 1331 3089; x_wconf 86' lang='lat' dir='ltr'><strong>maxi-</strong></span> 
     </span>
     <span class='ocr_line' id='line_1_34' title="bbox 108 3106 1328 3192; baseline -0.004 -18"><span class='ocrx_word' id='word_1_290' title='bbox 108 3134 200 3176; x_wconf 88' lang='lat' dir='ltr'><strong>mam</strong></span> <span class='ocrx_word' id='word_1_291' title='bbox 219 3119 349 3192; x_wconf 86' lang='lat' dir='ltr'><strong>partem</strong></span> <span class='ocrx_word' id='word_1_292' title='bbox 374 3108 510 3183; x_wconf 91' lang='lat' dir='ltr'><strong>ltaliae,</strong></span> <span class='ocrx_word' id='word_1_293' title='bbox 541 3109 738 3171; x_wconf 81' lang='lat' dir='ltr'><strong>fortissimas</strong></span> <span class='ocrx_word' id='word_1_294' title='bbox 769 3118 897 3192; x_wconf 83' lang='lat' dir='ltr'><strong>gentes,</strong></span> <span class='ocrx_word' id='word_1_295' title='bbox 930 3106 1191 3191; x_wconf 85' lang='lat' dir='ltr'><strong>opulentissimas</strong></span> <span class='ocrx_word' id='word_1_296' title='bbox 1213 3108 1328 3185; x_wconf 87' lang='lat' dir='ltr'><strong>urbes,</strong></span> 
     </span>
     <span class='ocr_line' id='line_1_35' title="bbox 108 3184 1373 3278; baseline -0.007 -19"><span class='ocrx_word' id='word_1_297' title='bbox 108 3195 364 3278; x_wconf 85' lang='lat' dir='ltr'><strong>uberrimasque</strong></span> <span class='ocrx_word' id='word_1_298' title='bbox 393 3190 602 3277; x_wconf 78' lang='lat' dir='ltr'><strong>regionesin</strong></span> <span class='ocrx_word' id='word_1_299' title='bbox 625 3190 999 3276; x_wconf 76' lang='lat' dir='ltr'><strong>ditionemrrdegisse?</strong></span> <span class='ocrx_word' id='word_1_300' title='bbox 1042 3190 1111 3253; x_wconf 87' lang='lat' dir='ltr'><strong>Aut</strong></span> <span class='ocrx_word' id='word_1_301' title='bbox 1138 3190 1215 3274; x_wconf 89' lang='lat' dir='ltr'><strong>quid</strong></span> <span class='ocrx_word' id='word_1_302' title='bbox 1244 3184 1373 3266; x_wconf 60' lang='lat' dir='ltr'><strong>‚adeoad</strong></span> 
     </span>
     <span class='ocr_line' id='line_1_36' title="bbox 110 3266 1331 3360; baseline -0.002 -19"><span class='ocrx_word' id='word_1_303' title='bbox 110 3278 213 3341; x_wconf 82' lang='lat' dir='ltr'><strong>iidem</strong></span> <span class='ocrx_word' id='word_1_304' title='bbox 240 3286 393 3360; x_wconf 84' lang='lat' dir='ltr'><strong>superet,</strong></span> <span class='ocrx_word' id='word_1_305' title='bbox 425 3276 571 3359; x_wconf 88' lang='lat' dir='ltr'><strong>quamsi</strong></span> <span class='ocrx_word' id='word_1_306' title='bbox 592 3275 758 3357; x_wconf 82' lang='lat' dir='ltr'><strong>principia</strong></span> <span class='ocrx_word' id='word_1_307' title='bbox 780 3274 859 3338; x_wconf 89' lang='lat' dir='ltr'><strong>belli</strong></span> <span class='ocrx_word' id='word_1_308' title='bbox 887 3298 960 3338; x_wconf 89' lang='lat' dir='ltr'><strong>cum</strong></span> <span class='ocrx_word' id='word_1_309' title='bbox 986 3275 1074 3337; x_wconf 86' lang='lat' dir='ltr'><strong>exitu</strong></span> <span class='ocrx_word' id='word_1_310' title='bbox 1096 3266 1331 3339; x_wconf 72' lang='lat' dir='ltr'><strong>conferantur?</strong></span> 
     </span>
     <span class='ocr_line' id='line_1_37' title="bbox 110 3358 1331 3445; baseline -0.005 -20"><span class='ocrx_word' id='word_1_311' title='bbox 110 3362 238 3425; x_wconf 83' lang='lat' dir='ltr'><strong>Victor</strong></span> <span class='ocrx_word' id='word_1_312' title='bbox 256 3362 367 3445; x_wconf 89' lang='lat' dir='ltr'><strong>primo</strong></span> <span class='ocrx_word' id='word_1_313' title='bbox 389 3359 519 3445; x_wconf 90' lang='lat' dir='ltr'><strong>proelio</strong></span> <span class='ocrx_word' id='word_1_314' title='bbox 544 3358 712 3442; x_wconf 81' lang='lat' dir='ltr'><strong>Pyrrhus,</strong></span> <span class='ocrx_word' id='word_1_315' title='bbox 734 3364 803 3419; x_wconf 85' lang='lat' dir='ltr'><strong>tota</strong></span> <span class='ocrx_word' id='word_1_316' title='bbox 826 3366 985 3421; x_wconf 83' lang='lat' dir='ltr'><strong>tremente</strong></span> <span class='ocrx_word' id='word_1_317' title='bbox 1008 3358 1194 3441; x_wconf 82' lang='lat' dir='ltr'><strong>Campania,</strong></span> <span class='ocrx_word' id='word_1_318' title='bbox 1216 3358 1331 3433; x_wconf 82' lang='lat' dir='ltr'><strong>Lirim,</strong></span> 
     </span>
     <span class='ocr_line' id='line_1_38' title="bbox 110 3438 1334 3532; baseline -0.003 -25"><span class='ocrx_word' id='word_1_319' title='bbox 110 3444 346 3532; x_wconf 78' lang='lat' dir='ltr'><strong>Fregellasque</strong></span> <span class='ocrx_word' id='word_1_320' title='bbox 365 3444 555 3528; x_wconf 86' lang='lat' dir='ltr'><strong>populatus,</strong></span> <span class='ocrx_word' id='word_1_321' title='bbox 576 3464 686 3525; x_wconf 84' lang='lat' dir='ltr'><strong>prope</strong></span> <span class='ocrx_word' id='word_1_322' title='bbox 706 3438 980 3524; x_wconf 86' lang='lat' dir='ltr'><strong>captam&#39;Urbem</strong></span> <span class='ocrx_word' id='word_1_323' title='bbox 994 3465 1012 3502; x_wconf 92' lang='lat' dir='ltr'><strong>a</strong></span> <span class='ocrx_word' id='word_1_324' title='bbox 1026 3442 1238 3507; x_wconf 84' lang='lat' dir='ltr'><strong>Praenestina</strong></span> <span class='ocrx_word' id='word_1_325' title='bbox 1259 3464 1334 3511; x_wconf 81' lang='lat' dir='ltr'><strong>aree</strong></span> 
     </span>
     <span class='ocr_line' id='line_1_39' title="bbox 112 3522 1332 3617; baseline -0.005 -24"><span class='ocrx_word' id='word_1_326' title='bbox 112 3529 310 3617; x_wconf 87' lang='lat' dir='ltr'><strong>prospexit,</strong></span> <span class='ocrx_word' id='word_1_327' title='bbox 342 3536 376 3589; x_wconf 89' lang='lat' dir='ltr'><strong>et</strong></span> <span class='ocrx_word' id='word_1_328' title='bbox 397 3551 414 3587; x_wconf 92' lang='lat' dir='ltr'><strong>a</strong></span> <span class='ocrx_word' id='word_1_329' title='bbox 435 3527 591 3590; x_wconf 79' lang='lat' dir='ltr'><strong>vicesimo</strong></span> <span class='ocrx_word' id='word_1_330' title='bbox 618 3525 730 3610; x_wconf 91' lang='lat' dir='ltr'><strong>lapide</strong></span> <span class='ocrx_word' id='word_1_331' title='bbox 753 3522 868 3599; x_wconf 85' lang='lat' dir='ltr'><strong>oculos</strong></span> <span class='ocrx_word' id='word_1_332' title='bbox 896 3524 1046 3608; x_wconf 77' lang='lat' dir='ltr'><strong>trepidae</strong></span> <span class='ocrx_word' id='word_1_333' title='bbox 1072 3527 1215 3597; x_wconf 79' lang='lat' dir='ltr'><strong>civitatis</strong></span> <span class='ocrx_word' id='word_1_334' title='bbox 1240 3528 1332 3589; x_wconf 80' lang='lat' dir='ltr'><strong>fumo</strong></span> 
     </span>
     <span class='ocr_line' id='line_1_40' title="bbox 117 3596 1375 3697; baseline -0.007 -24"><span class='ocrx_word' id='word_1_335' title='bbox 117 3634 158 3674; x_wconf 88' lang='lat' dir='ltr'><strong>ao</strong></span> <span class='ocrx_word' id='word_1_336' title='bbox 176 3604 313 3697; x_wconf 82' lang='lat' dir='ltr'><strong>pulvere</strong></span> <span class='ocrx_word' id='word_1_337' title='bbox 333 3610 494 3693; x_wconf 84' lang='lat' dir='ltr'><strong>implevit.</strong></span> <span class='ocrx_word' id='word_1_338' title='bbox 534 3608 659 3671; x_wconf 87' lang='lat' dir='ltr'><strong>Eodem</strong></span> <span class='ocrx_word' id='word_1_339' title='bbox 680 3618 793 3692; x_wconf 88' lang='lat' dir='ltr'><strong>postea</strong></span> <span class='ocrx_word' id='word_1_340' title='bbox 814 3608 866 3671; x_wconf 87' lang='lat' dir='ltr'><strong>bis</strong></span> <span class='ocrx_word' id='word_1_341' title='bbox 893 3618 991 3671; x_wconf 85' lang='lat' dir='ltr'><strong>exuto</strong></span> <span class='ocrx_word' id='word_1_342' title='bbox 1014 3609 1151 3679; x_wconf 88' lang='lat' dir='ltr'><strong>castris,</strong></span> <span class='ocrx_word' id='word_1_343' title='bbox 1184 3608 1240 3671; x_wconf 77' lang='lat' dir='ltr'><strong>bia</strong></span> <span class='ocrx_word' id='word_1_344' title='bbox 1257 3596 1375 3671; x_wconf 75' lang='lat' dir='ltr'><strong>sau-25</strong></span> 
     </span>
     <span class='ocr_line' id='line_1_41' title="bbox 119 3692 1339 3771; baseline -0.003 -14"><span class='ocrx_word' id='word_1_345' title='bbox 119 3694 198 3769; x_wconf 83' lang='lat' dir='ltr'><strong>cio,</strong></span> <span class='ocrx_word' id='word_1_346' title='bbox 229 3704 262 3759; x_wconf 89' lang='lat' dir='ltr'><strong>et</strong></span> <span class='ocrx_word' id='word_1_347' title='bbox 283 3694 317 3757; x_wconf 87' lang='lat' dir='ltr'><strong>in</strong></span> <span class='ocrx_word' id='word_1_348' title='bbox 345 3693 513 3756; x_wconf 86' lang='lat' dir='ltr'><strong>Graeciam</strong></span> <span class='ocrx_word' id='word_1_349' title='bbox 536 3702 628 3755; x_wconf 83' lang='lat' dir='ltr'><strong>suam</strong></span> <span class='ocrx_word' id='word_1_350' title='bbox 651 3701 739 3754; x_wconf 90' lang='lat' dir='ltr'><strong>trans</strong></span> <span class='ocrx_word' id='word_1_351' title='bbox 761 3712 909 3753; x_wconf 83' lang='lat' dir='ltr'><strong>marcac</strong></span> <span class='ocrx_word' id='word_1_352' title='bbox 930 3701 1035 3754; x_wconf 89' lang='lat' dir='ltr'><strong>terras</strong></span> <span class='ocrx_word' id='word_1_353' title='bbox 1056 3692 1190 3771; x_wconf 79' lang='lat' dir='ltr'><strong>fugato,</strong></span> <span class='ocrx_word' id='word_1_354' title='bbox 1220 3710 1284 3769; x_wconf 81' lang='lat' dir='ltr'><strong>pax</strong></span> <span class='ocrx_word' id='word_1_355' title='bbox 1305 3697 1339 3753; x_wconf 81' lang='lat' dir='ltr'><strong>et</strong></span> 
     </span>
     <span class='ocr_line' id='line_1_42' title="bbox 117 3770 1334 3865; baseline -0.008 -24"><span class='ocrx_word' id='word_1_356' title='bbox 117 3776 236 3865; x_wconf 84' lang='lat' dir='ltr'><strong>quies:</strong></span> <span class='ocrx_word' id='word_1_357' title='bbox 267 3787 301 3839; x_wconf 91' lang='lat' dir='ltr'><strong>et</strong></span> <span class='ocrx_word' id='word_1_358' title='bbox 320 3785 411 3837; x_wconf 86' lang='lat' dir='ltr'><strong>tenta</strong></span> <span class='ocrx_word' id='word_1_359' title='bbox 432 3777 473 3839; x_wconf 87' lang='lat' dir='ltr'><strong>de</strong></span> <span class='ocrx_word' id='word_1_360' title='bbox 494 3774 749 3859; x_wconf 85' lang='lat' dir='ltr'><strong>opulentissimis</strong></span> <span class='ocrx_word' id='word_1_361' title='bbox 771 3781 823 3834; x_wconf 92' lang='lat' dir='ltr'><strong>tot</strong></span> <span class='ocrx_word' id='word_1_362' title='bbox 843 3776 994 3856; x_wconf 83' lang='lat' dir='ltr'><strong>gentihus</strong></span> <span class='ocrx_word' id='word_1_363' title='bbox 1015 3772 1144 3856; x_wconf 91' lang='lat' dir='ltr'><strong>spolia,</strong></span> <span class='ocrx_word' id='word_1_364' title='bbox 1165 3778 1203 3833; x_wconf 92' lang='lat' dir='ltr'><strong>ut</strong></span> <span class='ocrx_word' id='word_1_365' title='bbox 1223 3770 1334 3832; x_wconf 85' lang='lat' dir='ltr'><strong>victo-</strong></span> 
     </span>
     <span class='ocr_line' id='line_1_43' title="bbox 117 3848 1379 3939; baseline -0.012 -12"><span class='ocrx_word' id='word_1_366' title='bbox 117 3862 207 3927; x_wconf 86' lang='lat' dir='ltr'><strong>riam</strong></span> <span class='ocrx_word' id='word_1_367' title='bbox 228 3884 320 3924; x_wconf 85' lang='lat' dir='ltr'><strong>suam</strong></span> <span class='ocrx_word' id='word_1_368' title='bbox 340 3860 444 3921; x_wconf 86' lang='lat' dir='ltr'><strong>Roma</strong></span> <span class='ocrx_word' id='word_1_369' title='bbox 464 3881 533 3921; x_wconf 90' lang='lat' dir='ltr'><strong>non</strong></span> <span class='ocrx_word' id='word_1_370' title='bbox 555 3867 699 3938; x_wconf 86' lang='lat' dir='ltr'><strong>caperet.</strong></span> <span class='ocrx_word' id='word_1_371' title='bbox 741 3855 811 3917; x_wconf 76' lang='lat' dir='ltr'><strong>Nec</strong></span> <span class='ocrx_word' id='word_1_372' title='bbox 832 3857 917 3919; x_wconf 89' lang='lat' dir='ltr'><strong>enim</strong></span> <span class='ocrx_word' id='word_1_373' title='bbox 938 3866 1063 3919; x_wconf 85' lang='lat' dir='ltr'><strong>temere</strong></span> <span class='ocrx_word' id='word_1_374' title='bbox 1083 3848 1379 3939; x_wconf 78' lang='lat' dir='ltr'><strong>ulluspulchri·26</strong></span> 
     </span>
     <span class='ocr_line' id='line_1_44' title="bbox 121 3936 1381 4022; baseline -0.01 -14"><span class='ocrx_word' id='word_1_375' title='bbox 121 3968 164 4008; x_wconf 89' lang='lat' dir='ltr'><strong>or</strong></span> <span class='ocrx_word' id='word_1_376' title='bbox 188 3945 220 4007; x_wconf 92' lang='lat' dir='ltr'><strong>in</strong></span> <span class='ocrx_word' id='word_1_377' title='bbox 241 3944 369 4007; x_wconf 88' lang='lat' dir='ltr'><strong>Urbem</strong></span> <span class='ocrx_word' id='word_1_378' title='bbox 392 3952 448 4004; x_wconf 87' lang='lat' dir='ltr'><strong>aut</strong></span> <span class='ocrx_word' id='word_1_379' title='bbox 467 3942 651 4022; x_wconf 82' lang='lat' dir='ltr'><strong>speciosior</strong></span> <span class='ocrx_word' id='word_1_380' title='bbox 669 3936 1017 4019; x_wconf 85' lang='lat' dir='ltr'><strong>triumphus&#39;intravit.</strong></span> <span class='ocrx_word' id='word_1_381' title='bbox 1050 3937 1136 4019; x_wconf 80' lang='lat' dir='ltr'><strong>Ante</strong></span> <span class='ocrx_word' id='word_1_382' title='bbox 1150 3938 1239 4001; x_wconf 86' lang='lat' dir='ltr'><strong>huuc</strong></span> <span class='ocrx_word' id='word_1_383' title='bbox 1253 3937 1381 4020; x_wconf 81' lang='lat' dir='ltr'><strong>dioma7</strong></span> 
     </span>
     <span class='ocr_line' id='line_1_45' title="bbox 121 4019 1341 4109; baseline -0.008 -18"><span class='ocrx_word' id='word_1_384' title='bbox 121 4027 210 4091; x_wconf 87' lang='lat' dir='ltr'><strong>nihil</strong></span> <span class='ocrx_word' id='word_1_385' title='bbox 229 4028 291 4089; x_wconf 91' lang='lat' dir='ltr'><strong>uisi</strong></span> <span class='ocrx_word' id='word_1_386' title='bbox 313 4048 433 4109; x_wconf 90' lang='lat' dir='ltr'><strong>pecora</strong></span> <span class='ocrx_word' id='word_1_387' title='bbox 458 4023 681 4098; x_wconf 87' lang='lat' dir='ltr'><strong>Volscorum,</strong></span> <span class='ocrx_word' id='word_1_388' title='bbox 704 4040 818 4107; x_wconf 79' lang='lat' dir='ltr'><strong>greges</strong></span> <span class='ocrx_word' id='word_1_389' title='bbox 839 4020 1059 4096; x_wconf 88' lang='lat' dir='ltr'><strong>Sabinorum,</strong></span> <span class='ocrx_word' id='word_1_390' title='bbox 1083 4030 1235 4101; x_wconf 87' lang='lat' dir='ltr'><strong>carpenta</strong></span> <span class='ocrx_word' id='word_1_391' title='bbox 1260 4019 1341 4081; x_wconf 87' lang='lat' dir='ltr'><strong>Gal-</strong></span> 
     </span>
     <span class='ocr_line' id='line_1_46' title="bbox 121 4103 1343 4186; baseline -0.011 -11"><span class='ocrx_word' id='word_1_392' title='bbox 121 4111 257 4185; x_wconf 89' lang='lat' dir='ltr'><strong>lorum,</strong></span> <span class='ocrx_word' id='word_1_393' title='bbox 278 4113 383 4173; x_wconf 82' lang='lat' dir='ltr'><strong>fracta</strong></span> <span class='ocrx_word' id='word_1_394' title='bbox 402 4108 585 4170; x_wconf 86' lang='lat' dir='ltr'><strong>Samnitum</strong></span> <span class='ocrx_word' id='word_1_395' title='bbox 607 4129 695 4171; x_wconf 85' lang='lat' dir='ltr'><strong>arma</strong></span> <span class='ocrx_word' id='word_1_396' title='bbox 716 4104 872 4170; x_wconf 79' lang='lat' dir='ltr'><strong>vidisses:</strong></span> <span class='ocrx_word' id='word_1_397' title='bbox 895 4111 966 4164; x_wconf 92' lang='lat' dir='ltr'><strong>tum</strong></span> <span class='ocrx_word' id='word_1_398' title='bbox 986 4106 1011 4166; x_wconf 88' lang='lat' dir='ltr'><strong>si</strong></span> <span class='ocrx_word' id='word_1_399' title='bbox 1036 4105 1183 4186; x_wconf 89' lang='lat' dir='ltr'><strong>captivos</strong></span> <span class='ocrx_word' id='word_1_400' title='bbox 1198 4103 1343 4183; x_wconf 87' lang='lat' dir='ltr'><strong>adspice-</strong></span> 
     </span>
     <span class='ocr_line' id='line_1_47' title="bbox 123 4186 1343 4271; baseline -0.007 -13"><span class='ocrx_word' id='word_1_401' title='bbox 123 4216 202 4269; x_wconf 89' lang='lat' dir='ltr'><strong>res,</strong></span> <span class='ocrx_word' id='word_1_402' title='bbox 233 4192 391 4267; x_wconf 88' lang='lat' dir='ltr'><strong>Molossi,</strong></span> <span class='ocrx_word' id='word_1_403' title='bbox 424 4190 594 4264; x_wconf 87' lang='lat' dir='ltr'><strong>Thessali,</strong></span> <span class='ocrx_word' id='word_1_404' title='bbox 626 4188 843 4263; x_wconf 86' lang='lat' dir='ltr'><strong>Macedones,</strong></span> <span class='ocrx_word' id='word_1_405' title='bbox 874 4186 1029 4263; x_wconf 87' lang='lat' dir='ltr'><strong>Brutius,</strong></span> <span class='ocrx_word' id='word_1_406' title='bbox 1061 4187 1212 4267; x_wconf 83' lang='lat' dir='ltr'><strong>Apulus,</strong></span> <span class='ocrx_word' id='word_1_407' title='bbox 1245 4195 1343 4271; x_wconf 82' lang='lat' dir='ltr'><strong>atque</strong></span> 
     </span>
     <span class='ocr_line' id='line_1_48' title="bbox 121 4268 1343 4361; baseline -0.007 -20"><span class='ocrx_word' id='word_1_408' title='bbox 121 4278 297 4341; x_wconf 77' lang='lat' dir='ltr'><strong>Lucanust</strong></span> <span class='ocrx_word' id='word_1_409' title='bbox 319 4277 347 4338; x_wconf 93' lang='lat' dir='ltr'><strong>si</strong></span> <span class='ocrx_word' id='word_1_410' title='bbox 367 4296 526 4361; x_wconf 88' lang='lat' dir='ltr'><strong>pompas,</strong></span> <span class='ocrx_word' id='word_1_411' title='bbox 548 4295 687 4348; x_wconf 90' lang='lat' dir='ltr'><strong>aurum,</strong></span> <span class='ocrx_word' id='word_1_412' title='bbox 708 4296 878 4356; x_wconf 86' lang='lat' dir='ltr'><strong>purpura,</strong></span> <span class='ocrx_word' id='word_1_413' title='bbox 902 4270 1014 4351; x_wconf 79' lang='lat' dir='ltr'><strong>signa,</strong></span> <span class='ocrx_word' id='word_1_414' title='bbox 1037 4270 1189 4342; x_wconf 89' lang='lat' dir='ltr'><strong>tabulae,</strong></span> <span class='ocrx_word' id='word_1_415' title='bbox 1210 4268 1343 4337; x_wconf 87' lang='lat' dir='ltr'><strong>Taren-</strong></span> 
     </span>
     <span class='ocr_line' id='line_1_49' title="bbox 121 4336 1411 4444; baseline -0.011 -18"><span class='ocrx_word' id='word_1_416' title='bbox 121 4362 280 4444; x_wconf 87' lang='lat' dir='ltr'><strong>tinaeque</strong></span> <span class='ocrx_word' id='word_1_417' title='bbox 303 4358 452 4422; x_wconf 86' lang='lat' dir='ltr'><strong>deliciae.</strong></span> <span class='ocrx_word' id='word_1_418' title='bbox 492 4356 556 4422; x_wconf 87' lang='lat' dir='ltr'><strong>Sed</strong></span> <span class='ocrx_word' id='word_1_419' title='bbox 578 4357 665 4421; x_wconf 88' lang='lat' dir='ltr'><strong>nihil</strong></span> <span class='ocrx_word' id='word_1_420' title='bbox 684 4356 842 4419; x_wconf 88' lang='lat' dir='ltr'><strong>libentius</strong></span> <span class='ocrx_word' id='word_1_421' title='bbox 863 4352 1007 4436; x_wconf 85' lang='lat' dir='ltr'><strong>populus</strong></span> <span class='ocrx_word' id='word_1_422' title='bbox 1028 4354 1192 4414; x_wconf 86' lang='lat' dir='ltr'><strong>Romanus</strong></span> <span class='ocrx_word' id='word_1_423' title='bbox 1219 4336 1411 4437; x_wconf 52' lang='lat' dir='ltr'><strong>adspeffiss</strong></span> 
     </span>
     <span class='ocr_line' id='line_1_50' title="bbox 122 4435 1356 4527; baseline -0.009 -18"><span class='ocrx_word' id='word_1_424' title='bbox 122 4445 188 4520; x_wconf 82' lang='lat' dir='ltr'><strong>xit,</strong></span> <span class='ocrx_word' id='word_1_425' title='bbox 211 4464 308 4527; x_wconf 87' lang='lat' dir='ltr'><strong>quam</strong></span> <span class='ocrx_word' id='word_1_426' title='bbox 323 4441 406 4517; x_wconf 88' lang='lat' dir='ltr'><strong>illas,</strong></span> <span class='ocrx_word' id='word_1_427' title='bbox 422 4462 502 4527; x_wconf 88' lang='lat' dir='ltr'><strong>quas</strong></span> <span class='ocrx_word' id='word_1_428' title='bbox 518 4441 565 4504; x_wconf 89' lang='lat' dir='ltr'><strong>ita</strong></span> <span class='ocrx_word' id='word_1_429' title='bbox 585 4440 752 4515; x_wconf 89' lang='lat' dir='ltr'><strong>timuerat,</strong></span> <span class='ocrx_word' id='word_1_430' title='bbox 776 4462 851 4501; x_wconf 93' lang='lat' dir='ltr'><strong>cum</strong></span> <span class='ocrx_word' id='word_1_431' title='bbox 865 4438 1013 4501; x_wconf 90' lang='lat' dir='ltr'><strong>turribus</strong></span> <span class='ocrx_word' id='word_1_432' title='bbox 1027 4438 1094 4498; x_wconf 90' lang='lat' dir='ltr'><strong>suis</strong></span> <span class='ocrx_word' id='word_1_433' title='bbox 1107 4435 1245 4513; x_wconf 75' lang='lat' dir='ltr'><strong>belluas,</strong></span> <span class='ocrx_word' id='word_1_434' title='bbox 1266 4461 1356 4521; x_wconf 69' lang='lat' dir='ltr'><strong>quae</strong></span> 
     </span>
     <span class='ocr_line' id='line_1_51' title="bbox 126 4517 1367 4677; baseline 0.004 -84"><span class='ocrx_word' id='word_1_435' title='bbox 126 4550 197 4593; x_wconf 89' lang='lat' dir='ltr'><strong>nou</strong></span> <span class='ocrx_word' id='word_1_436' title='bbox 221 4526 291 4677; x_wconf 58' lang='lat' dir='ltr'><strong>line</strong></span> <span class='ocrx_word' id='word_1_437' title='bbox 313 4546 409 4593; x_wconf 83' lang='lat' dir='ltr'><strong>sensu</strong></span> <span class='ocrx_word' id='word_1_438' title='bbox 433 4525 651 4615; x_wconf 80' lang='lat' dir='ltr'><strong>captivitatis,</strong></span> <span class='ocrx_word' id='word_1_439' title='bbox 671 4523 840 4597; x_wconf 86' lang='lat' dir='ltr'><strong>submissis</strong></span> <span class='ocrx_word' id='word_1_440' title='bbox 864 4522 1059 4597; x_wconf 80' lang='lat' dir='ltr'><strong>cervicibus,</strong></span> <span class='ocrx_word' id='word_1_441' title='bbox 1082 4517 1225 4585; x_wconf 83' lang='lat' dir='ltr'><strong>victores</strong></span> <span class='ocrx_word' id='word_1_442' title='bbox 1248 4540 1367 4613; x_wconf 63' lang='lat' dir='ltr'><strong>equott</strong></span> 
     </span>
     <span class='ocr_line' id='line_1_52' title="bbox 127 4617 364 4697; baseline -0.017 -20"><span class='ocrx_word' id='word_1_443' title='bbox 127 4634 230 4697; x_wconf 84' lang='lat' dir='ltr'><strong>seque</strong></span> <span class='ocrx_word' id='word_1_444' title='bbox 253 4617 364 4675; x_wconf 85' lang='lat' dir='ltr'><strong>antur.</strong></span> 
     </span>
    </p>
   </div>
   <div class='ocr_carea' id='block_1_5' title="bbox 0 0 1447 4958">
    <p class='ocr_par' dir='ltr' id='par_1_5' title="bbox 0 0 1447 4958">
     <span class='ocr_line' id='line_1_53' title="bbox 0 0 1447 4958; baseline 0 0"><span class='ocrx_word' id='word_1_445' title='bbox 0 0 1447 4958; x_wconf 95' lang='lat' dir='ltr'><strong> </strong></span> 
     </span>
    </p>
   </div>
  </div>
 </body>
</html>
