2850 4958
158 275 207 387 so
534 344 542 361 ,
658 270 873 349 namur

160 438 320 527 promissa
346 435 533 502 civitatibus
554 459 572 499 s
592 435 776 523 Pompeio,
807 446 863 501 aut
878 436 966 501 -benc
987 436 1314 524 meritis'praemia‘,
1338 437 1374 505 sd

160 520 335 584 arbitrium
357 522 425 584 eius
446 519 724 606 persolverentur.
1167 534 1171 545 '
1306 524 1309 531 ’
1343 588 1349 607 ,

204 606 289 666 XLI.
311 605 449 669 Secutus
470 604 588 670 deinde
608 615 658 668 est
679 604 872 673 Consulatus
890 605 926 667 C.
951 604 1114 679 Caesaris,
1138 603 1197 687 qui
1217 602 1379 666 scribenti

158 688 290 749 manum
315 689 423 751 iniicit
437 735 447 764 ,
481 697 513 750 et
541 688 722 773 quamlibet
752 689 958 753 festinantem
990 688 1025 753 in
1053 709 1087 751 se
1118 688 1244 750 morari
1277 686 1378 775 cogit.

159 770 223 831 Hie
252 770 455 834 nobilissima
483 770 647 841 Iuliorum
667 773 796 858 genitus
821 770 965 845 familia,
992 778 1024 831 et
1046 769 1137 856 quod
1158 770 1247 833 inter
1268 790 1379 837 omnes

160 853 399 938 antiquissimos
424 855 615 929 constabat,
637 857 678 919 ab
700 854 842 925 Anchise
863 876 900 921 ac
923 854 1052 917 Venere
1077 852 1240 916 deducens
1263 874 1377 955 qenes,

155 936 264 999 forma
286 940 433 1008 omnium
452 938 572 1007 cisium
594 936 892 1012 excellentissimus,
914 938 1029 1021 rigore
1050 937 1150 1005 animi
1173 958 1376 1027 acerrsmuqs

157 1020 400 1093 munificentiae
423 1020 652 1097 effusissimus,
675 1022 784 1084 animo
806 1042 906 1103 super
929 1021 1104 1088 humanam
1126 1028 1159 1082 et
1178 1028 1381 1093 naturamet

159 1101 257 1167 iidem
288 1115 438 1181 evectus,
470 1106 693 1191 magnitudine
724 1106 985 1183 cogitationum,
1019 1103 1188 1171 'celeritate
1208 1102 1379 1179 bellandi,

158 1189 318 1270 patientia
341 1188 589 1275 periculorum,
611 1191 729 1274 Magno
757 1190 805 1255 illi
828 1187 1035 1261 Alexandro,
1060 1186 1118 1249 sed
1140 1186 1256 1249 sobrio
1274 1202 1381 1271 neque

160 1269 343 1347 iracundo,
367 1272 574 1347 simillimus,
597 1273 654 1357 qui
676 1272 817 1357 danique
838 1292 966 1354 semper
990 1280 1022 1332 et
1047 1290 1162 1337 somno
1185 1278 1219 1333 at
1240 1269 1322 1333 cibo
1348 1270 1382 1337 ln

158 1353 272 1431 vitam,
294 1376 361 1419 non
383 1357 416 1418 in
439 1354 641 1439 'voluptatem
663 1364 833 1431 uteretur,
858 1377 959 1440 quum
982 1354 1097 1418 fuisset
1118 1355 1153 1416 C.
1176 1352 1290 1417 Mario
1306 1374 1382 1415 sau·

160 1436 259 1521 guine
288 1439 593 1513 coniunctissimus,
627 1447 724 1523 atque
751 1438 838 1501 idem
869 1438 989 1500 Cinnae
1013 1457 1113 1521 gener
1136 1436 1245 1517 (cuius
1277 1434 1380 1507 liliam

160 1528 198 1581 ut
218 1521 427 1603 repudiaret,
448 1522 540 1591 nullo
562 1532 650 1589 nsctu
672 1522 828 1605 compelli
848 1520 982 1606 potuit:
1007 1542 1108 1603 quum
1125 1520 1171 1581 M.
1194 1520 1276 1583 Piso
1296 1520 1379 1581 Con·

161 1603 278 1667 sularis
298 1603 460 1681 Anniam,
490 1627 573 1691 quae
601 1607 722 1669 Cinnae
742 1627 827 1673 uxor
854 1610 983 1678 fuerat,
1016 1606 1051 1667 in
1071 1602 1182 1666 Sullae
1203 1602 1382 1667 dimisisset

160 1689 335 1777 gratiam),
370 1688 603 1775 habuissetque
636 1692 706 1753 fere
735 1690 834 1769 XIIX
864 1708 987 1761 annos,
1024 1708 1063 1751 eo
1095 1693 1270 1773 tempore,
1313 1707 1379 1771 quo

160 1769 251 1835 Sulla
277 1793 389 1835 rernm
411 1772 539 1854 potitus
561 1782 627 1847 est·,
658 1772 760 1854 magis
787 1773 945 1835 ministris
969 1769 1079 1837 Sullae
1104 1768 1380 1853 adiutoribusqus

159 1855 328 1939 partium,
361 1876 459 1939 qaam
484 1856 579 1938 ipso,
612 1857 883 1940 conquirentibus
913 1876 987 1923 eum
1018 1851 1057 1913 ad
1089 1873 1224 1926 necent,
1256 1860 1380 1915 mutan

160 1945 272 2010 reste,
295 1934 551 2022 dissimilemque
573 1938 726 2000 fortunae
748 1959 825 2000 suae
843 1932 977 2003 indutus
989 1933 1154 2011 habitum,
1170 1942 1270 2004 noete
1285 1934 1378 2001 Urbs

113 2092 123 2101 .
163 2019 289 2103 elapsus
310 2027 371 2082 est.
410 2018 503 2082 Idem
523 2027 639 2105 postea
660 2020 836 2083 admodum
860 2020 1146 2101 iuvenis,quuma
1168 2018 1289 2101 piratis
1314 2040 1377 2083 ea.

161 2111 237 2187 ptus
259 2111 361 2177 esset,
387 2101 433 2164 ita
458 2124 492 2164 se
510 2126 573 2188 per
592 2125 688 2165 omne
713 2105 875 2188 spatium,
903 2126 969 2188 qno
995 2103 1035 2164 ab
1059 2102 1113 2163 his
1134 2110 1282 2165 retentus
1310 2104 1379 2187 est,

161 2185 250 2270 apud
269 2206 325 2247 eos
345 2186 449 2271 gesit,
475 2195 512 2249 ut
535 2187 662 2271 pariter
681 2186 734 2248 his
754 2189 878 2251 terrori
901 2186 1172 2268 venerationique
1192 2194 1301 2261 esset,
1321 2208 1381 2249 nc-

162 2291 229 2355 que
247 2291 403 2352 umquam
427 2277 484 2330 aut
507 2280 606 2332 nocte
626 2277 684 2331 aut
701 2269 755 2331 dic
780 2275 854 2350 (eur
881 2271 989 2345 enim,
1019 2269 1109 2353 qnod
1133 2268 1185 2330 rel
1205 2268 1381 2333 maximu-

164 2364 233 2427 est,
260 2353 288 2415 si
311 2351 440 2415 narrari
460 2353 570 2415 verbis
591 2354 747 2436 speciosis
763 2375 831 2417 non
851 2362 979 2438 potest,
1000 2349 1212 2429 omittaturl)
1239 2361 1300 2415 aut
1323 2374 1381 2417 ex-

163 2437 385 2509 calceantur,
411 2443 468 2498 aut
488 2435 746 2521 discingeretur3
773 2439 805 2500 in
831 2437 898 2500 hoe
925 2435 1069 2511 scilicet,
1100 2456 1163 2510 ne,
1191 2436 1220 2499 si
1246 2436 1378 2521 qnando

163 2517 350 2605 aliquid'ex
372 2516 472 2581 salita
496 2520 662 2593 sanaret,
686 2529 857 2606 suspectus
881 2520 956 2595 his,
981 2521 1039 2605 qui
1060 2517 1166 2583 oculis
1185 2527 1381 2583 tantummo-

164 2602 303 2667 doeum
325 2601 575 2679 custodiebant,
601 2603 701 2664 foret.
1123 2676 1126 2681 Ι

52 2691 56 2707 “
159 2730 165 2740 .
205 2683 309 2747 XLII.
335 2686 484 2770 Longum
502 2694 553 2748 est
569 2705 726 2759 narrare,
798 2684 832 2746 id
853 2694 885 2747 et
905 2684 1034 2768 quoties
1052 2705 1146 2745 ausus
1169 2684 1236 2759 sit,
1256 2692 1379 2770 quanto

165 2787 268 2851 opere
296 2776 414 2829 conata
442 2768 533 2843 eius,
565 2768 622 2850 qui
642 2704 817 2832 obtinebit·
834 2767 966 2841 Asiam,
987 2767 1193 2847 magistratus
1217 2776 1380 2851 proventu

163 2872 224 2925 suc
249 2849 447 2913 destituerit.
489 2850 577 2925 Illud
596 2852 761 2916 referatur
786 2851 1018 2915 documentum
1043 2851 1133 2912 tanti.
1152 2872 1229 2913 mox
1254 2850 1381 2915 evasuri

163 2935 240 2997 viri.
284 2936 377 3015 Quae
405 2954 473 2997 nox
502 2957 573 2998 eam
598 2933 686 2998 diem
712 2944 822 2999 secuta
851 2943 919 3011 est,
953 2956 1018 3020 qua
1050 2934 1183 3017 publica
1209 2936 1379 3000 civitatum

163 3018 303 3101 pecunia
324 3015 488 3081 redemtus
508 3027 572 3094 est,
594 3018 653 3096 (ita
675 3028 795 3095 umen,
816 3030 855 3081 ut
875 3024 1013 3102 cogeret
1034 3027 1108 3077 ante
1130 3016 1261 3080 obsides
1281 3044 1301 3082 a
1320 3020 1379 3105 pi-

164 3103 245 3165 ratis
265 3101 455 3165 civitatibus
475 3101 547 3166 dari
558 3105 583 3183 ,)
605 3111 775 3165 contracte
796 3100 908 3175 classe,
935 3110 968 3162 et
987 3099 1115 3181 privata
1138 3108 1171 3160 et
1191 3104 1379 3167 tumultua-

165 3185 236 3261 ria,
258 3185 403 3248 insectus
426 3186 460 3247 in
481 3206 555 3248 eum
575 3185 705 3260 locum,
728 3186 763 3247 in
785 3207 850 3266 quo
875 3183 938 3268 ipsi
959 3179 1141 3264 praedones
1164 3193 1277 3263 erant,
1295 3202 1379 3271 'pas-v
1424 3197 1425 3200 ’

164 3275 232 3328 tem
267 3268 377 3330 elassis
406 3269 567 3353 fugavit,
587 3277 716 3349 partem
745 3268 876 3341 mersit,
910 3264 1038 3347 aliquot
1057 3288 1163 3327 naves
1195 3268 1380 3355 multosque

165 3349 320 3411 mortales
348 3350 456 3431 oepit:
484 3350 654 3430 laetusque
681 3357 862 3410 nocturnae
885 3346 1124 3432 expeditionis,
1148 3351 1319 3437 triumpho
1341 3350 1381 3415 ad

164 3451 241 3493 suos
262 3450 410 3493 reversus
431 3439 500 3506 est3
523 3431 748 3511 mandatisque
769 3430 959 3506 custodiae,
983 3452 1066 3514 quos
1088 3438 1299 3514 ceperat,in
1320 3437 1381 3499 tti-

118 3584 119 3588 ,
165 3512 297 3597 thynia,
319 3512 468 3596 perrexit
490 3516 531 3577 ad
552 3511 790 3586 Proconsulem
811 3514 959 3589 Iunium,
991 3517 1075 3592 (tum
1094 3515 1183 3581 idem
1203 3520 1291 3581 enim
1314 3519 1384 3583 tat-

164 3618 218 3659 am
239 3618 311 3658 eam
331 3612 463 3681 quoque
485 3596 671 3677 obtinebat)
692 3605 827 3679 petens,
860 3607 899 3661 ut
916 3596 1036 3661 'auctor
1056 3599 1150 3662 fieret
1170 3602 1320 3666 sumendi
1342 3602 1381 3665 de

166 3680 303 3763 captivis
324 3678 491 3767 supplicii.
524 3679 623 3758 Quod
638 3703 740 3764 quum
761 3679 816 3744 ille
837 3703 870 3745 sc
891 3685 1055 3745 facturum
1076 3693 1233 3766 negasset,
1256 3686 1382 3766 rendi·-

164 3771 341 3847 turumque
362 3766 508 3849 captivos
531 3763 666 3827 dixisset
685 3766 824 3850 (quippe
846 3767 1045 3852 sequebatur
1059 3766 1182 3831 invidia
1197 3770 1384 3848 inertiam);

164 3846 354 3911 incredibili
374 3849 540 3912 celeritate
561 3856 709 3910 revectus
731 3852 771 3913 ad
792 3872 905 3926 mare,
928 3851 1119 3935 prinsquam
1142 3852 1182 3912 de
1204 3874 1241 3913 ea
1263 3874 1300 3917 re
1319 3852 1383 3915 ulli

163 3929 378 4076 {rqconsulqs
409 3930 627 3996 redderentur
649 3933 829 4031 epistolae,
853 3955 964 3998 omnes
975 3982 985 4011 ,
1021 3955 1104 4018 quos
1124 3945 1277 4018 ceperat,
1293 3936 1384 3998 aus-

192 4036 223 4076 xr
270 4036 373 4077 cruc.
1048 4030 1050 4034 ’

210 4099 329 4160 XLIII.
360 4097 451 4165 Idem
478 4122 556 4163 mox
587 4098 627 4161 ad
648 4098 876 4162 Sacerdotium
903 4099 1083 4162 ineundum
1104 4100 1245 4185 (quippe
1266 4098 1381 4165 absens

167 4179 323 4244 Pontifex
342 4183 446 4246 factus
467 4193 539 4246 erat
558 4183 591 4244 in
614 4183 728 4245 Cottae
757 4183 946 4245 Consularis
967 4183 1100 4255 locum,
1129 4204 1252 4267 quum,
1277 4208 1383 4269 paens

168 4286 290 4345 puers
311 4268 417 4330 Mario
442 4267 605 4350 Cinnaque
624 4264 757 4327 Flamen
789 4267 894 4328 Dialis
912 4272 1056 4338 creatus,
1085 4267 1225 4331 victoria
1248 4269 1382 4343 Sullae,

169 4349 225 4429 qui
249 4350 357 4413 omnia
378 4349 418 4412 ah
441 4351 481 4412 iis
503 4357 575 4412 acta
595 4349 724 4411 fecerat·
737 4348 850 4421 irrita,
873 4349 1045 4413 amississet
1074 4349 1107 4411 id
1124 4350 1386 4432 Sacerdotium)

166 4433 321 4496 testinans
351 4434 385 4496 iu
416 4433 565 4504 ltaliam,
597 4442 639 4493 ne
668 4430 915 4512 conspiceretur
946 4455 964 4492 a
1004 4433 1243 4511 praedonibus,
1276 4439 1387 4499 omnia

168 4525 247 4579 tune
275 4515 499 4580 obtinentibus
519 4515 633 4578 ¹maria
665 4522 698 4575 et
724 4515 842 4576 merito
876 4517 941 4577 iam
969 4514 1093 4578 infestis
1127 4518 1211 4594 sibi,
1241 4528 1388 4603 quatuor

132 4634 134 4638 ·
167 4601 363 4664 scalmorum
383 4622 496 4663 narem
509 4648 517 4675 ,
532 4620 605 4663 uua
625 4616 699 4661 oum
722 4598 849 4665 duabus
869 4600 981 4665 amicis
1002 4600 1179 4687 decemque
1199 4605 1301 4669 seruis
1330 4606 1387 4671 in·
