2850 4958
883 41 900 79 ἱ

379 324 448 399 os
470 322 725 402 recasura
748 268 984 401 accusat}
1044 304 1047 309 ’
1095 292 1105 315 ’“
1135 350 1157 405 -,
1220 290 1299 405 sss

88 494 261 581 Tarquinii
292 498 406 567 natus,
439 499 472 553 st
493 491 632 554 adultus.
677 490 757 552 Cum
778 490 971 551 Veientibus
993 495 1026 550 et
1047 484 1193 549 Etruscis
1212 489 1295 571 priv

88 603 178 659 nrum
198 578 320 639 bellum
341 576 474 639 sumsit:
498 577 616 658 quibus
636 575 813 637 fortissime
834 575 946 648 victis,
970 573 1087 656 insigni
1108 572 1214 655 gloria
1236 572 1297 633 vi-

89 674 165 736 ctor
185 661 295 723 rediit.
334 660 475 735 ,Censum
495 661 620 742 primus
642 658 804 731 instituit,
828 679 893 747 quo
916 665 948 717 et
967 658 1041 739 paci
1063 666 1096 717 et
1118 654 1205 718 bello
1230 677 1295 736 op-

85 757 232 829 portuna
254 742 502 813 redimerentur.
546 744 584 803 ln
606 742 720 803 classes
741 743 968 823 centuriasque
991 740 1151 829 populum
1172 738 1295 817 divisit,

86 830 191 892 Domi
220 848 299 909 pace
327 825 539 907 tranquilla,¹
555 834 587 886 et
609 827 689 896 foris
711 825 745 884 in
767 824 886 898 armis,
910 824 998 909 quod
1019 844 1147 887 necesse
1167 823 1295 896 fuerat,

85 908 312 983 sollertissima
333 910 447 969 statuit
468 908 637 968 industria.
683 908 774 968 Cives
797 928 925 979 omnes,
946 906 1072 988 pedites
1095 907 1295 992 equitesque,

93 996 149 1078 qui
171 1015 259 1053 arma
286 993 372 1053 ferre
397 999 547 1074 possent,
576 991 609 1050 in
640 1013 788 1072 campum
815 991 969 1057 Martium
992 991 1166 1051 convenire
1189 989 1296 1063 edicto

91 1070 201 1148 iussit,
223 1076 337 1157 ibique
358 1074 537 1143 exercitum
559 1074 752 1134 instructum
774 1073 911 1146 ordine,
934 1095 1057 1155 porco,
1082 1094 1154 1145 ore,
1178 1081 1302 1132 attau-

92 1183 133 1222 ro
155 1152 287 1235 lustrati
324 1157 405 1218 Inde
425 1156 466 1217 ad
486 1165 636 1239 posteros
655 1157 794 1218 lustrum
823 1166 1064 1237 nuncupatum:
1096 1177 1161 1238 quo
1196 1167 1299 1216 octo-

87 1245 179 1327 ginta
200 1240 301 1317 millia
323 1241 443 1303 civium
465 1261 558 1300 censa
579 1241 778 1301 referuntur.
821 1241 896 1300 Duo
920 1238 1019 1300 colles
1043 1239 1127 1300 Urbi
1148 1246 1218 1299 tum
1240 1239 1302 1300 ada
1348 1252 1351 1257 '

86 1325 174 1397 diti,
197 1322 370 1405 Viminalis
391 1332 425 1384 et
445 1322 645 1401 Quirinalis,
669 1333 701 1384 et
721 1322 909 1405 Esquiliae,
932 1322 989 1383 ubi
1010 1322 1079 1417 ipse
1093 1321 1222 1405 ,regiam
1236 1322 1303 1405 bass

90 1409 176 1471 buit.
218 1407 363 1490 Aggere,
386 1407 472 1466 fossa
494 1416 526 1469 et
546 1427 661 1478 muro,
685 1407 868 1491 quanrbi
889 1405 1072 1478 adiecerat,
1096 1404 1305 1466 circumclua·

93 1495 149 1553 sit.
191 1492 316 1551 Dianae
346 1489 510 1572 templum·
534 1488 693 1550 condidit.
736 1490 907 1555 Postremo
931 1510 949 1547 a
971 1489 1073 1551 Lucio
1096 1488 1300 1573 Tarquinio,

91 1574 199 1638 Prisci
229 1573 402 1654 Tarquinii
435 1572 525 1647 tilio,
556 1582 588 1634 et
618 1593 737 1655 genero
772 1595 853 1648 suo,
890 1593 974 1632 anno
1010 1570 1102 1670 regni
1133 1572 1302 1643 tricesImo

90 1666 233 1743 quarto,
257 1657 291 1716 in
313 1659 384 1716 vico
408 1657 531 1738 Cyprio
555 1657 781 1732 obtruncatur,

82 1750 89 1779 ²·
137 1740 256 1799 XXIX.
288 1738 484 1822 Tarquinius
506 1738 582 1800 inde
603 1760 739 1821 reguum
760 1737 898 1801 invadit:
923 1737 978 1819 qul
997 1737 1080 1798 male
1093 1747 1224 1821 partum
1239 1739 1305 1799 im-

91 1824 224 1904 perium
256 1823 301 1882 ita
323 1823 559 1883 contumaciter
581 1826 681 1895 rexit,
719 1833 755 1884 ut
777 1842 957 1904 cognomen
979 1820 1128 1902 Superbo
1151 1822 1214 1883 sibi
1236 1822 1306 1883 vin·

93 1906 232 1967 dicaret.
277 1905 315 1981 In
335 1905 449 1966 Patres
471 1926 507 1966 ac
531 1906 683 1967 Senatum
705 1907 865 1977 saeviens,
889 1905 1011 1964 iniussu
1030 1905 1170 1993 populi,
1193 1904 1233 1965 ad
1259 1905 1306 1966 ti.

90 1988 199 2048 bitum
221 2008 316 2070 agere
338 1989 446 2049 omnia
469 1990 590 2074 coepit.
635 1990 817 2062 Occidere,
848 2008 1039 2065 carcerare,
1069 1988 1195 2051 afficere
1217 2009 1306 2071 sup-‚-

94 2069 216 2152 plicio,
239 2073 288 2147 sni
312 2072 392 2132 iuris
412 2072 502 2134 fecit.
546 2075 626 2136 Cum
648 2073 777 2135 Volscis
798 2069 920 2132 bellum
942 2070 1079 2135 habuit:
1104 2073 1223 2154 quibus
1247 2092 1307 2133 ex-

85 2153 264 2236 pugnatis,
289 2154 409 2237 oppida
430 2155 576 2218 Suessam
599 2166 631 2217 et
651 2157 833 2229 Pometiam
856 2152 989 2234 eripuit.
1032 2154 1160 2216 Fraude
1183 2165 1215 2216 et
1238 2176 1305 2217 non

91 2238 183 2299 bello
208 2238 328 2298 Gabios
349 2239 544 2323 subiugavit,
569 2249 602 2302 et
622 2241 823 2301 cruciatibus
844 2237 981 2301 attrivit.
1021 2238 1100 2311 Cum
1117 2238 1306 2321 Aequicolis

95 2330 129 2382 et
153 2320 297 2381 Etruscis
319 2322 453 2383 foedera
483 2325 600 2385 tenuit.
644 2323 732 2383 Iovis
763 2319 942 2403 templum,
972 2320 1062 2401 quod
1083 2323 1116 2381 ln
1140 2310 1305 2403 capitalib

93 2412 190 2488 pater
211 2404 443 2486 inceptavcrat,
465 2408 606 2466 maximo
630 2404 796 2491 impendio
820 2424 856 2463 ac
869 2402 1002 2474 labore,
1026 2402 1066 2460 ad
1088 2402 1215 2467 culmen
1231 2425 1309 2465 ere-

91 2489 153 2548 xit.
198 2489 336 2561 Demum
359 2488 402 2546 ob
425 2488 596 2557 Lucretiae
613 2509 677 2566 per
695 2489 761 2548 vim
781 2486 863 2561 illati
886 2486 991 2567 stupri
1014 2484 1153 2548 dedecus
1175 2484 1306 2555 aSexto

94 2569 293 2653 Tarquinio,
317 2569 385 2641 eius
407 2568 494 2641 filio,
517 2571 603 2641 Iunii
620 2572 710 2632 Bruti
728 2592 827 2653 opera
850 2590 950 2652 regno
966 2567 1076 2651 pulsus
1092 2571 1125 2630 in
1140 2570 1309 2639 Etruriam

100 2653 277 2715 exsulatum
301 2671 374 2711 cum
395 2649 529 2713 scelesta
550 2655 689 2736 coniuge
711 2676 748 2721 ac
770 2653 844 2720 filiis
866 2652 942 2734 fuga
962 2655 1119 2734 perrexit,
1144 2675 1227 2717 anno
1249 2674 1309 2715 re·-

96 2737 152 2818 gni
176 2735 341 2795 tricesimo
364 2732 504 2816 quinto,
535 2736 576 2796 ab
598 2739 690 2809 Urbe
710 2757 789 2798 vero
811 2735 942 2809 condita
972 2736 1192 2801 ducentesimo
1216 2759 1310 2821 qua-

96 2819 281 2896 dragesimo
304 2826 434 2897 quarto.

133 2902 236 2961 XXX.
269 2900 422 2980 Depulsis
449 2901 580 2985 regibus
609 2903 669 2963 sub
698 2899 894 2962 Consulibus
925 2923 1031 2963 annuo
1066 2903 1204 2985 imperio
1235 2902 1309 2966 iura

94 2985 239 3045 Romana
263 2984 366 3063 fuere.
409 2984 564 3057 Senatus,
589 2995 626 3045 ut
648 2987 787 3064 [rerum]
809 2983 951 3044 solidum
973 3007 1110 3065 corpus,
1136 2989 1306 3053 ‚immuta-

92 3062 163 3130 bile
186 3075 274 3137 erat3
299 3066 473 3149 Consules,
496 3067 586 3131 velut
604 3068 766 3139 membra:
796 3068 949 3138 Senatus,
975 3070 1167 3143 consilium,
1192 3080 1223 3131 et
1244 3092 1309 3133 re-

96 3172 169 3212 rum
193 3149 406 3224 deliberati03
431 3150 604 3223 Consules,
629 3151 669 3219 ad
690 3150 837 3221 consulta
857 3152 1041 3233 peragenda
1063 3155 1180 3233 parati.

92 3250 95 3255 '
134 3234 254 3315 XXXI.
287 3234 469 3295 Dictatoris
492 3233 687 3314 imperium,
721 3232 810 3315 quod
832 3241 959 3294 ceteros
980 3238 1185 3315 magistratus
1206 3255 1310 3296 exce-,-

94 3316 211 3389 debat,
234 3316 274 3377 ad
296 3326 459 3389 terrorem
482 3325 694 3388 cunctorum,
715 3319 807 3389 tum,
829 3338 930 3398 quum
951 3338 1001 3378 res
1023 3318 1167 3395 Romana
1190 3321 1226 3389 in
1249 3339 1309 3378 ex-

93 3399 207 3457 tremis
226 3401 382 3479 periculis
403 3411 519 3461 nutare
540 3407 742 3471 cerneretur,
767 3400 950 3473 creabatur,
973 3420 1116 3463 summae
1140 3402 1310 3486 potentiae

96 3481 229 3541 unicum
252 3482 363 3561 robur.
406 3484 487 3559 Inde
510 3484 552 3545 ob
575 3481 874 3553 truculentissimas,
887 3484 973 3555 inter
995 3486 1153 3565 patricios
1177 3496 1208 3547 et
1228 3484 1311 3568 pice

95 3563 189 3625 beias
215 3562 410 3643 seditiones,
432 3566 525 3649 plebs
546 3565 852 3639 armata,·maximo
877 3586 950 3625 cum
970 3574 1102 3645 terrore
1122 3570 1307 3640 nobilium,

96 3649 132 3708 in
154 3646 364 3727 Aventinum,
388 3658 439 3721 et,
462 3659 499 3709 ut
520 3649 592 3721 aliis
613 3649 740 3731 placet,
766 3649 800 3711 in
821 3646 954 3723 Sacrum
972 3651 1094 3711 'collem
1116 3656 1289 3712 secesserat
1298 3670 1308 3721 ι,

96 3750 157 3789 nec
179 3728 255 3790 inde
277 3728 394 3789 abduci
415 3732 546 3811 potuit,
571 3732 696 3805 donec,
727 3731 767 3792 ad
788 3734 936 3795 favorem
957 3734 1027 3810 sul,
1058 3733 1198 3819 Tribuni
1228 3733 1308 3819 ple-

98 3812 168 3873 beii
191 3813 335 3893 primum
355 3822 556 3897 crearentur.

139 3895 277 3955 XXXII.
314 3896 391 3955 Mox
413 3896 452 3956 ad
466 3896 678 3959 Decemviros
693 3916 744 3957 res
757 3899 857 3959 venit.
881 3899 962 3959 Nam
976 3900 1187 3961 Decemviros
1203 3902 1311 3965 creari

96 3978 233 4059 placuit,
256 3977 313 4060 qui
335 3979 405 4039 sinc
426 3979 491 4039 alio
509 3979 698 4061 magistratu
712 4001 819 4055 annuo
835 3982 975 4064 imperio
991 3982 1203 4064 Reipublicae
1217 4007 1311 4065 prae·

100 4073 217 4124 essent.
261 4062 355 4121 Anno
379 4062 419 4123 ab
440 4063 534 4123 Urbe
556 4062 686 4123 condita
708 4085 774 4124 uno
798 4071 830 4124 et
853 4067 1093 4138 trecentesimo,
1114 4066 1180 4129 hoc
1202 4068 1310 4145 impe-

98 4144 184 4203 rium
205 4146 239 4206 in
262 4144 371 4225 Appio
395 4144 552 4219 Claudio,
577 4146 770 4219 atrocissimi
792 4147 913 4229 ingenii
935 4150 1021 4221 viro,
1041 4148 1188 4211 desinere
1203 4151 1310 4212 voluit

98 4226 239 4287 eiusdem
263 4229 424 4289 obstinata
444 4229 601 4310 perfidia:
626 4230 668 4288 ob
692 4231 784 4291 cuius
806 4230 959 4292 scelestae
973 4232 1120 4293 libidinis
1134 4235 1223 4294 nefas
1239 4236 1310 4295 rio·

96 4307 211 4369 landae
232 4310 422 4391 virginiae,
450 4313 585 4393 virginis
607 4311 853 4393 pudicissimae,
887 4335 920 4375 se
942 4315 1093 4377 abdicare
1118 4316 1307 4397 magistratu

98 4393 284 4455 Decemviri
306 4394 411 4457 eoacti
434 4404 518 4455 sunt.
564 4396 646 4454 Tum
669 4394 710 4455 ad
732 4396 886 4458 Consules
907 4420 958 4459 res
978 4397 1134 4459 redierat.

143 4476 296 4536 XXXIII.
330 4480 453 4540 Verum
476 4477 587 4561 paullo
610 4487 696 4558 post,
721 4478 875 4540 Tribunis
896 4482 1001 4562 plebis
1024 4481 1224 4553 auctoribus,
1247 4505 1307 4545 ee-

100 4559 241 4627 ditionc,
257 4568 292 4618 ut
308 4561 395 4633 alias,
414 4571 498 4634 orta,
515 4563 721 4623 intercutem
739 4563 911 4624 obtinuere
931 4565 1064 4645 plebeii,
1081 4576 1116 4625 ut
1134 4574 1165 4623 ct
1180 4566 1309 4628 Triba-

99 4665 159 4704 nos
182 4643 337 4705 militares
361 4645 532 4720 baberent,
554 4646 637 4731 sicut
658 4654 690 4708 et
709 4645 867 4729 plebeios.
906 4648 970 4711 Sed
992 4649 1027 4711 bi
1050 4649 1236 4735 promiscue
1257 4643 1332 4716 vel¹
