2850 4958
499 253 645 332 staua
682 252 919 351 neclnns.
1243 255 1328 361 ιω,

102 421 282 523 insiguiter
300 417 546 494 moderaturus,
567 419 595 482 si
616 439 678 503 per
695 419 761 482 fata
783 419 939 504 licuisset,
980 413 1184 484 Liberalibus
1203 418 1313 482 disei-

99 507 209 593 plims
230 505 379 588 apprime
401 503 567 585 eruditus:
591 503 724 565 Graecis
746 504 890 579 doctior,
913 510 1011 587 atque
1031 502 1124 576 adeo,
1146 502 1311 566 utbatina

104 590 295 660 eruditione
315 608 518 672 nequaquam
539 608 614 649 cnm
641 587 766 648 Graeca
781 586 921 660 ‚seientia
940 585 1157 649 conveniret(
1181 585 1313 649 Facun-

106 673 162 749 dia
185 671 306 756 ingenti
333 678 569 754 etprompta,
596 671 774 733 memoriae
803 669 1042 744 tenacissimae,
1064 668 1098 730 in
1118 669 1312 753 quibusdam

103 755 308 841 philosopho
338 757 492 837 propior.
536 754 575 814 In
606 755 728 821 amicos
752 749 917 818 liberalis:
950 752 1007 816 sed
1028 752 1132 814 minus
1153 752 1310 837 diligens.

103 861 205 923 quam
236 847 362 900 tantum
392 837 576 920 principem
605 836 739 911 decuit3
775 839 909 899 fuerunt
939 837 1027 899 enim
1057 835 1224 913 nonnulli,
1253 837 1312 921 qui

103 922 242 1003 vulnera
269 921 395 1004 gloriae
424 922 492 982 eius
519 921 710 983 inferrent.=
731 921 769 981 In
797 919 1014 1003 provinciales
1045 918 1252 994 iustissimus,
1278 926 1312 981 et

104 1006 333 1078 tributorum,
356 1013 516 1087 quatenus
535 1001 606 1064 fieri
627 1013 757 1085 posset,
779 1023 969 1086 repressor:
992 1002 1096 1067 civilis
1110 1002 1144 1063 in
1159 1011 1309 1064 cunctos:

65 1114 72 1119 ·
100 1089 306 1153 mediocrem
337 1087 460 1149 habens
483 1085 609 1147 'aerarii
641 1099 773 1148 curam:
804 1088 929 1171 gloriae
949 1086 1079 1161 avidus,
1101 1106 1138 1165 ac
1158 1107 1220 1169 per
1240 1098 1311 1148 eam

72 1222 76 1227 .
99 1172 202 1235 animi
233 1170 427 1254 plerumque
448 1167 637 1232 immodici:
670 1169 816 1250 [nimius]
839 1169 1008 1254 religionis
1029 1168 1231 1231 Christianae
1255 1169 1311 1231 in-

77 1263 269 1326 .'sectator,
291 1253 429 1334 perinde
447 1261 570 1325 tamen,
592 1260 629 1313 ut
650 1273 770 1314 cruore
790 1252 979 1315 abstineret.
1008 1253 1121 1317 Marso
1140 1252 1309 1316 Antonino

65 1350 172 1400 :non
194 1335 368 1414 absimilis,
390 1358 486 1420 quem
508 1335 605 1398 etiam
626 1335 781 1398 aemulari
803 1334 964 1399 studebat.

65 1416 75 1487 ,”.
148 1419 257 1480 XVII.
289 1419 370 1480 Post
389 1420 478 1482 hunc
506 1420 745 1495 Iov1snus,
774 1422 831 1504 qui
859 1427 936 1481 tunc
964 1416 1159 1482 domesticus
1185 1417 1312 1482 milita-

65 1508 71 1513 '
98 1499 184 1575 ba't,
216 1501 255 1562 ad
288 1501 502 1565 obtinendum
531 1501 706 1583 imperium
737 1523 894 1566 consensu
921 1503 1082 1565 exercitus
1108 1501 1210 1563 lectus
1237 1509 1307 1562 est:

65 1582 390 1649 *commendatione
416 1585 540 1668 patris,
572 1605 668 1667 quam
698 1604 773 1660 sua,
804 1585 965 1648 militibus
987 1583 1112 1646 notior.
1155 1582 1221 1662 Qui
1245 1587 1310 1646 iam

91 1668 247 1747 ²turbatis
268 1669 386 1744 rebus,
409 1668 555 1731 exercitu
579 1688 711 1751 quoque
731 1667 843 1753 inopia
863 1668 1055 1743 laborante,
1077 1689 1141 1729 uno
1164 1689 1182 1728 a
1202 1666 1310 1728 Persis

65 1746 72 1761 ⁹
96 1759 204 1833 atque
234 1750 339 1814 altero
370 1751 499 1834 proelio
530 1750 657 1824 victus,
686 1771 800 1836 pacem
831 1774 905 1814 cum
924 1752 1070 1836 Sapore,
1098 1749 1319 1815 necessariam

70 1833 258 1919 -¹quidem,
280 1834 336 1896 sed
359 1834 536 1919 ignobilem
563 1833 663 1894 fecit:
687 1833 840 1896 multatus
861 1834 996 1910 finibus,
1018 1855 1056 1896 ao
1075 1833 1229 1903 nonnulla
1243 1830 1311 1903 im-

99 1918 191 2006 perii
212 1918 349 1979 Romani
370 1926 466 2000 parte
486 1915 626 1991 tradita,
659 1915 748 1998 quod
771 1927 844 1978 ante
865 1940 938 1980 eum
959 1917 1049 1980 annis
1069 1915 1159 1978 mille
1179 1922 1310 1985 centum

65 2022 80 2061 -.·
100 2008 139 2067 et
159 2000 286 2063 duobus
308 2001 349 2064 de
369 2000 484 2085 viginti
506 2000 588 2074 fere,
610 2018 649 2059 ex
670 2021 736 2081 quo
757 1999 937 2063 Romanum
952 2000 1125 2085 imperium
1140 1997 1310 2062 conditum

65 2070 197 2161 l'erat,
228 2095 404 2166 numquam
436 2081 566 2145 accidit.
621 2081 709 2160 Quin
741 2083 836 2144 etiam
864 2082 1009 2169 legiones
1038 2091 1167 2144 nostrae
1197 2084 1244 2144 ita
1275 2090 1310 2145 et

65 2166 192 2249 &apud
224 2167 380 2230 Caudium
409 2187 470 2248 per
497 2162 655 2226 Pontium
684 2164 890 2242 Telesinam,
924 2174 956 2228 et
979 2165 1013 2229 in
1042 2164 1197 2248 Hispania
1221 2163 1309 2246 apud

65 2252 76 2321 “,·
98 2248 332 2326 Numantiam,
365 2259 398 2313 et
426 2249 460 2309 in
491 2246 645 2311 Numidia
674 2249 735 2311 sub
764 2250 876 2335 iugum
903 2250 1017 2312 missae
1045 2257 1137 2321 sunt,
1167 2258 1204 2310 ut
1223 2245 1310 2312 nibil

65 2328 211 2413 {umen
232 2333 345 2394 finium
365 2331 561 2395 traderetur.
603 2329 650 2390 Ea
670 2332 760 2415 pacis
781 2332 929 2395 conditio
956 2355 1023 2395 non
1043 2332 1172 2414 penitus
1192 2353 1311 2414 repre-

65 2392 272 2483 ¹llaendends
294 2418 401 2490 foret,
433 2415 459 2475 si
481 2413 624 2476 foederis
644 2414 885 2491 necessitatem,
912 2438 1015 2498 quum
1037 2416 1200 2496 integrum
1219 2414 1284 2477 fuis
1295 2459 1305 2488 ,

65 2498 229 2577 {mutare
256 2499 432 2561 voluisset:
460 2497 545 2560 sicut
573 2519 591 2558 a
617 2496 791 2574 Romanis,
823 2499 973 2561 omnibns
998 2497 1051 2560 bis
1078 2498 1195 2569 bellis,
1224 2515 1308 2580 quae

65 2580 73 2595 '¹
98 2583 379 2657 commemoravi,
400 2583 520 2642 factum
542 2585 603 2640 est.
645 2580 727 2641 Nam
747 2590 780 2643 et
799 2580 1010 2654 Samnitibus,
1034 2589 1066 2642 et
1084 2578 1305 2653 Numantinis,

100 2661 137 2731 et
158 2662 307 2726 Numidis
328 2664 498 2725 confestim
520 2658 605 2724 bella
626 2661 716 2724 illata
736 2674 821 2739 sunt,
844 2685 948 2746 neque
968 2681 1031 2745 pax
1052 2672 1120 2725 rata
1135 2663 1208 2727 fuit.
1240 2660 1307 2727 Sed

100 2748 181 2809 dum
212 2745 374 2807 aemulum
403 2745 535 2824 imperii
566 2753 719 2819 veretur,
748 2746 834 2808 intra
856 2748 1026 2807 Orientem
1047 2746 1209 2822 residens,
1229 2745 1307 2831 glo-

96 2831 172 2894 riae
202 2849 317 2910 parum
346 2827 521 2889 consuluit.
564 2827 680 2911 ltaque
710 2828 775 2889 iter
804 2830 984 2913 ingressus,
1019 2836 1115 2910 atque
1135 2830 1306 2910 Illyricum

99 2921 239 3007 petens,
262 2912 296 2974 in
318 2908 463 2972 Galatiae
486 2907 603 2970 finibus
623 2911 793 2995 repentina
813 2920 920 2974 morte
942 2910 1046 2973 obiit:
1073 2913 1125 2972 vir
1144 2911 1222 2975 alias
1243 2933 1307 2976 ns-

83 3017 167 3081 ·que
186 2995 296 3068 iners,
318 3015 424 3076 neque
445 2991 643 3074 imprudens.
714 3062 717 3067 ξ

65 3090 75 3115 ·“
141 3078 269 3141 XVIII.
301 3077 399 3140 Multi
425 3077 641 3138 exanimatum
671 3075 848 3157 opinantur
877 3074 975 3137 nimia
1007 3071 1188 3147 eruditat03
1219 3073 1306 3139 inter

83 3160 303 3226 'coenandum
334 3160 420 3222 enim
453 3156 557 3242 epulis
589 3158 782 3221 indulserat:
815 3158 870 3218 alii
899 3156 1002 3219 odore
1024 3155 1187 3232 cubiculi,
1215 3156 1305 3242 qnod

80 3266 140 3312 ὀἱ
162 3244 285 3308 recenti
310 3242 452 3306 tectorio
475 3240 572 3304 calcis
592 3261 691 3325 grave
711 3240 951 3324 quiescentibus
978 3251 1066 3303 erat·
1097 3239 1228 3324 quidam
1249 3241 1306 3303 ni·
1335 3316 1337 3320 .

99 3329 233 3391 mietate
262 3348 464 3408 prunarum,
493 3345 572 3408 quas
600 3325 691 3407 gravi
717 3324 844 3408 frigore
874 3322 999 3386 adoleri
1020 3324 1135 3387 multas
1156 3325 1307 3390 iusserat·

96 3409 247 3475 Decessit
268 3410 397 3493 imperii
419 3428 528 3471 mense
548 3407 700 3490 septimo,
724 3416 841 3491 quarto
857 3406 983 3491 decimo
998 3407 1136 3471 Kalend.
1151 3407 1301 3470 Martias:

65 3492 74 3591 l
95 3495 234 3567 aetatis,
257 3502 292 3553 ut
314 3494 370 3577 qui
392 3492 572 3576 plurimum
593 3511 630 3552 ac
651 3491 821 3552 minimum
841 3489 994 3565 tradunt,
1017 3492 1116 3554 tertio
1140 3501 1171 3553 et
1191 3492 1303 3575 trige-

65 3650 67 3655 .
93 3577 182 3640 simo
206 3599 309 3650 anno,
346 3597 383 3637 ac
404 3575 604 3659 benignitate
624 3573 833 3656 principum,
862 3574 920 3657 qui
943 3575 972 3636 ei
993 3584 1226 3650 successerunt,
1251 3577 1301 3637 in·

91 3668 154 3725 ter
172 3661 273 3721 Divos
299 3659 419 3720 relatus
441 3666 498 3720 est.
540 3657 622 3717 Nam
643 3666 676 3718 et
696 3655 846 3719 civilitati
866 3656 1023 3741 propior,
1047 3666 1079 3718 et
1099 3666 1214 3719 natura
1234 3657 1302 3718 ad-

90 3741 235 3809 modum
255 3741 401 3803 liberalis
422 3740 497 3802 suit.
537 3739 570 3802 Is
591 3746 691 3800 status
713 3748 783 3799 erat
802 3739 966 3803 Romanae
985 3742 1055 3813 rei,
1083 3738 1217 3801 Ioviano
1240 3758 1302 3800 eo-

90 3826 173 3903 dem
195 3835 228 3887 et
250 3825 457 3886 Varroniano
480 3823 567 3886 Coss.
591 3845 674 3884 anno
696 3819 797 3882 Urbis
818 3821 969 3883 conditae
990 3822 1160 3885 millesimo
1183 3829 1301 3884 ceute-

87 3911 181 3974 simo
205 3918 238 3969 et
258 3929 346 3970 nono
369 3905 508 3969 decimo.
552 3905 637 3983 Quia
658 3911 766 3965 autem
788 3899 835 3975 ad,
849 3901 989 3965 inclutos
1010 3905 1174 3987 principes
1194 3925 1301 3967 vene-

89 3990 283 4076 randosque
304 4000 494 4072 perventum
517 3996 584 4060 est,
607 3987 737 4048 interim
761 3982 854 4065 operi
875 3986 1008 4047 modum
1030 3987 1186 4049 dabimus.
1217 3988 1300 4054 Nam

87 4073 225 4154 reliqna
245 4073 320 4137 stilo
342 4073 466 4134 maiore
487 4069 622 4132 dicenda
643 4078 738 4142 sunt3
770 4088 853 4151 quae
873 4087 958 4128 nuuc
978 4091 1043 4131 non
1064 4078 1129 4129 tam
1150 4081 1301 4154 praeter-

86 4156 279 4236 mittimus,
306 4178 404 4244 quam
423 4153 466 4217 ad
485 4151 644 4215 maiorem
667 4149 831 4216 scribendi
861 4147 1061 4234 diligentiam
1086 4171 1300 4220 reservamus.

349 4470 1049 4512 m
