2850 4958
155 308 228 385 204
295 220 298 230 ⁵
401 226 473 359 ns
488 278 626 355 :nmis
650 276 873 356 samson
902 276 1008 354 usu.
1034 278 1080 357 u·
1099 298 1188 355 a,
1268 368 1270 373 p
1379 226 1381 235 ’

148 451 380 518 contentionis·
400 426 488 513 lilius
514 446 738 531 perniciosum
767 444 889 507 exitum
919 444 1038 520 fulsum
1068 463 1226 529 namquo·
1240 440 1375 531 ibidus¹

108 539 341 602 Subsistemus
361 537 496 601 Remum
526 539 559 591 et
584 529 773 592 Faustulum
803 530 1006 591 interiectos.
1049 527 1174 589 Contra
1205 526 1352 613 Egnatius
1379 566 1381 577 ·

148 625 206 685 lih.
230 621 257 681 l.
280 620 313 682 in
336 640 370 681 ea
393 612 604 679 contentione
624 635 692 674 non
713 613 812 674 modo
836 614 971 673 Remum
991 631 1058 672 uon
1090 630 1160 671 esse
1192 615 1351 692 occisum,
1379 674 1381 687 ,

106 731 126 792 7
147 704 204 769 sed
224 707 320 766 etiam
343 700 480 765 ulterius
501 718 518 755 a
540 696 680 759 Romulo
702 697 820 758 vixisse
839 696 950 757 trudit.
994 692 1058 756 Sed
1073 692 1200 755 horum
1217 698 1353 760 omniun
1379 690 1381 761 l

148 786 360 869 opinionibus
395 778 531 845 diversis
562 789 722 863 repugnat
752 784 897 858 [nostrae
927 777 1107 838 memoriae
1138 780 1353 861 proclamans]

147 872 285 933 historia
305 869 456 938 Liviana,
480 883 563 946 quae
584 873 742 936 testatur,
765 863 854 946 qnod
875 862 1042 942 auspicato
1064 858 1229 921 Romulus
1251 884 1290 924 ex
1301 868 1350 925 siu

146 956 278 1016 nomine
308 953 443 1013 Romam
473 949 621 1008 vocavit:
655 967 820 1032 quumque
851 945 994 1007 muniret
1017 942 1215 1018 moenibus,
1240 947 1370 1021 edixit,

145 1059 188 1099 ne
210 1037 282 1119 quis
301 1034 422 1097 vallum
443 1030 643 1106 transiliret,
669 1031 758 1113 quod
780 1031 897 1090 Remus
919 1026 1079 1100 inridens,
1101 1027 1351 1105 transilivit‚st

148 1144 167 1181 a
189 1120 301 1182 Celere
320 1116 513 1180 centurione
531 1123 638 1177 rastro
661 1116 786 1195 [runo]
807 1115 915 1176 fertur
936 1112 1075 1173 occisus.
1109 1107 1275 1177 Romulus
1286 1134 1361 1199 ny·-

146 1204 215 1280 lum
236 1200 390 1264 convenis
403 1205 474 1267 met.

155 1413 1324 1489 W

391 1696 586 1775 SEXTUS
633 1693 882 1776 AURELIUS
921 1693 1113 1773 VICTOR

712 1867 793 1930 DE

243 2037 517 2163 ululs
590 1948 1272 2161 Innusnuluuss
1316 2054 1333 2145 .·
1366 2187 1382 2219 ,γ

503 2233 707 2311 URBlS
756 2237 1008 2317 ROMAE.

583 2396 908 2426 ⁸¹*-
1001 2398 1005 2405 ’

566 2533 828 2607 -cnt’u‘r
869 2535 899 2599 1.

445 2671 634 2726 anonas,
668 2668 750 2719 aux
782 2672 1057 2718 tuusnoauu.

143 2819 195 2947 P
198 2907 312 2961 rocas,
336 2905 393 2949 rex
413 2884 627 2960 Albanorum,
650 2885 817 2949 Amulium
837 2893 877 2947 et,
889 2887 1097 2951 Numitorem
1117 2882 1332 2969 filloshahuin

142 2972 260 3055 quibus
282 2992 414 3054 reguum
438 2971 551 3035 annuis
573 2969 698 3032 vicibus
723 2969 908 3033 habendum
930 2970 1086 3054 reliquit,
1116 2972 1166 3055 [et
1188 2979 1225 3030 ut
1246 2970 1333 3032 alter-

140 3056 190 3115 nis
222 3054 448 3138 imperarent]
491 3052 554 3113 Ssd
586 3052 733 3119 Amulius
763 3053 858 3115 fratri
882 3055 1058 3136 imparium
1080 3075 1145 3114 non
1169 3052 1278 3129 dedit3
1298 3060 1335 3135 et,
1379 3047 1381 3071 ⁸

140 3146 178 3203 ut
200 3158 274 3198 eum
304 3135 418 3198 sobole
446 3136 615 3215 privaret,
646 3137 770 3199 Rhoam
800 3136 955 3211 Silviam,
988 3137 1087 3203 filiam
1111 3137 1203 3209 eius,
1235 3139 1337 3199 Vestst

139 3218 340 3281 sacerdotem
362 3219 540 3298 praefecit,
564 3229 601 3281 ut
621 3221 809 3304 virginitate
829 3229 988 3305 perpetua
1011 3227 1200 3287 teneretur:
1230 3240 1338 3309 quasa

99 3303 245 3362 aMarte
277 3321 478 3382 compressa,
511 3302 685 3371 Romulum
707 3311 739 3363 st
759 3302 895 3369 Remum
918 3301 1032 3364 edidit.
1076 3303 1226 3373 Amulius
1250 3306 1339 3388 ipson

140 3382 173 3441 iu
194 3382 323 3445 vincula
352 3386 538 3470 compegit2
574 3384 729 3466 parvulos
758 3386 793 3446 in
824 3384 972 3449 Tiberim
994 3385 1135 3467 abiecit,
1162 3408 1247 3473 quos
1269 3404 1340 3469 aqut

97 3462 173 3524 sin
195 3467 281 3526 sicco
309 3464 456 3549 reliquit.
501 3465 552 3526 Ad
583 3469 725 3550 vagitum
753 3466 830 3547 lupa
853 3468 1019 3547 accurrit,
1050 3489 1171 3555 eosque
1193 3472 1339 3533 uberibus

137 3548 203 3608 suis
225 3547 317 3612 aluit.
344 3552 436 3612 'Mox
457 3547 629 3615 Faustulus
649 3557 764 3631 pastor
785 3548 941 3611 oolieotos
961 3550 1068 3612 Aooae
1081 3552 1255 3615 Larentiae
1269 3574 1342 3615 cou-

97 3633 118 3705 4
139 3629 206 3714 iugi
229 3631 412 3695 educandos
433 3628 534 3701 dedit,
578 3631 643 3709 Qui
665 3640 795 3713 postea,
822 3632 953 3697 Amulio
977 3634 1163 3713 interfecto,
1181 3632 1340 3702 Numitori

137 3735 196 3773 avo
228 3738 363 3799 regnum
394 3713 627 3775 restituerunt:
661 3716 742 3795 ipsi,
773 3716 961 3798 pastoribus
988 3716 1157 3792 adunatis,
1183 3716 1339 3782 civitatem

120 3798 375 3881 'condideruun
407 3817 504 3878 quam
535 3796 713 3877 Romulus,
743 3799 881 3882 augusto
904 3798 1145 3891 victor,'quod
1167 3802 1238 3884 ipse
1260 3802 1335 3879 xit,

88 3924 91 3929 .
136 3875 254 3940 Remus
277 3880 325 3941 VI
345 3878 490 3943 vultures
511 3879 658 3957 viderat,
680 3880 815 3943 Romam
839 3883 987 3958 vocavit3
1019 3891 1069 3956 et,
1101 3892 1137 3944 ut
1162 3905 1233 3947 eam
1256 3886 1335 3969 print

131 3956 258 4039 legibus
279 3967 440 4035 muniret,
470 3982 568 4045 quam
590 3964 781 4037 moenibus,
805 3964 927 4040 edixit,
948 3986 988 4027 ne
1010 3966 1081 4047 quis
1102 3966 1226 4030 vallum
1249 3978 1337 4030 uu·
1379 3978 1381 3989 '

133 4039 256 4103 sitiret:
280 4045 370 4127 quod
391 4045 509 4105 Remus
531 4046 694 4127 insidens,
716 4045 904 4129 transilivit,
929 4059 961 4113 st
981 4070 999 4116 a
1022 4048 1135 4120 Celere
1148 4046 1338 4123 'centurione
1379 4046 1381 4051 ’

132 4133 239 4215 ¹rastro
260 4126 367 4197 fertur
390 4124 526 4199 occisus,
649 4210 653 4217 ι

580 4280 700 4345 ΟΑῬ
721 4285 755 4346 U
776 4284 806 4346 T
847 4281 892 4349 11.

392 4386 618 4467 unientes,
650 4409 926 4458 uousnoann
954 4391 1083 4457 nexi.

162 4491 320 4556 *Romulus
342 4497 465 4578 asylum
488 4501 641 4575 convenis
660 4505 833 4585 patefecit,
857 4513 910 4580 et,
933 4528 1049 4588 magno
1073 4507 1220 4570 exercitu
1238 4509 1335 4580 tuoto,

118 4593 221 4661 quom
245 4578 371 4649 atteret
392 4581 547 4669 oouiugia
570 4585 699 4663 deesse,
720 4608 782 4670 peu
802 4587 926 4672 lagatos
946 4611 964 4652 a
987 4589 1133 4657 finitimis
1154 4592 1337 4657 civitatibus
