<?xml version="1.0" encoding="UTF-8"?>
<!DOCTYPE html PUBLIC "-//W3C//DTD XHTML 1.0 Transitional//EN"
    "http://www.w3.org/TR/xhtml1/DTD/xhtml1-transitional.dtd">
<html xmlns="http://www.w3.org/1999/xhtml" xml:lang="en" lang="en">
 <head>
  <title>
</title>
<meta http-equiv="Content-Type" content="text/html;charset=utf-8" />
  <meta name='ocr-system' content='tesseract 3.04.00' />
  <meta name='ocr-capabilities' content='ocr_page ocr_carea ocr_par ocr_line ocrx_word'/>
</head>
<body>
  <div class='ocr_page' id='page_1' title='image "./scriptoreshisto00fiedgoog_0083.png"; bbox 0 0 2850 4958; ppageno 0'>
   <div class='ocr_carea' id='block_1_1' title="bbox 146 252 841 377">
    <p class='ocr_par' dir='ltr' id='par_1_1' title="bbox 146 252 841 377">
     <span class='ocr_line' id='line_1_1' title="bbox 146 252 841 377; baseline 0.004 -48"><span class='ocrx_word' id='word_1_1' title='bbox 146 262 198 377; x_wconf 73' lang='lat' dir='ltr'><strong>iia</strong></span> <span class='ocrx_word' id='word_1_2' title='bbox 355 352 358 357; x_wconf 22' lang='grc' dir='ltr'>Ι</span> <span class='ocrx_word' id='word_1_3' title='bbox 646 252 841 357; x_wconf 62' lang='lat' dir='ltr'><strong>vuum!</strong></span> 
     </span>
    </p>
   </div>
   <div class='ocr_carea' id='block_1_2' title="bbox 139 418 1415 4589">
    <p class='ocr_par' dir='ltr' id='par_1_2' title="bbox 145 418 1371 1339">
     <span class='ocr_line' id='line_1_2' title="bbox 148 418 1368 509; baseline -0.003 -22"><span class='ocrx_word' id='word_1_4' title='bbox 148 434 198 487; x_wconf 87' lang='lat' dir='ltr'><strong>set</strong></span> <span class='ocrx_word' id='word_1_5' title='bbox 224 444 339 501; x_wconf 64' lang='lat' dir='ltr'><strong>soceri</strong></span> <span class='ocrx_word' id='word_1_6' title='bbox 364 424 523 509; x_wconf 84' lang='lat' dir='ltr'><strong>cuiusque</strong></span> <span class='ocrx_word' id='word_1_7' title='bbox 545 421 688 498; x_wconf 87' lang='lat' dir='ltr'><strong>liberos,</strong></span> <span class='ocrx_word' id='word_1_8' title='bbox 712 429 849 507; x_wconf 86' lang='lat' dir='ltr'><strong>nepotes</strong></span> <span class='ocrx_word' id='word_1_9' title='bbox 869 440 967 495; x_wconf 88' lang='lat' dir='ltr'><strong>suos,</strong></span> <span class='ocrx_word' id='word_1_10' title='bbox 991 420 1039 483; x_wconf 78' lang='lat' dir='ltr'><strong>D.</strong></span> <span class='ocrx_word' id='word_1_11' title='bbox 1060 418 1247 505; x_wconf 73' lang='lat' dir='ltr'><strong>Augustus,</strong></span> <span class='ocrx_word' id='word_1_12' title='bbox 1273 438 1368 502; x_wconf 61' lang='lat' dir='ltr'><strong>praep</strong></span> 
     </span>
     <span class='ocr_line' id='line_1_3' title="bbox 145 502 1369 589; baseline -0.004 -18"><span class='ocrx_word' id='word_1_13' title='bbox 145 512 148 517; x_wconf 84' lang='lat'>&#39;</span> <span class='ocrx_word' id='word_1_14' title='bbox 174 507 266 571; x_wconf 89' lang='lat' dir='ltr'><strong>ositis</strong></span> <span class='ocrx_word' id='word_1_15' title='bbox 291 506 361 571; x_wconf 82' lang='lat' dir='ltr'><strong>Caii</strong></span> <span class='ocrx_word' id='word_1_16' title='bbox 386 530 424 571; x_wconf 86' lang='lat' dir='ltr'><strong>so</strong></span> <span class='ocrx_word' id='word_1_17' title='bbox 451 506 546 572; x_wconf 90' lang='lat' dir='ltr'><strong>Lucii</strong></span> <span class='ocrx_word' id='word_1_18' title='bbox 575 506 764 575; x_wconf 87' lang='lat' dir='ltr'><strong>nominibus</strong></span> <span class='ocrx_word' id='word_1_19' title='bbox 794 506 1022 588; x_wconf 77' lang='lat' dir='ltr'><strong>adoptaverat)</strong></span> <span class='ocrx_word' id='word_1_20' title='bbox 1052 503 1200 567; x_wconf 81' lang='lat' dir='ltr'><strong>admovit</strong></span> <span class='ocrx_word' id='word_1_21' title='bbox 1229 502 1369 589; x_wconf 81' lang='lat' dir='ltr'><strong>propius</strong></span> 
     </span>
     <span class='ocr_line' id='line_1_4' title="bbox 148 531 1370 675; baseline -0.002 -22"><span class='ocrx_word' id='word_1_22' title='bbox 148 531 315 671; x_wconf 25' lang='lat' dir='ltr'><strong>lieronelm</strong></span> <span class='ocrx_word' id='word_1_23' title='bbox 337 591 478 654; x_wconf 80' lang='lat' dir='ltr'><strong>Caesari.</strong></span> <span class='ocrx_word' id='word_1_24' title='bbox 520 592 654 675; x_wconf 81' lang='lat' dir='ltr'><strong>Quippe</strong></span> <span class='ocrx_word' id='word_1_25' title='bbox 676 588 741 657; x_wconf 87' lang='lat' dir='ltr'><strong>iiiia</strong></span> <span class='ocrx_word' id='word_1_26' title='bbox 764 588 833 654; x_wconf 86' lang='lat' dir='ltr'><strong>eius</strong></span> <span class='ocrx_word' id='word_1_27' title='bbox 854 587 952 659; x_wconf 85' lang='lat' dir='ltr'><strong>Iulia,</strong></span> <span class='ocrx_word' id='word_1_28' title='bbox 973 608 1058 671; x_wconf 86' lang='lat' dir='ltr'><strong>quae</strong></span> <span class='ocrx_word' id='word_1_29' title='bbox 1078 589 1188 653; x_wconf 81' lang='lat' dir='ltr'><strong>iuerat</strong></span> <span class='ocrx_word' id='word_1_30' title='bbox 1201 584 1370 671; x_wconf 78' lang='lat' dir='ltr'><strong>Agrippas</strong></span> 
     </span>
     <span class='ocr_line' id='line_1_5' title="bbox 148 669 1370 759; baseline -0.007 -22"><span class='ocrx_word' id='word_1_31' title='bbox 148 683 271 759; x_wconf 84' lang='lat' dir='ltr'><strong>nupta,</strong></span> <span class='ocrx_word' id='word_1_32' title='bbox 295 674 419 737; x_wconf 82' lang='lat' dir='ltr'><strong>Neroni</strong></span> <span class='ocrx_word' id='word_1_33' title='bbox 442 675 566 758; x_wconf 82' lang='lat' dir='ltr'><strong>nupsit.</strong></span> <span class='ocrx_word' id='word_1_34' title='bbox 608 670 756 741; x_wconf 78' lang='lat' dir='ltr'>Subinde</span> <span class='ocrx_word' id='word_1_35' title='bbox 775 670 899 741; x_wconf 86' lang='lat' dir='ltr'><strong>bellum</strong></span> <span class='ocrx_word' id='word_1_36' title='bbox 918 669 1167 745; x_wconf 86' lang='lat' dir='ltr'><strong>Pannonicum,</strong></span> <span class='ocrx_word' id='word_1_37' title='bbox 1195 670 1293 755; x_wconf 87' lang='lat' dir='ltr'><strong>quod</strong></span> <span class='ocrx_word' id='word_1_38' title='bbox 1313 670 1370 732; x_wconf 67' lang='lat' dir='ltr'><strong>iu-</strong></span> 
     </span>
     <span class='ocr_line' id='line_1_6' title="bbox 149 754 1371 843; baseline -0.005 -22"><span class='ocrx_word' id='word_1_39' title='bbox 149 758 306 821; x_wconf 86' lang='lat' dir='ltr'><strong>choatum</strong></span> <span class='ocrx_word' id='word_1_40' title='bbox 327 758 367 819; x_wconf 90' lang='lat' dir='ltr'><strong>ab</strong></span> <span class='ocrx_word' id='word_1_41' title='bbox 390 756 551 843; x_wconf 77' lang='lat' dir='ltr'><strong>Agrippa,</strong></span> <span class='ocrx_word' id='word_1_42' title='bbox 573 760 753 841; x_wconf 82' lang='lat' dir='ltr'><strong>Marcoque</strong></span> <span class='ocrx_word' id='word_1_43' title='bbox 777 756 920 829; x_wconf 78' lang='lat' dir='ltr'><strong>Vinicio,</strong></span> <span class='ocrx_word' id='word_1_44' title='bbox 941 776 1002 817; x_wconf 86' lang='lat' dir='ltr'><strong>avo</strong></span> <span class='ocrx_word' id='word_1_45' title='bbox 1025 763 1096 829; x_wconf 92' lang='lat' dir='ltr'><strong>tuo,</strong></span> <span class='ocrx_word' id='word_1_46' title='bbox 1119 754 1371 837; x_wconf 65' lang='lat' dir='ltr'><strong>Commagenus</strong></span> 
     </span>
     <span class='ocr_line' id='line_1_7' title="bbox 149 836 1371 925; baseline 0 -22"><span class='ocrx_word' id='word_1_47' title='bbox 149 850 311 925; x_wconf 84' lang='lat' dir='ltr'><strong>atroxque</strong></span> <span class='ocrx_word' id='word_1_48' title='bbox 339 850 372 902; x_wconf 82' lang='lat' dir='ltr'><strong>et</strong></span> <span class='ocrx_word' id='word_1_49' title='bbox 397 862 556 925; x_wconf 84' lang='lat' dir='ltr'><strong>perquam</strong></span> <span class='ocrx_word' id='word_1_50' title='bbox 584 842 728 909; x_wconf 82' lang='lat' dir='ltr'><strong>vicinum</strong></span> <span class='ocrx_word' id='word_1_51' title='bbox 750 839 942 907; x_wconf 85' lang='lat' dir='ltr'><strong>imminebat</strong></span> <span class='ocrx_word' id='word_1_52' title='bbox 962 836 1099 912; x_wconf 89' lang='lat' dir='ltr'><strong>ltaliae,</strong></span> <span class='ocrx_word' id='word_1_53' title='bbox 1121 858 1184 920; x_wconf 89' lang='lat' dir='ltr'><strong>per</strong></span> <span class='ocrx_word' id='word_1_54' title='bbox 1203 838 1371 903; x_wconf 72' lang='lat' dir='ltr'><strong>Neroneo</strong></span> 
     </span>
     <span class='ocr_line' id='line_1_8' title="bbox 148 920 1370 1009; baseline -0.001 -24"><span class='ocrx_word' id='word_1_55' title='bbox 148 932 277 1009; x_wconf 82' lang='lat' dir='ltr'><strong>gestum</strong></span> <span class='ocrx_word' id='word_1_56' title='bbox 307 932 366 989; x_wconf 90' lang='lat' dir='ltr'><strong>est.</strong></span> <span class='ocrx_word' id='word_1_57' title='bbox 416 926 535 989; x_wconf 86' lang='lat' dir='ltr'><strong>Gentes</strong></span> <span class='ocrx_word' id='word_1_58' title='bbox 565 924 838 997; x_wconf 82' lang='lat' dir='ltr'><strong>Pannoniorum,</strong></span> <span class='ocrx_word' id='word_1_59' title='bbox 875 922 1166 1004; x_wconf 83' lang='lat' dir='ltr'><strong>Delmatarumque</strong></span> <span class='ocrx_word' id='word_1_60' title='bbox 1199 920 1370 997; x_wconf 62' lang='lat' dir='ltr'><strong>nationes,</strong></span> 
     </span>
     <span class='ocr_line' id='line_1_9' title="bbox 149 1002 1371 1094; baseline -0.004 -24"><span class='ocrx_word' id='word_1_61' title='bbox 149 1008 314 1094; x_wconf 87' lang='lat' dir='ltr'><strong>situmque</strong></span> <span class='ocrx_word' id='word_1_62' title='bbox 335 1008 508 1093; x_wconf 76' lang='lat' dir='ltr'><strong>regionum</strong></span> <span class='ocrx_word' id='word_1_63' title='bbox 535 1031 572 1070; x_wconf 90' lang='lat' dir='ltr'><strong>ac</strong></span> <span class='ocrx_word' id='word_1_64' title='bbox 594 1008 787 1081; x_wconf 85' lang='lat' dir='ltr'><strong>fluminum,</strong></span> <span class='ocrx_word' id='word_1_65' title='bbox 815 1026 1053 1088; x_wconf 83' lang='lat' dir='ltr'><strong>numerumque</strong></span> <span class='ocrx_word' id='word_1_66' title='bbox 1074 1012 1107 1066; x_wconf 89' lang='lat' dir='ltr'><strong>et</strong></span> <span class='ocrx_word' id='word_1_67' title='bbox 1125 1002 1267 1075; x_wconf 85' lang='lat' dir='ltr'><strong>¹modum</strong></span> <span class='ocrx_word' id='word_1_68' title='bbox 1290 1002 1371 1069; x_wconf 73' lang='lat' dir='ltr'><strong>viri-²·</strong></span> 
     </span>
     <span class='ocr_line' id='line_1_10' title="bbox 150 1087 1370 1175; baseline -0.002 -22"><span class='ocrx_word' id='word_1_69' title='bbox 150 1114 227 1169; x_wconf 86' lang='lat' dir='ltr'><strong>um,</strong></span> <span class='ocrx_word' id='word_1_70' title='bbox 251 1090 548 1175; x_wconf 83' lang='lat' dir='ltr'><strong>excelsissimasque</strong></span> <span class='ocrx_word' id='word_1_71' title='bbox 573 1100 605 1153; x_wconf 89' lang='lat' dir='ltr'><strong>et</strong></span> <span class='ocrx_word' id='word_1_72' title='bbox 625 1090 824 1172; x_wconf 87' lang='lat' dir='ltr'><strong>multiplices</strong></span> <span class='ocrx_word' id='word_1_73' title='bbox 845 1111 883 1153; x_wconf 88' lang='lat' dir='ltr'><strong>eo</strong></span> <span class='ocrx_word' id='word_1_74' title='bbox 906 1087 994 1151; x_wconf 87' lang='lat' dir='ltr'><strong>bello</strong></span> <span class='ocrx_word' id='word_1_75' title='bbox 1017 1087 1173 1151; x_wconf 81' lang='lat' dir='ltr'><strong>victorias</strong></span> <span class='ocrx_word' id='word_1_76' title='bbox 1192 1088 1279 1153; x_wconf 88' lang='lat' dir='ltr'><strong>tanti</strong></span> <span class='ocrx_word' id='word_1_77' title='bbox 1304 1088 1370 1167; x_wconf 61' lang='lat' dir='ltr'><strong>ianr</strong></span> 
     </span>
     <span class='ocr_line' id='line_1_11' title="bbox 150 1172 1370 1265; baseline -0.003 -28"><span class='ocrx_word' id='word_1_78' title='bbox 150 1175 338 1259; x_wconf 89' lang='lat' dir='ltr'><strong>peratoris,</strong></span> <span class='ocrx_word' id='word_1_79' title='bbox 377 1174 443 1237; x_wconf 88' lang='lat' dir='ltr'><strong>aiio</strong></span> <span class='ocrx_word' id='word_1_80' title='bbox 469 1174 547 1237; x_wconf 91' lang='lat' dir='ltr'><strong>loco</strong></span> <span class='ocrx_word' id='word_1_81' title='bbox 585 1173 830 1257; x_wconf 85' lang='lat' dir='ltr'><strong>explicabimus.</strong></span> <span class='ocrx_word' id='word_1_82' title='bbox 874 1172 948 1238; x_wconf 81' lang='lat' dir='ltr'><strong>Hoc</strong></span> <span class='ocrx_word' id='word_1_83' title='bbox 980 1191 1062 1253; x_wconf 89' lang='lat' dir='ltr'><strong>opus</strong></span> <span class='ocrx_word' id='word_1_84' title='bbox 1092 1178 1201 1239; x_wconf 81' lang='lat' dir='ltr'><strong>servet</strong></span> <span class='ocrx_word' id='word_1_85' title='bbox 1230 1173 1370 1265; x_wconf 75' lang='lat' dir='ltr'><strong>formsap</strong></span> 
     </span>
     <span class='ocr_line' id='line_1_12' title="bbox 151 1254 1359 1339; baseline -0.006 -19"><span class='ocrx_word' id='word_1_86' title='bbox 151 1280 254 1323; x_wconf 89' lang='lat' dir='ltr'><strong>suam.</strong></span> <span class='ocrx_word' id='word_1_87' title='bbox 298 1257 404 1321; x_wconf 87' lang='lat' dir='ltr'><strong>Huius</strong></span> <span class='ocrx_word' id='word_1_88' title='bbox 425 1258 585 1327; x_wconf 85' lang='lat' dir='ltr'><strong>victoriae</strong></span> <span class='ocrx_word' id='word_1_89' title='bbox 606 1279 742 1339; x_wconf 87' lang='lat' dir='ltr'><strong>compos</strong></span> <span class='ocrx_word' id='word_1_90' title='bbox 763 1258 877 1337; x_wconf 70' lang='lat' dir='ltr'><strong>Nero,</strong></span> <span class='ocrx_word' id='word_1_91' title='bbox 901 1275 1000 1319; x_wconf 83' lang='lat' dir='ltr'><strong>ovans</strong></span> <span class='ocrx_word' id='word_1_92' title='bbox 1021 1254 1287 1336; x_wconf 65' lang='lat' dir='ltr'><strong>triumpharit·</strong></span> <span class='ocrx_word' id='word_1_93' title='bbox 1356 1308 1359 1313; x_wconf 91' lang='lat'><strong>.</strong></span> 
     </span>
    </p>

    <p class='ocr_par' dir='ltr' id='par_1_3' title="bbox 150 1336 1415 2756">
     <span class='ocr_line' id='line_1_13' title="bbox 194 1336 1370 1424; baseline -0.002 -22"><span class='ocrx_word' id='word_1_94' title='bbox 194 1340 331 1405; x_wconf 87' lang='lat' dir='ltr'><strong>XCVII.</strong></span> <span class='ocrx_word' id='word_1_95' title='bbox 363 1340 428 1403; x_wconf 85' lang='lat' dir='ltr'><strong>Sed</strong></span> <span class='ocrx_word' id='word_1_96' title='bbox 448 1340 526 1402; x_wconf 92' lang='lat' dir='ltr'><strong>dum</strong></span> <span class='ocrx_word' id='word_1_97' title='bbox 548 1338 582 1400; x_wconf 92' lang='lat' dir='ltr'><strong>in</strong></span> <span class='ocrx_word' id='word_1_98' title='bbox 602 1340 665 1407; x_wconf 88' lang='lat' dir='ltr'><strong>bac</strong></span> <span class='ocrx_word' id='word_1_99' title='bbox 684 1346 781 1424; x_wconf 85' lang='lat' dir='ltr'><strong>parte</strong></span> <span class='ocrx_word' id='word_1_100' title='bbox 802 1336 933 1422; x_wconf 89' lang='lat' dir='ltr'><strong>imperii</strong></span> <span class='ocrx_word' id='word_1_101' title='bbox 956 1338 1066 1403; x_wconf 87' lang='lat' dir='ltr'><strong>omnia</strong></span> <span class='ocrx_word' id='word_1_102' title='bbox 1086 1346 1251 1419; x_wconf 75' lang='lat' dir='ltr'><strong>geruntur</strong></span> <span class='ocrx_word' id='word_1_103' title='bbox 1268 1356 1370 1421; x_wconf 78' lang='lat' dir='ltr'><strong>pros·</strong></span> 
     </span>
     <span class='ocr_line' id='line_1_14' title="bbox 152 1418 1372 1523; baseline -0.003 -38"><span class='ocrx_word' id='word_1_104' title='bbox 152 1424 320 1508; x_wconf 89' lang='lat' dir='ltr'><strong>perrime,</strong></span> <span class='ocrx_word' id='word_1_105' title='bbox 343 1431 476 1507; x_wconf 87' lang='lat' dir='ltr'><strong>accepta</strong></span> <span class='ocrx_word' id='word_1_106' title='bbox 497 1424 532 1491; x_wconf 88' lang='lat' dir='ltr'><strong>in</strong></span> <span class='ocrx_word' id='word_1_107' title='bbox 554 1423 730 1489; x_wconf 83' lang='lat' dir='ltr'><strong>Germania</strong></span> <span class='ocrx_word' id='word_1_108' title='bbox 749 1420 856 1491; x_wconf 88' lang='lat' dir='ltr'><strong>clades</strong></span> <span class='ocrx_word' id='word_1_109' title='bbox 876 1420 937 1487; x_wconf 91' lang='lat' dir='ltr'><strong>sub</strong></span> <span class='ocrx_word' id='word_1_110' title='bbox 951 1418 1073 1523; x_wconf 75' lang='lat' dir='ltr'><strong>Leqoto</strong></span> <span class='ocrx_word' id='word_1_111' title='bbox 1096 1423 1142 1485; x_wconf 86' lang='lat' dir='ltr'><strong>M.</strong></span> <span class='ocrx_word' id='word_1_112' title='bbox 1164 1420 1287 1495; x_wconf 88' lang='lat' dir='ltr'><strong>Lollio,</strong></span> <span class='ocrx_word' id='word_1_113' title='bbox 1309 1418 1372 1497; x_wconf 46' lang='lat' dir='ltr'><strong>boe·</strong></span> 
     </span>
     <span class='ocr_line' id='line_1_15' title="bbox 152 1502 1370 1591; baseline -0.003 -22"><span class='ocrx_word' id='word_1_114' title='bbox 152 1508 243 1569; x_wconf 89' lang='lat' dir='ltr'><strong>mine</strong></span> <span class='ocrx_word' id='word_1_115' title='bbox 262 1508 297 1571; x_wconf 88' lang='lat' dir='ltr'><strong>in</strong></span> <span class='ocrx_word' id='word_1_116' title='bbox 318 1508 428 1571; x_wconf 88' lang='lat' dir='ltr'><strong>omnia</strong></span> <span class='ocrx_word' id='word_1_117' title='bbox 450 1506 620 1591; x_wconf 87' lang='lat' dir='ltr'><strong>pecuniae,</strong></span> <span class='ocrx_word' id='word_1_118' title='bbox 641 1528 738 1589; x_wconf 86' lang='lat' dir='ltr'><strong>quam</strong></span> <span class='ocrx_word' id='word_1_119' title='bbox 759 1514 850 1570; x_wconf 89' lang='lat' dir='ltr'><strong>recte</strong></span> <span class='ocrx_word' id='word_1_120' title='bbox 870 1504 1012 1567; x_wconf 85' lang='lat' dir='ltr'><strong>facienda</strong></span> <span class='ocrx_word' id='word_1_121' title='bbox 1034 1502 1218 1588; x_wconf 82' lang='lat' dir='ltr'><strong>cupidiore,</strong></span> <span class='ocrx_word' id='word_1_122' title='bbox 1241 1512 1276 1566; x_wconf 90' lang='lat' dir='ltr'><strong>ot</strong></span> <span class='ocrx_word' id='word_1_123' title='bbox 1289 1504 1370 1573; x_wconf 85' lang='lat' dir='ltr'><strong>iuter</strong></span> 
     </span>
     <span class='ocr_line' id='line_1_16' title="bbox 153 1586 1415 1673; baseline -0.002 -20"><span class='ocrx_word' id='word_1_124' title='bbox 153 1612 309 1655; x_wconf 88' lang='lat' dir='ltr'><strong>summum</strong></span> <span class='ocrx_word' id='word_1_125' title='bbox 331 1590 490 1657; x_wconf 72' lang='lat' dir='ltr'><strong>vitiorum</strong></span> <span class='ocrx_word' id='word_1_126' title='bbox 511 1590 805 1661; x_wconf 74' lang='lat' dir='ltr'><strong>dissimulationem</strong></span> <span class='ocrx_word' id='word_1_127' title='bbox 824 1588 1055 1663; x_wconf 77' lang='lat' dir='ltr'><strong>vitiosIssim03</strong></span> <span class='ocrx_word' id='word_1_128' title='bbox 1077 1588 1261 1672; x_wconf 85' lang='lat' dir='ltr'><strong>amissaque</strong></span> <span class='ocrx_word' id='word_1_129' title='bbox 1273 1586 1371 1673; x_wconf 72' lang='lat' dir='ltr'><strong>legio·</strong></span> <span class='ocrx_word' id='word_1_130' title='bbox 1413 1596 1415 1651; x_wconf 75' lang='lat' dir='ltr'>j</span> 
     </span>
     <span class='ocr_line' id='line_1_17' title="bbox 153 1670 1415 1759; baseline -0.002 -24"><span class='ocrx_word' id='word_1_131' title='bbox 153 1676 205 1739; x_wconf 88' lang='lat' dir='ltr'><strong>nis</strong></span> <span class='ocrx_word' id='word_1_132' title='bbox 251 1674 359 1735; x_wconf 88' lang='lat' dir='ltr'><strong>uintne</strong></span> <span class='ocrx_word' id='word_1_133' title='bbox 380 1673 511 1759; x_wconf 85' lang='lat' dir='ltr'><strong>aquila,</strong></span> <span class='ocrx_word' id='word_1_134' title='bbox 533 1675 665 1741; x_wconf 76' lang='lat' dir='ltr'><strong>vocavit</strong></span> <span class='ocrx_word' id='word_1_135' title='bbox 686 1672 727 1736; x_wconf 88' lang='lat' dir='ltr'><strong>ab</strong></span> <span class='ocrx_word' id='word_1_136' title='bbox 749 1672 844 1737; x_wconf 84' lang='lat' dir='ltr'><strong>Urbe</strong></span> <span class='ocrx_word' id='word_1_137' title='bbox 863 1671 899 1734; x_wconf 87' lang='lat' dir='ltr'><strong>in</strong></span> <span class='ocrx_word' id='word_1_138' title='bbox 919 1670 1042 1735; x_wconf 83' lang='lat' dir='ltr'><strong>Gallias</strong></span> <span class='ocrx_word' id='word_1_139' title='bbox 1064 1671 1246 1739; x_wconf 86' lang='lat' dir='ltr'><strong>Caesarem.</strong></span> <span class='ocrx_word' id='word_1_140' title='bbox 1289 1672 1369 1757; x_wconf 74' lang='lat' dir='ltr'><strong>Cura</strong></span> <span class='ocrx_word' id='word_1_141' title='bbox 1413 1698 1415 1736; x_wconf 64' lang='lat' dir='ltr'><strong>l</strong></span> 
     </span>
     <span class='ocr_line' id='line_1_18' title="bbox 156 1696 1415 1846; baseline 0.003 -27"><span class='ocrx_word' id='word_1_142' title='bbox 156 1696 274 1823; x_wconf 79' lang='lat' dir='ltr'><strong>dainle</strong></span> <span class='ocrx_word' id='word_1_143' title='bbox 303 1765 402 1846; x_wconf 89' lang='lat' dir='ltr'><strong>atque</strong></span> <span class='ocrx_word' id='word_1_144' title='bbox 439 1768 521 1823; x_wconf 78' lang='lat' dir='ltr'><strong>onus</strong></span> <span class='ocrx_word' id='word_1_145' title='bbox 558 1755 746 1825; x_wconf 83' lang='lat' dir='ltr'><strong>Germanioi</strong></span> <span class='ocrx_word' id='word_1_146' title='bbox 777 1754 858 1819; x_wconf 90' lang='lat' dir='ltr'><strong>belli</strong></span> <span class='ocrx_word' id='word_1_147' title='bbox 890 1753 1037 1839; x_wconf 76' lang='lat' dir='ltr'><strong>delegata</strong></span> <span class='ocrx_word' id='word_1_148' title='bbox 1068 1757 1177 1821; x_wconf 84' lang='lat' dir='ltr'><strong>Druso</strong></span> <span class='ocrx_word' id='word_1_149' title='bbox 1211 1753 1368 1829; x_wconf 84' lang='lat' dir='ltr'><strong>Claudio,</strong></span> <span class='ocrx_word' id='word_1_150' title='bbox 1412 1759 1415 1823; x_wconf 70' lang='lat' dir='ltr'><strong>i</strong></span> 
     </span>
     <span class='ocr_line' id='line_1_19' title="bbox 155 1838 1415 1923; baseline 0.002 -22"><span class='ocrx_word' id='word_1_151' title='bbox 155 1842 252 1902; x_wconf 78' lang='lat' dir='ltr'><strong>fratri</strong></span> <span class='ocrx_word' id='word_1_152' title='bbox 283 1840 446 1915; x_wconf 85' lang='lat' dir='ltr'><strong>Neronis,</strong></span> <span class='ocrx_word' id='word_1_153' title='bbox 480 1839 678 1905; x_wconf 87' lang='lat' dir='ltr'><strong>adolescenti</strong></span> <span class='ocrx_word' id='word_1_154' title='bbox 708 1846 760 1902; x_wconf 91' lang='lat' dir='ltr'><strong>tot</strong></span> <span class='ocrx_word' id='word_1_155' title='bbox 784 1848 1015 1921; x_wconf 83' lang='lat' dir='ltr'><strong>tantarumque</strong></span> <span class='ocrx_word' id='word_1_156' title='bbox 1035 1838 1215 1915; x_wconf 80' lang='lat' dir='ltr'><strong>virtutum,</strong></span> <span class='ocrx_word' id='word_1_157' title='bbox 1238 1846 1324 1923; x_wconf 90' lang='lat' dir='ltr'><strong>quot</strong></span> <span class='ocrx_word' id='word_1_158' title='bbox 1342 1844 1371 1901; x_wconf 83' lang='lat' dir='ltr'><strong>et</strong></span> <span class='ocrx_word' id='word_1_159' title='bbox 1412 1852 1415 1903; x_wconf 82' lang='lat' dir='ltr'><strong>i</strong></span> 
     </span>
     <span class='ocr_line' id='line_1_20' title="bbox 158 1920 1415 2006; baseline 0.002 -22"><span class='ocrx_word' id='word_1_160' title='bbox 158 1931 294 2006; x_wconf 87' lang='lat' dir='ltr'><strong>quantas</strong></span> <span class='ocrx_word' id='word_1_161' title='bbox 314 1930 430 1993; x_wconf 85' lang='lat' dir='ltr'><strong>natura</strong></span> <span class='ocrx_word' id='word_1_162' title='bbox 452 1922 601 1987; x_wconf 90' lang='lat' dir='ltr'><strong>mortalis</strong></span> <span class='ocrx_word' id='word_1_163' title='bbox 623 1924 763 2006; x_wconf 79' lang='lat' dir='ltr'><strong>recipit,</strong></span> <span class='ocrx_word' id='word_1_164' title='bbox 784 1920 835 1989; x_wconf 82' lang='lat' dir='ltr'><strong>sel</strong></span> <span class='ocrx_word' id='word_1_165' title='bbox 858 1921 1018 1989; x_wconf 88' lang='lat' dir='ltr'><strong>industria</strong></span> <span class='ocrx_word' id='word_1_166' title='bbox 1043 1922 1191 2001; x_wconf 64' lang='lat' dir='ltr'><strong>perficit,</strong></span> <span class='ocrx_word' id='word_1_167' title='bbox 1213 1920 1371 1985; x_wconf 88' lang='lat' dir='ltr'><strong>ouiusin·</strong></span> <span class='ocrx_word' id='word_1_168' title='bbox 1412 1948 1415 1987; x_wconf 77' lang='grc' dir='ltr'>ι</span> 
     </span>
     <span class='ocr_line' id='line_1_21' title="bbox 157 1990 1415 2095; baseline 0.002 -29"><span class='ocrx_word' id='word_1_169' title='bbox 157 1990 289 2091; x_wconf 75' lang='lat' dir='ltr'><strong>geniuin</strong></span> <span class='ocrx_word' id='word_1_170' title='bbox 318 2013 430 2071; x_wconf 88' lang='lat' dir='ltr'><strong>utrum</strong></span> <span class='ocrx_word' id='word_1_171' title='bbox 458 2004 586 2095; x_wconf 75' lang='lat' dir='ltr'><strong>bellicis</strong></span> <span class='ocrx_word' id='word_1_172' title='bbox 617 2008 719 2091; x_wconf 80' lang='lat' dir='ltr'><strong>magis</strong></span> <span class='ocrx_word' id='word_1_173' title='bbox 751 2004 928 2089; x_wconf 88' lang='lat' dir='ltr'><strong>operibus,</strong></span> <span class='ocrx_word' id='word_1_174' title='bbox 958 2027 998 2091; x_wconf 88' lang='lat' dir='ltr'><strong>an</strong></span> <span class='ocrx_word' id='word_1_175' title='bbox 1028 2005 1181 2067; x_wconf 85' lang='lat' dir='ltr'><strong>civilibus</strong></span> <span class='ocrx_word' id='word_1_176' title='bbox 1212 2004 1372 2069; x_wconf 85' lang='lat' dir='ltr'><strong>suffecerit</strong></span> <span class='ocrx_word' id='word_1_177' title='bbox 1411 2032 1415 2069; x_wconf 76' lang='grc' dir='ltr'><strong><em>ι</em></strong></span> 
     </span>
     <span class='ocr_line' id='line_1_22' title="bbox 159 2085 1415 2163; baseline 0.003 -14"><span class='ocrx_word' id='word_1_178' title='bbox 159 2089 308 2163; x_wconf 81' lang='lat' dir='ltr'><strong>artibus,</strong></span> <span class='ocrx_word' id='word_1_179' title='bbox 341 2087 374 2149; x_wconf 94' lang='lat' dir='ltr'><strong>in</strong></span> <span class='ocrx_word' id='word_1_180' title='bbox 407 2088 533 2153; x_wconf 86' lang='lat' dir='ltr'><strong>incerto</strong></span> <span class='ocrx_word' id='word_1_181' title='bbox 557 2098 626 2151; x_wconf 90' lang='lat' dir='ltr'><strong>est:</strong></span> <span class='ocrx_word' id='word_1_182' title='bbox 656 2110 788 2159; x_wconf 88' lang='lat' dir='ltr'><strong>morum</strong></span> <span class='ocrx_word' id='word_1_183' title='bbox 819 2096 909 2149; x_wconf 87' lang='lat' dir='ltr'><strong>certe</strong></span> <span class='ocrx_word' id='word_1_184' title='bbox 938 2085 1077 2149; x_wconf 84' lang='lat' dir='ltr'><strong>dulcedo</strong></span> <span class='ocrx_word' id='word_1_185' title='bbox 1100 2111 1137 2150; x_wconf 85' lang='lat' dir='ltr'><strong>ac</strong></span> <span class='ocrx_word' id='word_1_186' title='bbox 1156 2089 1323 2163; x_wconf 85' lang='lat' dir='ltr'><strong>suavitas,</strong></span> <span class='ocrx_word' id='word_1_187' title='bbox 1343 2094 1372 2151; x_wconf 84' lang='lat' dir='ltr'><strong>ei</strong></span> <span class='ocrx_word' id='word_1_188' title='bbox 1412 2114 1415 2153; x_wconf 77' lang='grc' dir='ltr'><strong>ι</strong></span> 
     </span>
     <span class='ocr_line' id='line_1_23' title="bbox 159 2162 1415 2258; baseline -0.001 -27"><span class='ocrx_word' id='word_1_189' title='bbox 159 2171 312 2233; x_wconf 87' lang='lat' dir='ltr'><strong>adversas</strong></span> <span class='ocrx_word' id='word_1_190' title='bbox 329 2171 451 2233; x_wconf 85' lang='lat' dir='ltr'><strong>amicos</strong></span> <span class='ocrx_word' id='word_1_191' title='bbox 478 2193 579 2254; x_wconf 87' lang='lat' dir='ltr'><strong>aequa</strong></span> <span class='ocrx_word' id='word_1_192' title='bbox 602 2194 639 2235; x_wconf 89' lang='lat' dir='ltr'><strong>ac</strong></span> <span class='ocrx_word' id='word_1_193' title='bbox 660 2171 792 2258; x_wconf 84' lang='lat' dir='ltr'><strong>paraui</strong></span> <span class='ocrx_word' id='word_1_194' title='bbox 814 2170 1020 2246; x_wconf 77' lang='lat' dir='ltr'><strong>aestimatio,</strong></span> <span class='ocrx_word' id='word_1_195' title='bbox 1049 2162 1256 2234; x_wconf 82' lang='lat' dir='ltr'><strong>inimitabilis</strong></span> <span class='ocrx_word' id='word_1_196' title='bbox 1277 2172 1371 2235; x_wconf 83' lang='lat' dir='ltr'><strong>fuisse</strong></span> <span class='ocrx_word' id='word_1_197' title='bbox 1412 2178 1415 2237; x_wconf 82' lang='lat' dir='ltr'><strong>l</strong></span> 
     </span>
     <span class='ocr_line' id='line_1_24' title="bbox 159 2250 1415 2339; baseline 0.001 -23"><span class='ocrx_word' id='word_1_198' title='bbox 159 2253 293 2319; x_wconf 86' lang='lat' dir='ltr'><strong>dieitur.</strong></span> <span class='ocrx_word' id='word_1_199' title='bbox 338 2254 420 2316; x_wconf 85' lang='lat' dir='ltr'><strong>Nam</strong></span> <span class='ocrx_word' id='word_1_200' title='bbox 441 2254 656 2339; x_wconf 81' lang='lat' dir='ltr'><strong>pulchritudo</strong></span> <span class='ocrx_word' id='word_1_201' title='bbox 680 2254 830 2337; x_wconf 90' lang='lat' dir='ltr'><strong>corporis</strong></span> <span class='ocrx_word' id='word_1_202' title='bbox 851 2255 1284 2338; x_wconf 83' lang='lat' dir='ltr'><strong>proximafraternaefuit.</strong></span> <span class='ocrx_word' id='word_1_203' title='bbox 1313 2250 1372 2317; x_wconf 80' lang='lat' dir='ltr'><strong>set</strong></span> <span class='ocrx_word' id='word_1_204' title='bbox 1413 2258 1415 2317; x_wconf 76' lang='grc' dir='ltr'>ἶ</span> 
     </span>
     <span class='ocr_line' id='line_1_25' title="bbox 150 2336 1373 2422; baseline 0.008 -29"><span class='ocrx_word' id='word_1_205' title='bbox 150 2336 277 2422; x_wconf 77' lang='lat' dir='ltr'><strong>illurn,</strong></span> <span class='ocrx_word' id='word_1_206' title='bbox 314 2359 427 2421; x_wconf 83' lang='lat' dir='ltr'><strong>magna</strong></span> <span class='ocrx_word' id='word_1_207' title='bbox 461 2360 500 2400; x_wconf 83' lang='lat' dir='ltr'><strong>ex</strong></span> <span class='ocrx_word' id='word_1_208' title='bbox 526 2348 621 2422; x_wconf 90' lang='lat' dir='ltr'><strong>parte</strong></span> <span class='ocrx_word' id='word_1_209' title='bbox 652 2339 852 2408; x_wconf 83' lang='lat' dir='ltr'><strong>domitorem</strong></span> <span class='ocrx_word' id='word_1_210' title='bbox 884 2338 1093 2417; x_wconf 80' lang='lat' dir='ltr'><strong>Germaniae,</strong></span> <span class='ocrx_word' id='word_1_211' title='bbox 1129 2337 1278 2420; x_wconf 87' lang='lat' dir='ltr'><strong>plurimo</strong></span> <span class='ocrx_word' id='word_1_212' title='bbox 1310 2338 1373 2409; x_wconf 73' lang='lat' dir='ltr'><strong>sits</strong></span> 
     </span>
     <span class='ocr_line' id='line_1_26' title="bbox 162 2420 1373 2505; baseline -0.002 -24"><span class='ocrx_word' id='word_1_213' title='bbox 162 2424 266 2505; x_wconf 79' lang='lat' dir='ltr'><strong>gentis</strong></span> <span class='ocrx_word' id='word_1_214' title='bbox 288 2420 387 2483; x_wconf 84' lang='lat' dir='ltr'><strong>variis</strong></span> <span class='ocrx_word' id='word_1_215' title='bbox 410 2421 444 2483; x_wconf 90' lang='lat' dir='ltr'><strong>iu</strong></span> <span class='ocrx_word' id='word_1_216' title='bbox 465 2420 548 2483; x_wconf 90' lang='lat' dir='ltr'><strong>Iocis</strong></span> <span class='ocrx_word' id='word_1_217' title='bbox 570 2424 708 2505; x_wconf 83' lang='lat' dir='ltr'><strong>profuso</strong></span> <span class='ocrx_word' id='word_1_218' title='bbox 731 2420 907 2505; x_wconf 81' lang='lat' dir='ltr'><strong>sanguine,</strong></span> <span class='ocrx_word' id='word_1_219' title='bbox 930 2423 1075 2489; x_wconf 86' lang='lat' dir='ltr'><strong>fetorum</strong></span> <span class='ocrx_word' id='word_1_220' title='bbox 1098 2420 1373 2505; x_wconf 66' lang='lat' dir='ltr'><strong>inquitas,-Con·</strong></span> 
     </span>
     <span class='ocr_line' id='line_1_27' title="bbox 162 2502 1375 2587; baseline 0.002 -22"><span class='ocrx_word' id='word_1_221' title='bbox 162 2504 286 2585; x_wconf 87' lang='lat' dir='ltr'><strong>sulem,</strong></span> <span class='ocrx_word' id='word_1_222' title='bbox 318 2511 465 2587; x_wconf 82' lang='lat' dir='ltr'><strong>agentem</strong></span> <span class='ocrx_word' id='word_1_223' title='bbox 489 2528 608 2571; x_wconf 86' lang='lat' dir='ltr'><strong>annum</strong></span> <span class='ocrx_word' id='word_1_224' title='bbox 630 2506 852 2579; x_wconf 85' lang='lat' dir='ltr'><strong>tricesimum,</strong></span> <span class='ocrx_word' id='word_1_225' title='bbox 878 2504 1001 2586; x_wconf 86' lang='lat' dir='ltr'><strong>rapuit.</strong></span> <span class='ocrx_word' id='word_1_226' title='bbox 1045 2502 1149 2571; x_wconf 87' lang='lat' dir='ltr'><strong>Moles</strong></span> <span class='ocrx_word' id='word_1_227' title='bbox 1171 2504 1292 2568; x_wconf 88' lang='lat' dir='ltr'><strong>deinde</strong></span> <span class='ocrx_word' id='word_1_228' title='bbox 1312 2505 1375 2571; x_wconf 84' lang='lat' dir='ltr'><strong>eius</strong></span> 
     </span>
     <span class='ocr_line' id='line_1_28' title="bbox 161 2586 1375 2673; baseline 0.001 -25"><span class='ocrx_word' id='word_1_229' title='bbox 161 2587 242 2648; x_wconf 91' lang='lat' dir='ltr'><strong>belli</strong></span> <span class='ocrx_word' id='word_1_230' title='bbox 264 2588 418 2657; x_wconf 87' lang='lat' dir='ltr'><strong>translata</strong></span> <span class='ocrx_word' id='word_1_231' title='bbox 441 2588 474 2649; x_wconf 92' lang='lat' dir='ltr'><strong>in</strong></span> <span class='ocrx_word' id='word_1_232' title='bbox 494 2590 659 2653; x_wconf 81' lang='lat' dir='ltr'><strong>Neronem</strong></span> <span class='ocrx_word' id='word_1_233' title='bbox 682 2598 746 2663; x_wconf 82' lang='lat' dir='ltr'><strong>est,</strong></span> <span class='ocrx_word' id='word_1_234' title='bbox 769 2586 859 2673; x_wconf 91' lang='lat' dir='ltr'><strong>quod</strong></span> <span class='ocrx_word' id='word_1_235' title='bbox 881 2588 984 2649; x_wconf 80' lang='lat' dir='ltr'><strong>issue</strong></span> <span class='ocrx_word' id='word_1_236' title='bbox 1007 2597 1040 2649; x_wconf 89' lang='lat' dir='ltr'><strong>et</strong></span> <span class='ocrx_word' id='word_1_237' title='bbox 1060 2588 1182 2655; x_wconf 86' lang='lat' dir='ltr'><strong>virtuto</strong></span> <span class='ocrx_word' id='word_1_238' title='bbox 1198 2598 1231 2649; x_wconf 92' lang='lat' dir='ltr'><strong>et</strong></span> <span class='ocrx_word' id='word_1_239' title='bbox 1245 2590 1375 2661; x_wconf 81' lang='lat' dir='ltr'><strong>fortuna</strong></span> 
     </span>
     <span class='ocr_line' id='line_1_29' title="bbox 164 2668 1376 2756; baseline 0.002 -26"><span class='ocrx_word' id='word_1_240' title='bbox 164 2668 423 2745; x_wconf 84' lang='lat' dir='ltr'><strong>administravit,</strong></span> <span class='ocrx_word' id='word_1_241' title='bbox 446 2681 703 2756; x_wconf 82' lang='lat' dir='ltr'><strong>peragratusque</strong></span> <span class='ocrx_word' id='word_1_242' title='bbox 726 2674 1015 2754; x_wconf 74' lang='lat' dir='ltr'><strong>[pervagatusque]</strong></span> <span class='ocrx_word' id='word_1_243' title='bbox 1037 2672 1145 2733; x_wconf 82' lang='lat' dir='ltr'><strong>victor</strong></span> <span class='ocrx_word' id='word_1_244' title='bbox 1167 2694 1282 2735; x_wconf 89' lang='lat' dir='ltr'><strong>omnes</strong></span> <span class='ocrx_word' id='word_1_245' title='bbox 1300 2694 1376 2756; x_wconf 70' lang='lat' dir='ltr'><strong>par·</strong></span> 
     </span>
    </p>

    <p class='ocr_par' dir='ltr' id='par_1_4' title="bbox 139 2752 1379 3084">
     <span class='ocr_line' id='line_1_30' title="bbox 139 2752 1377 2841; baseline 0.003 -28"><span class='ocrx_word' id='word_1_246' title='bbox 139 2760 211 2813; x_wconf 79' lang='lat' dir='ltr'><strong>&#39;tes</strong></span> <span class='ocrx_word' id='word_1_247' title='bbox 239 2753 453 2831; x_wconf 87' lang='lat' dir='ltr'><strong>Germaniae,</strong></span> <span class='ocrx_word' id='word_1_248' title='bbox 485 2754 555 2816; x_wconf 87' lang='lat' dir='ltr'><strong>sine</strong></span> <span class='ocrx_word' id='word_1_249' title='bbox 581 2754 649 2819; x_wconf 91' lang='lat' dir='ltr'><strong>ullo</strong></span> <span class='ocrx_word' id='word_1_250' title='bbox 680 2755 878 2823; x_wconf 77' lang='lat' dir='ltr'><strong>‹intrimento</strong></span> <span class='ocrx_word' id='word_1_251' title='bbox 902 2756 1065 2817; x_wconf 83' lang='lat' dir='ltr'><strong>commissi</strong></span> <span class='ocrx_word' id='word_1_252' title='bbox 1093 2755 1255 2819; x_wconf 79' lang='lat' dir='ltr'><strong>exercitus</strong></span> <span class='ocrx_word' id='word_1_253' title='bbox 1278 2752 1377 2841; x_wconf 81' lang='lat' dir='ltr'><strong>(quod</strong></span> 
     </span>
     <span class='ocr_line' id='line_1_31' title="bbox 162 2835 1377 2921; baseline 0.003 -26"><span class='ocrx_word' id='word_1_254' title='bbox 162 2836 342 2919; x_wconf 88' lang='lat' dir='ltr'><strong>praecipue</strong></span> <span class='ocrx_word' id='word_1_255' title='bbox 369 2835 449 2900; x_wconf 85' lang='lat' dir='ltr'><strong>huic</strong></span> <span class='ocrx_word' id='word_1_256' title='bbox 472 2838 548 2911; x_wconf 85' lang='lat' dir='ltr'><strong>duci</strong></span> <span class='ocrx_word' id='word_1_257' title='bbox 569 2859 697 2921; x_wconf 78' lang='lat' dir='ltr'><strong>semper</strong></span> <span class='ocrx_word' id='word_1_258' title='bbox 717 2861 815 2907; x_wconf 87' lang='lat' dir='ltr'><strong>curae</strong></span> <span class='ocrx_word' id='word_1_259' title='bbox 836 2838 927 2917; x_wconf 66' lang='lat' dir='ltr'><strong>fuit)</strong></span> <span class='ocrx_word' id='word_1_260' title='bbox 948 2838 995 2899; x_wconf 88' lang='lat' dir='ltr'><strong>sic</strong></span> <span class='ocrx_word' id='word_1_261' title='bbox 1016 2836 1207 2921; x_wconf 78' lang='lat' dir='ltr'><strong>perdomuit</strong></span> <span class='ocrx_word' id='word_1_262' title='bbox 1228 2860 1301 2907; x_wconf 87' lang='lat' dir='ltr'><strong>eam</strong></span> <span class='ocrx_word' id='word_1_263' title='bbox 1313 2886 1322 2915; x_wconf 92' lang='lat'><strong>,</strong></span> <span class='ocrx_word' id='word_1_264' title='bbox 1344 2846 1377 2901; x_wconf 90' lang='lat' dir='ltr'><strong>ut</strong></span> 
     </span>
     <span class='ocr_line' id='line_1_32' title="bbox 163 2920 1379 3007; baseline 0.005 -26"><span class='ocrx_word' id='word_1_265' title='bbox 163 2920 198 2981; x_wconf 91' lang='lat' dir='ltr'><strong>in</strong></span> <span class='ocrx_word' id='word_1_266' title='bbox 220 2920 360 2985; x_wconf 75' lang='lat' dir='ltr'><strong>formam</strong></span> <span class='ocrx_word' id='word_1_267' title='bbox 381 2942 484 3005; x_wconf 73' lang='lat' dir='ltr'><strong>paene</strong></span> <span class='ocrx_word' id='word_1_268' title='bbox 504 2920 737 3004; x_wconf 84' lang='lat' dir='ltr'><strong>stipendiariae</strong></span> <span class='ocrx_word' id='word_1_269' title='bbox 761 2921 928 3007; x_wconf 81' lang='lat' dir='ltr'><strong>redigeret</strong></span> <span class='ocrx_word' id='word_1_270' title='bbox 946 2922 1149 3003; x_wconf 85' lang='lat' dir='ltr'><strong>provinciae.</strong></span> <span class='ocrx_word' id='word_1_271' title='bbox 1189 2922 1277 2989; x_wconf 84' lang='lat' dir='ltr'><strong>Tum</strong></span> <span class='ocrx_word' id='word_1_272' title='bbox 1299 2923 1379 2991; x_wconf 84' lang='lat' dir='ltr'><strong>uites</strong></span> 
     </span>
     <span class='ocr_line' id='line_1_33' title="bbox 153 3001 1066 3084; baseline -0.002 -17"><span class='ocrx_word' id='word_1_273' title='bbox 153 3001 351 3084; x_wconf 83' lang='lat' dir='ltr'><strong>¹triumphus</strong></span> <span class='ocrx_word' id='word_1_274' title='bbox 372 3023 446 3066; x_wconf 89' lang='lat' dir='ltr'><strong>cum</strong></span> <span class='ocrx_word' id='word_1_275' title='bbox 468 3003 573 3068; x_wconf 87' lang='lat' dir='ltr'><strong>altero</strong></span> <span class='ocrx_word' id='word_1_276' title='bbox 597 3002 774 3073; x_wconf 86' lang='lat' dir='ltr'><strong>Consulatu</strong></span> <span class='ocrx_word' id='word_1_277' title='bbox 802 3006 832 3067; x_wconf 89' lang='lat' dir='ltr'><strong>ei</strong></span> <span class='ocrx_word' id='word_1_278' title='bbox 856 3003 985 3071; x_wconf 89' lang='lat' dir='ltr'><strong>oblatus</strong></span> <span class='ocrx_word' id='word_1_279' title='bbox 1007 3014 1066 3067; x_wconf 90' lang='lat' dir='ltr'><strong>est.</strong></span> 
     </span>
    </p>

    <p class='ocr_par' dir='ltr' id='par_1_5' title="bbox 165 3086 1391 4165">
     <span class='ocr_line' id='line_1_34' title="bbox 205 3086 1381 3173; baseline -0.001 -27"><span class='ocrx_word' id='word_1_280' title='bbox 205 3086 361 3151; x_wconf 87' lang='lat' dir='ltr'><strong>XCVIII.</strong></span> <span class='ocrx_word' id='word_1_281' title='bbox 392 3089 480 3157; x_wconf 88' lang='lat' dir='ltr'><strong>Dum</strong></span> <span class='ocrx_word' id='word_1_282' title='bbox 502 3111 557 3163; x_wconf 86' lang='lat' dir='ltr'><strong>ea,</strong></span> <span class='ocrx_word' id='word_1_283' title='bbox 580 3111 663 3173; x_wconf 86' lang='lat' dir='ltr'><strong>quae</strong></span> <span class='ocrx_word' id='word_1_284' title='bbox 683 3088 916 3170; x_wconf 83' lang='lat' dir='ltr'><strong>praediximus,</strong></span> <span class='ocrx_word' id='word_1_285' title='bbox 940 3088 974 3155; x_wconf 82' lang='lat' dir='ltr'><strong>ia</strong></span> <span class='ocrx_word' id='word_1_286' title='bbox 995 3087 1164 3151; x_wconf 87' lang='lat' dir='ltr'><strong>Pannonia</strong></span> <span class='ocrx_word' id='word_1_287' title='bbox 1186 3087 1381 3155; x_wconf 77' lang='lat' dir='ltr'><strong>Germania·-</strong></span> 
     </span>
     <span class='ocr_line' id='line_1_35' title="bbox 166 3170 1379 3257; baseline 0.005 -28"><span class='ocrx_word' id='word_1_288' title='bbox 166 3190 230 3253; x_wconf 93' lang='lat' dir='ltr'><strong>que</strong></span> <span class='ocrx_word' id='word_1_289' title='bbox 262 3178 441 3257; x_wconf 82' lang='lat' dir='ltr'><strong>geruntur,</strong></span> <span class='ocrx_word' id='word_1_290' title='bbox 474 3181 571 3235; x_wconf 81' lang='lat' dir='ltr'><strong>atrox</strong></span> <span class='ocrx_word' id='word_1_291' title='bbox 602 3174 636 3243; x_wconf 86' lang='lat' dir='ltr'><strong>in</strong></span> <span class='ocrx_word' id='word_1_292' title='bbox 669 3172 811 3240; x_wconf 87' lang='lat' dir='ltr'><strong>Thracia</strong></span> <span class='ocrx_word' id='word_1_293' title='bbox 843 3170 967 3238; x_wconf 87' lang='lat' dir='ltr'><strong>bellum</strong></span> <span class='ocrx_word' id='word_1_294' title='bbox 986 3180 1117 3247; x_wconf 86' lang='lat' dir='ltr'><strong>ortum,</strong></span> <span class='ocrx_word' id='word_1_295' title='bbox 1141 3170 1295 3235; x_wconf 87' lang='lat' dir='ltr'><strong>omuibus</strong></span> <span class='ocrx_word' id='word_1_296' title='bbox 1316 3172 1379 3235; x_wconf 81' lang='lat' dir='ltr'><strong>eius</strong></span> 
     </span>
     <span class='ocr_line' id='line_1_36' title="bbox 166 3252 1381 3338; baseline 0.005 -27"><span class='ocrx_word' id='word_1_297' title='bbox 166 3252 271 3332; x_wconf 78' lang='lat' dir='ltr'><strong>gentis</strong></span> <span class='ocrx_word' id='word_1_298' title='bbox 292 3256 481 3322; x_wconf 88' lang='lat' dir='ltr'><strong>nationibus</strong></span> <span class='ocrx_word' id='word_1_299' title='bbox 503 3257 537 3317; x_wconf 91' lang='lat' dir='ltr'><strong>in</strong></span> <span class='ocrx_word' id='word_1_300' title='bbox 559 3277 648 3323; x_wconf 88' lang='lat' dir='ltr'><strong>arma</strong></span> <span class='ocrx_word' id='word_1_301' title='bbox 669 3254 832 3325; x_wconf 85' lang='lat' dir='ltr'><strong>accensis,</strong></span> <span class='ocrx_word' id='word_1_302' title='bbox 856 3252 893 3314; x_wconf 90' lang='lat' dir='ltr'><strong>L.</strong></span> <span class='ocrx_word' id='word_1_303' title='bbox 916 3253 1046 3321; x_wconf 87' lang='lat' dir='ltr'><strong>Pisonis</strong></span> <span class='ocrx_word' id='word_1_304' title='bbox 1059 3301 1068 3329; x_wconf 92' lang='lat'><strong>,</strong></span> <span class='ocrx_word' id='word_1_305' title='bbox 1097 3275 1194 3335; x_wconf 83' lang='lat' dir='ltr'><strong>quem</strong></span> <span class='ocrx_word' id='word_1_306' title='bbox 1216 3254 1381 3338; x_wconf 78' lang='lat' dir='ltr'><strong>hodieque</strong></span> 
     </span>
     <span class='ocr_line' id='line_1_37' title="bbox 167 3334 1380 3421; baseline 0.004 -28"><span class='ocrx_word' id='word_1_307' title='bbox 167 3334 452 3413; x_wconf 73' lang='lat' dir='ltr'><strong>diligentissimum</strong></span> <span class='ocrx_word' id='word_1_308' title='bbox 487 3346 586 3421; x_wconf 88' lang='lat' dir='ltr'><strong>atque</strong></span> <span class='ocrx_word' id='word_1_309' title='bbox 618 3336 754 3402; x_wconf 88' lang='lat' dir='ltr'><strong>eundem</strong></span> <span class='ocrx_word' id='word_1_310' title='bbox 785 3334 986 3402; x_wconf 87' lang='lat' dir='ltr'><strong>lenissimum</strong></span> <span class='ocrx_word' id='word_1_311' title='bbox 1017 3337 1202 3401; x_wconf 86' lang='lat' dir='ltr'><strong>securitatis</strong></span> <span class='ocrx_word' id='word_1_312' title='bbox 1238 3337 1380 3403; x_wconf 88' lang='lat' dir='ltr'><strong>urbanae</strong></span> 
     </span>
     <span class='ocr_line' id='line_1_38' title="bbox 165 3415 1381 3504; baseline 0.006 -26"><span class='ocrx_word' id='word_1_313' title='bbox 165 3415 336 3483; x_wconf 86' lang='lat' dir='ltr'><strong>custodem</strong></span> <span class='ocrx_word' id='word_1_314' title='bbox 356 3417 523 3491; x_wconf 86' lang='lat' dir='ltr'><strong>habemus,</strong></span> <span class='ocrx_word' id='word_1_315' title='bbox 544 3419 650 3487; x_wconf 79' lang='lat' dir='ltr'><strong>virtus</strong></span> <span class='ocrx_word' id='word_1_316' title='bbox 673 3417 880 3499; x_wconf 77' lang='lat' dir='ltr'><strong>compressit.</strong></span> <span class='ocrx_word' id='word_1_317' title='bbox 915 3419 1056 3502; x_wconf 77' lang='lat' dir='ltr'><strong>Quippe</strong></span> <span class='ocrx_word' id='word_1_318' title='bbox 1075 3420 1214 3504; x_wconf 80' lang='lat' dir='ltr'><strong>Legatos</strong></span> <span class='ocrx_word' id='word_1_319' title='bbox 1236 3422 1381 3485; x_wconf 77' lang='lat' dir='ltr'><strong>Caesaris</strong></span> 
     </span>
     <span class='ocr_line' id='line_1_39' title="bbox 165 3498 1391 3586; baseline 0.008 -29"><span class='ocrx_word' id='word_1_320' title='bbox 165 3498 311 3561; x_wconf 89' lang='lat' dir='ltr'><strong>triennio</strong></span> <span class='ocrx_word' id='word_1_321' title='bbox 336 3520 409 3561; x_wconf 89' lang='lat' dir='ltr'><strong>oum</strong></span> <span class='ocrx_word' id='word_1_322' title='bbox 429 3499 481 3567; x_wconf 89' lang='lat' dir='ltr'><strong>his</strong></span> <span class='ocrx_word' id='word_1_323' title='bbox 503 3500 656 3573; x_wconf 81' lang='lat' dir='ltr'><strong>bellavit,</strong></span> <span class='ocrx_word' id='word_1_324' title='bbox 678 3508 855 3585; x_wconf 81' lang='lat' dir='ltr'><strong>gentesque</strong></span> <span class='ocrx_word' id='word_1_325' title='bbox 876 3502 1115 3578; x_wconf 80' lang='lat' dir='ltr'><strong>ferocissimas,</strong></span> <span class='ocrx_word' id='word_1_326' title='bbox 1140 3503 1288 3586; x_wconf 87' lang='lat' dir='ltr'><strong>plurimo</strong></span> <span class='ocrx_word' id='word_1_327' title='bbox 1311 3510 1391 3567; x_wconf 84' lang='lat' dir='ltr'><strong>cum&#39;</strong></span> 
     </span>
     <span class='ocr_line' id='line_1_40' title="bbox 168 3580 1382 3677; baseline 0.007 -34"><span class='ocrx_word' id='word_1_328' title='bbox 168 3602 280 3643; x_wconf 87' lang='lat' dir='ltr'><strong>earum</strong></span> <span class='ocrx_word' id='word_1_329' title='bbox 303 3580 453 3657; x_wconf 85' lang='lat' dir='ltr'><strong>excidio,</strong></span> <span class='ocrx_word' id='word_1_330' title='bbox 476 3605 562 3645; x_wconf 87' lang='lat' dir='ltr'><strong>nune</strong></span> <span class='ocrx_word' id='word_1_331' title='bbox 584 3583 674 3656; x_wconf 87' lang='lat' dir='ltr'><strong>acie,</strong></span> <span class='ocrx_word' id='word_1_332' title='bbox 697 3605 782 3653; x_wconf 89' lang='lat' dir='ltr'><strong>nunc</strong></span> <span class='ocrx_word' id='word_1_333' title='bbox 805 3587 1121 3677; x_wconf 74' lang='lat' dir='ltr'><strong>expugnationibus,</strong></span> <span class='ocrx_word' id='word_1_334' title='bbox 1150 3587 1185 3651; x_wconf 90' lang='lat' dir='ltr'><strong>in</strong></span> <span class='ocrx_word' id='word_1_335' title='bbox 1204 3586 1382 3669; x_wconf 86' lang='lat' dir='ltr'><strong>pristinum</strong></span> 
     </span>
     <span class='ocr_line' id='line_1_41' title="bbox 167 3665 1384 3753; baseline 0.003 -28"><span class='ocrx_word' id='word_1_336' title='bbox 167 3665 257 3753; x_wconf 80' lang='lat' dir='ltr'><strong>pacIs</strong></span> <span class='ocrx_word' id='word_1_337' title='bbox 275 3665 404 3751; x_wconf 78' lang='lat' dir='ltr'><strong>redegIt</strong></span> <span class='ocrx_word' id='word_1_338' title='bbox 424 3667 576 3729; x_wconf 81' lang='lat' dir='ltr'><strong>modum:</strong></span> <span class='ocrx_word' id='word_1_339' title='bbox 602 3665 670 3737; x_wconf 90' lang='lat' dir='ltr'><strong>eius</strong></span> <span class='ocrx_word' id='word_1_340' title='bbox 695 3690 736 3728; x_wconf 89' lang='lat' dir='ltr'><strong>ue</strong></span> <span class='ocrx_word' id='word_1_341' title='bbox 756 3669 943 3752; x_wconf 79' lang='lat' dir='ltr'><strong>patratione</strong></span> <span class='ocrx_word' id='word_1_342' title='bbox 964 3668 1060 3732; x_wconf 80' lang='lat' dir='ltr'><strong>Asiae</strong></span> <span class='ocrx_word' id='word_1_343' title='bbox 1081 3671 1296 3746; x_wconf 82' lang='lat' dir='ltr'><strong>securietem,</strong></span> <span class='ocrx_word' id='word_1_344' title='bbox 1313 3674 1384 3733; x_wconf 75' lang='lat' dir='ltr'><strong>Ma·-</strong></span> 
     </span>
     <span class='ocr_line' id='line_1_42' title="bbox 169 3746 1383 3835; baseline 0.01 -26"><span class='ocrx_word' id='word_1_345' title='bbox 169 3746 326 3817; x_wconf 85' lang='lat' dir='ltr'><strong>cedoniae</strong></span> <span class='ocrx_word' id='word_1_346' title='bbox 347 3770 461 3835; x_wconf 84' lang='lat' dir='ltr'><strong>pacem</strong></span> <span class='ocrx_word' id='word_1_347' title='bbox 482 3748 638 3817; x_wconf 87' lang='lat' dir='ltr'><strong>reddidit.</strong></span> <span class='ocrx_word' id='word_1_348' title='bbox 704 3771 733 3817; x_wconf 87' lang='lat' dir='ltr'><strong>e</strong></span> <span class='ocrx_word' id='word_1_349' title='bbox 753 3774 819 3835; x_wconf 90' lang='lat' dir='ltr'><strong>quo</strong></span> <span class='ocrx_word' id='word_1_350' title='bbox 843 3752 914 3814; x_wconf 79' lang='lat' dir='ltr'><strong>siro</strong></span> <span class='ocrx_word' id='word_1_351' title='bbox 930 3752 996 3818; x_wconf 87' lang='lat' dir='ltr'><strong>hoc</strong></span> <span class='ocrx_word' id='word_1_352' title='bbox 1012 3755 1163 3819; x_wconf 81' lang='lat' dir='ltr'><strong>omnihus</strong></span> <span class='ocrx_word' id='word_1_353' title='bbox 1178 3753 1383 3821; x_wconf 77' lang='lat' dir='ltr'><strong>sentiendum</strong></span> 
     </span>
     <span class='ocr_line' id='line_1_43' title="bbox 168 3831 1383 3921; baseline 0.008 -31"><span class='ocrx_word' id='word_1_354' title='bbox 168 3852 206 3892; x_wconf 87' lang='lat' dir='ltr'><strong>ae</strong></span> <span class='ocrx_word' id='word_1_355' title='bbox 225 3831 478 3912; x_wconf 85' lang='lat' dir='ltr'><strong>praedicandum</strong></span> <span class='ocrx_word' id='word_1_356' title='bbox 503 3842 568 3909; x_wconf 87' lang='lat' dir='ltr'><strong>est,</strong></span> <span class='ocrx_word' id='word_1_357' title='bbox 593 3855 660 3903; x_wconf 85' lang='lat' dir='ltr'><strong>esse</strong></span> <span class='ocrx_word' id='word_1_358' title='bbox 679 3857 790 3903; x_wconf 86' lang='lat' dir='ltr'><strong>mores</strong></span> <span class='ocrx_word' id='word_1_359' title='bbox 812 3835 881 3905; x_wconf 83' lang='lat' dir='ltr'><strong>eius</strong></span> <span class='ocrx_word' id='word_1_360' title='bbox 900 3836 1016 3921; x_wconf 79' lang='lat' dir='ltr'><strong>uigore</strong></span> <span class='ocrx_word' id='word_1_361' title='bbox 1037 3836 1227 3900; x_wconf 79' lang='lat' dir='ltr'><strong>eeleritate</strong></span> <span class='ocrx_word' id='word_1_362' title='bbox 1248 3845 1383 3921; x_wconf 73' lang='lat' dir='ltr'><strong>tempe-</strong></span> 
     </span>
     <span class='ocr_line' id='line_1_44' title="bbox 169 3914 1383 4005; baseline 0.004 -30"><span class='ocrx_word' id='word_1_363' title='bbox 169 3914 364 3999; x_wconf 75' lang='lat' dir='ltr'><strong>rarissimos,</strong></span> <span class='ocrx_word' id='word_1_364' title='bbox 388 3924 421 3982; x_wconf 81' lang='lat' dir='ltr'><strong>et</strong></span> <span class='ocrx_word' id='word_1_365' title='bbox 441 3916 495 3975; x_wconf 76' lang='lat' dir='ltr'><strong>alx</strong></span> <span class='ocrx_word' id='word_1_366' title='bbox 517 3939 709 4001; x_wconf 80' lang='lat' dir='ltr'><strong>quemquam</strong></span> <span class='ocrx_word' id='word_1_367' title='bbox 735 3918 876 4004; x_wconf 85' lang='lat' dir='ltr'><strong>reperiri</strong></span> <span class='ocrx_word' id='word_1_368' title='bbox 897 3942 1014 4002; x_wconf 84' lang='lat' dir='ltr'><strong>posse,</strong></span> <span class='ocrx_word' id='word_1_369' title='bbox 1041 3920 1097 4005; x_wconf 90' lang='lat' dir='ltr'><strong>qui</strong></span> <span class='ocrx_word' id='word_1_370' title='bbox 1120 3929 1177 3986; x_wconf 88' lang='lat' dir='ltr'><strong>aut</strong></span> <span class='ocrx_word' id='word_1_371' title='bbox 1198 3920 1307 3985; x_wconf 89' lang='lat' dir='ltr'><strong>otium</strong></span> <span class='ocrx_word' id='word_1_372' title='bbox 1324 3942 1383 3982; x_wconf 58' lang='lat' dir='ltr'><strong>sav·</strong></span> 
     </span>
     <span class='ocr_line' id='line_1_45' title="bbox 167 3994 1384 4091; baseline 0.012 -34"><span class='ocrx_word' id='word_1_373' title='bbox 167 3994 266 4067; x_wconf 88' lang='lat' dir='ltr'><strong>lidius</strong></span> <span class='ocrx_word' id='word_1_374' title='bbox 287 3996 414 4081; x_wconf 82' lang='lat' dir='ltr'><strong>diligat,</strong></span> <span class='ocrx_word' id='word_1_375' title='bbox 437 4008 493 4061; x_wconf 91' lang='lat' dir='ltr'><strong>aut</strong></span> <span class='ocrx_word' id='word_1_376' title='bbox 513 4001 641 4063; x_wconf 73' lang='lat' dir='ltr'><strong>Pacilius</strong></span> <span class='ocrx_word' id='word_1_377' title='bbox 663 4000 800 4071; x_wconf 76' lang='lat' dir='ltr'><strong>sufficiat</strong></span> <span class='ocrx_word' id='word_1_378' title='bbox 820 4004 967 4087; x_wconf 79' lang='lat' dir='ltr'><strong>negotio,</strong></span> <span class='ocrx_word' id='word_1_379' title='bbox 986 4014 1018 4071; x_wconf 91' lang='lat' dir='ltr'><strong>et</strong></span> <span class='ocrx_word' id='word_1_380' title='bbox 1032 4003 1145 4087; x_wconf 75' lang='lat' dir='ltr'><strong>magle,</strong></span> <span class='ocrx_word' id='word_1_381' title='bbox 1162 4026 1245 4088; x_wconf 88' lang='lat' dir='ltr'><strong>quae</strong></span> <span class='ocrx_word' id='word_1_382' title='bbox 1260 4002 1384 4091; x_wconf 69' lang='lat' dir='ltr'><strong>agendo</strong></span> 
     </span>
     <span class='ocr_line' id='line_1_46' title="bbox 167 4082 934 4165; baseline 0.007 -23"><span class='ocrx_word' id='word_1_383' title='bbox 167 4088 262 4155; x_wconf 83' lang='lat' dir='ltr'><strong>sunt,</strong></span> <span class='ocrx_word' id='word_1_384' title='bbox 285 4088 400 4155; x_wconf 89' lang='lat' dir='ltr'><strong>curet,</strong></span> <span class='ocrx_word' id='word_1_385' title='bbox 421 4082 491 4144; x_wconf 88' lang='lat' dir='ltr'><strong>sine</strong></span> <span class='ocrx_word' id='word_1_386' title='bbox 510 4085 577 4149; x_wconf 86' lang='lat' dir='ltr'><strong>ulla</strong></span> <span class='ocrx_word' id='word_1_387' title='bbox 600 4086 784 4155; x_wconf 87' lang='lat' dir='ltr'><strong>ostentione</strong></span> <span class='ocrx_word' id='word_1_388' title='bbox 806 4085 934 4165; x_wconf 74' lang='lat' dir='ltr'><strong>agendi.</strong></span> 
     </span>
    </p>

    <p class='ocr_par' dir='ltr' id='par_1_6' title="bbox 168 4163 1409 4589">
     <span class='ocr_line' id='line_1_47' title="bbox 209 4163 1385 4251; baseline 0.007 -28"><span class='ocrx_word' id='word_1_389' title='bbox 209 4163 327 4249; x_wconf 63' lang='lat' dir='ltr'><strong>XCIXJ</strong></span> <span class='ocrx_word' id='word_1_390' title='bbox 358 4164 454 4229; x_wconf 82' lang='lat' dir='ltr'><strong>Brevi</strong></span> <span class='ocrx_word' id='word_1_391' title='bbox 477 4166 650 4233; x_wconf 85' lang='lat' dir='ltr'><strong>interiectu</strong></span> <span class='ocrx_word' id='word_1_392' title='bbox 672 4169 779 4251; x_wconf 86' lang='lat' dir='ltr'><strong>spatio</strong></span> <span class='ocrx_word' id='word_1_393' title='bbox 803 4169 878 4230; x_wconf 87' lang='lat' dir='ltr'><strong>Tib.</strong></span> <span class='ocrx_word' id='word_1_394' title='bbox 902 4170 1013 4242; x_wconf 81' lang='lat' dir='ltr'><strong>Nero,</strong></span> <span class='ocrx_word' id='word_1_395' title='bbox 1042 4166 1171 4233; x_wconf 90' lang='lat' dir='ltr'><strong>duobus</strong></span> <span class='ocrx_word' id='word_1_396' title='bbox 1195 4168 1385 4235; x_wconf 76' lang='lat' dir='ltr'><strong>consaluti-</strong></span> 
     </span>
     <span class='ocr_line' id='line_1_48' title="bbox 168 4244 1384 4335; baseline 0.008 -28"><span class='ocrx_word' id='word_1_397' title='bbox 168 4244 229 4307; x_wconf 90' lang='lat' dir='ltr'><strong>bus</strong></span> <span class='ocrx_word' id='word_1_398' title='bbox 252 4246 452 4333; x_wconf 85' lang='lat' dir='ltr'><strong>totidemque</strong></span> <span class='ocrx_word' id='word_1_399' title='bbox 479 4251 656 4335; x_wconf 84' lang='lat' dir='ltr'><strong>triumphis</strong></span> <span class='ocrx_word' id='word_1_400' title='bbox 683 4252 785 4325; x_wconf 89' lang='lat' dir='ltr'><strong>actis,</strong></span> <span class='ocrx_word' id='word_1_401' title='bbox 818 4251 1026 4318; x_wconf 88' lang='lat' dir='ltr'><strong>Tribunitiae</strong></span> <span class='ocrx_word' id='word_1_402' title='bbox 1046 4253 1218 4333; x_wconf 82' lang='lat' dir='ltr'><strong>potestatis</strong></span> <span class='ocrx_word' id='word_1_403' title='bbox 1243 4275 1384 4317; x_wconf 84' lang='lat' dir='ltr'><strong>consor-</strong></span> 
     </span>
     <span class='ocr_line' id='line_1_49' title="bbox 168 4330 1385 4425; baseline 0.005 -36"><span class='ocrx_word' id='word_1_404' title='bbox 168 4330 259 4399; x_wconf 80' lang='lat' dir='ltr'><strong>tione</strong></span> <span class='ocrx_word' id='word_1_405' title='bbox 281 4340 436 4425; x_wconf 83' lang='lat' dir='ltr'><strong>uoquatus</strong></span> <span class='ocrx_word' id='word_1_406' title='bbox 458 4333 624 4421; x_wconf 79' lang='lat' dir='ltr'><strong>Augusto,</strong></span> <span class='ocrx_word' id='word_1_407' title='bbox 648 4335 767 4398; x_wconf 83' lang='lat' dir='ltr'><strong>cisium</strong></span> <span class='ocrx_word' id='word_1_408' title='bbox 788 4343 864 4415; x_wconf 87' lang='lat' dir='ltr'><strong>post</strong></span> <span class='ocrx_word' id='word_1_409' title='bbox 886 4357 986 4403; x_wconf 86' lang='lat' dir='ltr'><strong>unum</strong></span> <span class='ocrx_word' id='word_1_410' title='bbox 1006 4336 1055 4413; x_wconf 86' lang='lat' dir='ltr'><strong>(et</strong></span> <span class='ocrx_word' id='word_1_411' title='bbox 1075 4334 1163 4410; x_wconf 88' lang='lat' dir='ltr'><strong>boc,</strong></span> <span class='ocrx_word' id='word_1_412' title='bbox 1186 4336 1261 4419; x_wconf 92' lang='lat' dir='ltr'><strong>quia</strong></span> <span class='ocrx_word' id='word_1_413' title='bbox 1288 4337 1385 4401; x_wconf 69' lang='lat' dir='ltr'><strong>vole.-</strong></span> 
     </span>
     <span class='ocr_line' id='line_1_50' title="bbox 168 4414 1409 4503; baseline 0.003 -28"><span class='ocrx_word' id='word_1_414' title='bbox 168 4414 544 4495; x_wconf 85' lang='lat' dir='ltr'><strong>bat)eu1inentissimus,</strong></span> <span class='ocrx_word' id='word_1_415' title='bbox 568 4417 687 4488; x_wconf 72' lang='lat' dir='ltr'><strong>(tarsun</strong></span> <span class='ocrx_word' id='word_1_416' title='bbox 710 4418 879 4489; x_wconf 73' lang='lat' dir='ltr'><strong>maximus,</strong></span> <span class='ocrx_word' id='word_1_417' title='bbox 901 4420 984 4481; x_wconf 87' lang='lat' dir='ltr'><strong>fama</strong></span> <span class='ocrx_word' id='word_1_418' title='bbox 1008 4417 1206 4503; x_wconf 88' lang='lat' dir='ltr'><strong>fortunaque</strong></span> <span class='ocrx_word' id='word_1_419' title='bbox 1231 4419 1385 4489; x_wconf 63' lang='lat' dir='ltr'><strong>celeberi-</strong></span> <span class='ocrx_word' id='word_1_420' title='bbox 1405 4434 1409 4449; x_wconf 85' lang='lat'><em>¹</em></span> 
     </span>
     <span class='ocr_line' id='line_1_51' title="bbox 169 4498 1385 4589; baseline 0.003 -27"><span class='ocrx_word' id='word_1_421' title='bbox 169 4498 289 4569; x_wconf 78' lang='lat' dir='ltr'><strong>rimus.</strong></span> <span class='ocrx_word' id='word_1_422' title='bbox 314 4505 345 4557; x_wconf 89' lang='lat' dir='ltr'><strong>et</strong></span> <span class='ocrx_word' id='word_1_423' title='bbox 365 4520 442 4560; x_wconf 86' lang='lat' dir='ltr'><strong>vere</strong></span> <span class='ocrx_word' id='word_1_424' title='bbox 463 4500 599 4569; x_wconf 83' lang='lat' dir='ltr'><strong>altarum</strong></span> <span class='ocrx_word' id='word_1_425' title='bbox 623 4498 835 4580; x_wconf 78' lang='lat' dir='ltr'><strong>Reipublicae</strong></span> <span class='ocrx_word' id='word_1_426' title='bbox 856 4500 964 4562; x_wconf 86' lang='lat' dir='ltr'><strong>lumen</strong></span> <span class='ocrx_word' id='word_1_427' title='bbox 987 4508 1019 4561; x_wconf 89' lang='lat' dir='ltr'><strong>et</strong></span> <span class='ocrx_word' id='word_1_428' title='bbox 1042 4511 1159 4582; x_wconf 88' lang='lat' dir='ltr'><strong>caput,</strong></span> <span class='ocrx_word' id='word_1_429' title='bbox 1184 4502 1268 4563; x_wconf 91' lang='lat' dir='ltr'><strong>mira</strong></span> <span class='ocrx_word' id='word_1_430' title='bbox 1296 4526 1385 4589; x_wconf 88' lang='lat' dir='ltr'><strong>qun·</strong></span> 
     </span>
    </p>
   </div>
   <div class='ocr_carea' id='block_1_3' title="bbox 168 4578 1384 4678">
    <p class='ocr_par' dir='ltr' id='par_1_7' title="bbox 168 4578 1384 4678">
     <span class='ocr_line' id='line_1_52' title="bbox 168 4578 1384 4678; baseline 0.017 -38"><span class='ocrx_word' id='word_1_431' title='bbox 168 4578 240 4645; x_wconf 84' lang='lat' dir='ltr'><strong>dam</strong></span> <span class='ocrx_word' id='word_1_432' title='bbox 263 4586 296 4643; x_wconf 82' lang='lat' dir='ltr'><strong>at</strong></span> <span class='ocrx_word' id='word_1_433' title='bbox 317 4580 503 4653; x_wconf 74' lang='lat' dir='ltr'><strong>tacielibilt</strong></span> <span class='ocrx_word' id='word_1_434' title='bbox 525 4592 622 4678; x_wconf 84' lang='lat' dir='ltr'><strong>atque</strong></span> <span class='ocrx_word' id='word_1_435' title='bbox 645 4582 856 4656; x_wconf 79' lang='lat' dir='ltr'><strong>inenerrabili</strong></span> <span class='ocrx_word' id='word_1_436' title='bbox 878 4584 1013 4678; x_wconf 82' lang='lat' dir='ltr'><strong>pietate,</strong></span> <span class='ocrx_word' id='word_1_437' title='bbox 1037 4585 1142 4672; x_wconf 82' lang='lat' dir='ltr'><strong>[cuiue</strong></span> <span class='ocrx_word' id='word_1_438' title='bbox 1161 4607 1384 4663; x_wconf 71' lang='lat' dir='ltr'><strong>curassemus</strong></span> 
     </span>
    </p>
   </div>
   <div class='ocr_carea' id='block_1_4' title="bbox 0 0 1453 4958">
    <p class='ocr_par' dir='ltr' id='par_1_8' title="bbox 0 0 1453 4958">
     <span class='ocr_line' id='line_1_53' title="bbox 0 0 1453 4958; baseline 0 0"><span class='ocrx_word' id='word_1_439' title='bbox 0 0 1453 4958; x_wconf 95' lang='lat' dir='ltr'><strong> </strong></span> 
     </span>
    </p>
   </div>
  </div>
 </body>
</html>
