2850 4958
440 266 566 361 HIST.
589 286 712 364 ROM.
738 284 828 366 stu.
854 283 902 361 11.
1244 280 1290 362 65

74 474 119 516 ao
144 452 209 515 situ
235 446 367 515 obsitas
392 450 516 515 lustitia
529 498 540 527 ,
571 454 739 535 aequitas,
771 446 931 515 industria
965 446 1091 514 civitati
1122 446 1290 526 redditae;

76 531 215 613 occessit
234 532 478 619 magistratibus
499 540 697 607 auotoritas,
719 537 852 600 Senatui
872 533 1039 615 maiestas,
1063 530 1194 596 iudiciis
1215 557 1295 623 gra-

76 622 181 695 vitas3
213 640 399 701 compressa
430 617 600 683 theatralis
626 616 768 695 sediti03
784 624 880 683 'recte
900 616 1040 685 faciendi
1065 619 1216 680 omnibus
1237 627 1295 680 aut

76 706 206 765 incussa
236 705 406 779 voluntas,
434 710 492 769 aut
518 699 673 787 imposita
703 705 887 767 necessitas.
935 698 1153 763 Houorontur
1181 704 1292 775 recta,

72 792 179 869 pravi
199 786 394 871 puniuntur.
436 785 581 868 Suscipit
600 793 770 869 potentem
790 779 946 863 humilis,
971 804 1039 846 non
1060 786 1170 846 timet:
1194 794 1292 846 ante-

72 870 186 945 cedit,
209 893 276 933 non
296 869 478 934 coutemnit
497 869 711 933 humiliorem
734 879 863 954 potens.
907 867 1046 968 Quando
1070 886 1198 929 annona
1217 890 1294 930 mo-

71 951 246 1016 deratior?
275 952 407 1037 quando
428 974 492 1037 pax
512 950 656 1015 laetior?
676 954 800 1017 Diffusa
822 954 856 1016 lu
875 948 1022 1013 Orientis
1037 948 1295 1033 Occidentisque

71 1040 224 1112 tractus,
254 1046 286 1098 et
318 1035 480 1121 quidquid
504 1037 687 1098 meridiano
716 1047 772 1100 aut
792 1036 1035 1121 septemtrione
1064 1034 1194 1107 finitur,
1226 1037 1296 1096 Pax

70 1124 222 1204 Augusta
241 1142 303 1202 per
318 1114 427 1181 omnia
443 1136 554 1180 omnes
568 1128 731 1200 terrarum
747 1119 838 1183 orbis
859 1118 993 1202 angulos
1009 1141 1025 1178 a
1040 1114 1294 1181 latrociniorum

70 1214 167 1265 uretu
181 1212 289 1265 servat
303 1203 473 1264 inrmunes.
502 1203 653 1264 Fortuita
668 1222 736 1266 non
758 1204 878 1265 civium
899 1202 1138 1275 tantummodo,
1156 1202 1211 1263 sed
1232 1220 1293 1263 ur-

71 1287 171 1349 bium
199 1285 314 1347 damna
341 1282 507 1368 Principis
533 1285 756 1349 munificentia
785 1283 941 1350 vindicat.
984 1284 1166 1347 Restitutae
1197 1285 1295 1347 urbes

73 1371 196 1432 Asiae:
229 1365 412 1431 vindicatae
443 1371 483 1431 ab
514 1366 644 1431 iniuriis
672 1371 920 1455 magistratuum
939 1363 1150 1451 provinciae:
1183 1368 1296 1431 honor

69 1452 185 1537 dignis
204 1448 449 1535 paratissimus:
497 1473 577 1513 oena
598 1448 631 1513 in
653 1454 756 1516 malos
777 1470 860 1528 sera,
881 1451 938 1514 sed
960 1451 1080 1535 aliqua.
1113 1451 1298 1535 Superatur

72 1532 241 1619 aequitate
263 1536 390 1620 gratia,
418 1474 556 1607 ambitio
583 1537 717 1600 virtute.
761 1533 845 1599 Nam
871 1532 982 1597 facere
1002 1543 1091 1597 recte
1112 1530 1197 1598 cives
1219 1555 1295 1597 suos

72 1618 235 1701 Princeps
266 1620 411 1709 optimus
437 1618 589 1682 faciendo
618 1619 738 1694 tlocet3
770 1638 938 1705 quumque
958 1613 1002 1680 sit
1021 1618 1163 1701 imperio
1182 1616 1295 1679 maxi*

74 1724 166 1773 snus,
191 1702 340 1785 exemplo
370 1703 478 1764 maior
498 1708 557 1764 est.

120 1783 287 1848 CXXVII.
320 1786 409 1846 Raro
432 1782 695 1848 eminentes-viri
716 1804 783 1847 uon
803 1778 928 1869 magnis
948 1778 1156 1848 adiutoribus
1177 1780 1218 1847 ad
1232 1805 1298 1864 gu-

76 1865 280 1931 bernandam
308 1867 475 1931 fortunam
503 1889 593 1931 suam
620 1869 669 1931 usi
701 1877 795 1943 sunt·,
827 1874 865 1930 ut
886 1868 951 1930 duo
973 1866 1145 1949 Scipiones
1167 1869 1297 1931 duobus

74 1950 218 2027 Laeliis,
247 1973 330 2035 quos
360 1969 422 2035 per
451 1952 560 2014 omnia
588 1958 810 2037 aequaverunt
833 1948 915 2026 sibi·,
946 1959 984 2013 ut
1004 1948 1107 2013 Divus
1131 1952 1297 2037 Augustus

74 2035 122 2100 M.
146 2034 305 2126 Agrippa,
330 2043 363 2097 et
382 2035 532 2118 proxime
553 2028 604 2098 ab·
617 2057 656 2098 eo
670 2032 834 2116 ,statilio
856 2028 980 2097 Tauro.
1018 2034 1146 2114 Quibus
1166 2032 1297 2098 novitas

72 2117 331 2183 familiae'haud
353 2118 500 2187 obstitit.
524 2138 589 2204 quo
611 2114 718 2182 minus
740 2118 780 2181 ad
801 2114 1000 2202 multiplices
1024 2118 1213 2181 Consulatus
1229 2115 1298 2182 tri-

73 2200 309 2286 umphosque,
332 2209 364 2264 et
386 2198 557 2285 complure
579 2199 783 2265 eniterentur
801 2198 1003 2265 Sacerdotis.
1035 2199 1164 2265 Etenim
1179 2224 1296 2287 magna

71 2287 209 2365 negotia
233 2284 358 2363 magnis
380 2284 587 2347 adiutoribus
615 2292 730 2371 egent3
752 2307 859 2369 neque
881 2280 915 2346 in
935 2303 1038 2367 parvo
1061 2285 1208 2369 paucitas
1230 2282 1298 2347 mi-

71 2365 210 2431 nisteria
236 2368 369 2430 deficit:
394 2368 595 2470 interestque
618 2365 847 2453 Reipublicae,
872 2366 962 2450 quod
983 2387 1044 2431 usu
1065 2367 1295 2441 necessarium,

72 2462 108 2512 et
130 2449 289 2535 dignitate
313 2452 475 2526 eminere,
501 2450 744 2536 utilitatemque
765 2451 962 2515 auctoritate
983 2452 1117 2514 muniri.
1162 2452 1229 2513 Sub
1246 2452 1298 2513 his

75 2535 236 2618 exemplis
268 2532 423 2597 Tiberius
452 2536 569 2609 Caesar
597 2531 749 2598 Seianum
781 2533 931 2609 Aelium,
952 2536 1113 2617 principe
1139 2530 1298 2619 equestris

72 2615 207 2680 ordinis
227 2628 322 2700 patre
343 2626 473 2692 natum,
495 2624 643 2684 materno
663 2639 744 2682 aero
764 2640 882 2702 genere
899 2616 1092 2681 clarissimas
1106 2623 1299 2701 veteresque

71 2712 109 2762 et
133 2699 276 2783 insignes
298 2700 484 2762 honoribus
506 2703 712 2786 complexum
732 2701 891 2776 familias,
912 2702 1086 2764 habentem
1104 2698 1298 2763 Consulares

69 2788 218 2858 fratres,
253 2782 492 2858 consobrinos,
521 2785 737 2858 avunculum,
765 2785 871 2867 ipsum
903 2804 982 2848 vero
1003 2782 1139 2865 laboris
1162 2807 1199 2848 ac
1222 2782 1298 2846 fidei

70 2861 348 2949 capacissimum,
370 2861 549 2929 sufficiente
569 2865 666 2930 etiam
686 2866 796 2951 rigori
819 2863 919 2929 animi
940 2888 1098 2950 compage
1120 2864 1297 2953 corporis,

72 2946 278 3033 singularem
298 2945 533 3031 principalium
562 2972 697 3011 onerum
720 2950 905 3010 adiutorem
926 2948 959 3011 in
983 2949 1092 3012 omnia
1113 2948 1301 3012 habuit'at-
1344 2988 1347 2993 >

73 3054 142 3119 que
169 3033 291 3093 habet:
329 3030 438 3093 virum
475 3029 657 3095 severitatis
686 3032 901 3104 laetissimae,
938 3032 1117 3108 hilaritatis
1172 3032 1298 3107 riscae,

73 3125 152 3178 actu
176 3112 292 3178 otiosis
315 3109 529 3188 simillimum,
552 3114 637 3177 nibil
660 3113 723 3176 sibi
744 3110 974 3188 vindicantem,
992 3135 1134 3198 eoquea
1158 3136 1300 3199 sequen-

70 3198 139 3263 tem
163 3195 284 3273 omnia,
306 3216 500 3280 semperque
517 3195 606 3261 infra.
624 3193 768 3260 aliorum·
787 3195 1028 3259 aestimationes
1049 3219 1083 3261 se
1098 3194 1298 3275 metientem,-

75 3281 171 3346 vultu
194 3280 258 3344 vita
288 3302 329 3343 ue
350 3290 421 3343 tran
448 3277 586 3357 uillum,
608 3279 718 3343 animo
735 3299 931 3342 exsomnem.
1172 3284 1175 3289 '

116 3302 300 3428 cxxvlll.
330 3365 368 3425 In
388 3364 488 3428 husus
507 3364 667 3437 virtutum
689 3362 915 3426 aestimatione
938 3362 1002 3423 iam
1022 3363 1152 3448 pridem
1175 3362 1299 3433 iudicia

73 3447 221 3513 civitatis
251 3471 325 3513 cum
353 3445 485 3511 iudiciis
512 3446 678 3531 Principis
706 3452 843 3511 certant.
889 3442 1004 3530 Neque
1023 3460 1126 3513 novus
1147 3449 1205 3513 bib
1225 3472 1298 3515 mos

70 3531 212 3595 senatus
235 3528 420 3617 Populique
440 3529 579 3595 Romani
601 3540 660 3606 est,
682 3530 943 3615 putandi-quod
966 3528 1128 3613 optimum
1152 3531 1207 3605 sit,
1232 3552 1301 3597 esse

70 3615 329 3679 nobilissimum.
373 3613 455 3677 Nam
479 3624 511 3677 et
533 3614 582 3677 illi
604 3612 729 3696 antiqui
745 3661 753 3690 ,
768 3610 851 3676 'ante
875 3612 1021 3697 primum
1041 3612 1299 3679 bellum'Puni-

71 3718 173 3775 cum,
206 3698 327 3773 abhinc
348 3719 449 3760 annos
473 3698 571 3774 CCC,
598 3695 651 3762 Ti.
676 3695 940 3773 Coruncanium,
962 3688 1133 3759 bominem
1154 3720 1275 3760 novum
1287 3748 1297 3777 ,

69 3804 179 3869 quum
200 3781 272 3846 aliis
296 3780 447 3844 omnibus
467 3777 674 3854 honoribus,
696 3787 767 3842 tum
787 3776 988 3851 Pontificatu
1011 3772 1108 3841 etiam
1129 3776 1300 3859 Maximo,

69 3864 117 3929 ad
146 3863 331 3951 principale
363 3859 508 3927 extulere
539 3860 725 3949 fastigium}
760 3866 793 3935 es
817 3860 961 3949 equestri
991 3860 1068 3924 loco
1095 3867 1209 3925 natum
1226 3860 1298 3946 ³·Sp.

72 3948 274 4025 Carvilium,
312 3957 345 4010 et
364 3968 442 4009 mox
463 3949 509 4008 Μ.
533 3949 709 4020 Catonem,
737 3952 860 4015 siarum
888 3943 986 4007 etiam
1018 3942 1162 4009 Tusculo
1189 3948 1300 4015 ,Urbis'

72 4028 294 4117 inquilinum,
327 4026 587 4114 Mummiumque
610 4028 797 4091 'Achaicum
819 4023 854 4087 in'
876 4028 1088 4103 Consulatus,
1117 4028 1298 4109 Censores,

73 4124 111 4179 et
135 4113 236 4179 trium
262 4117 323 4178 hos
350 4131 542 4198 provexere.
576 4108 636 4188 Et,
660 4114 717 4195 qui
741 4114 775 4173 C.
800 4108 962 4184 Marium,
987 4110 1298 4199 igpotaeoriginis,

70 4220 182 4283 usque
205 4140 260 4264 aad
275 4208 400 4261 sextum
429 4193 638 4267 Consulatum
664 4191 734 4256 sine
763 4188 970 4268 dubitatione
996 4192 1134 4259 Romani
1157 4195 1298 4267 nominis

57 4282 226 4347 'habuere
246 4278 454 4367 principem,
478 4285 510 4341 et
531 4274 588 4363 qui
611 4282 657 4340 M.
680 4275 791 4341 Tullio
818 4286 944 4338 tantum
964 4278 1123 4353 tribucre,
1139 4284 1183 4365 ut
1196 4300 1300 4363 paene.

74 4366 299 4433 assentatione
319 4369 396 4437 sua',
420 4364 538 4448 quibus
561 4361 678 4435 vellet,
707 4356 913 4444 principatus
935 4360 1145 4433 conciliaret3
1178 4363 1300 4447 quique

74 4444 168 4514 nihil
189 4446 302 4513 Asinio
326 4442 474 4511 Pollioni
498 4446 720 4532 negaverunt,
743 4442 833 4529 quod
854 4440 1066 4508 nobilissimis
1083 4466 1209 4508 summo
1226 4469 1300 4511 earm

79 4535 206 4597 sudore
226 4530 490 4617 consequendum
512 4532 623 4593 foret:
652 4530 804 4612 prolecto
825 4528 891 4590 lanc
912 4537 1097 4603 senserant,
1128 4528 1160 4588 in
1183 4526 1300 4591 cuius..

82 4636 226 4703 eumque
255 4614 365 4681 auimo
394 4610 500 4679 virtus
530 4615 671 4683 inesset,
708 4610 746 4675 ei·
767 4606 948 4696 plurimum
976 4630 1045 4675 esse
1078 4610 1301 4677 tribuendum.

833 4718 852 4776 9
