2850 4958
15 222 33 263 ἐἴ

1301 128 1325 299 i

114 288 190 396 ,9o
390 332 394 337 -
572 278 722 363 saxu
756 276 875 361 ann

113 444 213 523 filla
235 446 409 538 ‘occupata
439 442 511 515 ¹est:
534 438 685 513 'Africa'
707 448 862 526 subacta,
893 436 1073 533 Hispaniae
1109 432 1313 525 accessesntl}

112 540 242 605 Galliae
275 547 308 600 et
339 536 527 599 Britanniae
561 536 756 598 tributariae
790 536 895 599 factas
926 540 1011 596 sunt.
1064 530 1148 595 Inde
1179 528 1314 615 Illyrici,

113 624 215 699 latri,
246 620 403 695 Liburni,
436 618 625 694 Dalmatae,
656 618 773 680 domiti
796 626 889 680 sunt:
912 618 952 679 ad
975 616 1137 681 Achaiam
1161 616 1315 679 transitum

70 710 74 719 '
115 718 184 773 ast:
218 706 412 768 Macedones
435 703 584 793 spbaptis
614 700 910 777 comnmissis,
925 702 1066 777 Momis,
1093 709 1127 763 et
1147 698 1316 763 Thracibus

113 790 272 857 bellatum
303 799 368 851 est:
400 774 496 849 etlam
526 778 566 847 asl
586 785 776 847 Danubium
798 806 900 867 usque
920 780 1130 868 perventum.
1175 783 1216 844 ln
1236 782 1315 858 Asia,-

115 874 250 959 expulso
272 869 461 944 Antiocho,
484 869 765 951 primumpedem
785 890 928 953 posuero
951 869 1115 932 Romani:
1139 866 1318 929 Mithridate

111 961 215 1033 victo,
237 956 337 1019 Ponti
363 975 497 1039 regnum
519 960 735 1041 occupatum3
761 962 793 1014 et
814 952 967 1015 Armenia
989 953 1113 1027 minor,
1129 972 1231 1055 quam
1248 950 1318 1013 idest

112 1039 422 1119 tenuerat‚,armis'
437 1037 572 1098 ohtmata
602 1044 672 1099 est:
705 1036 740 1101 in
761 1036 1032 1119 Mesopotamiam
1054 1036 1318 1117 Romanus'per-

112 1122 204 1190 venit
225 1124 403 1191 exercitus:
427 1141 500 1182 cum
522 1118 655 1182 Parthis
675 1119 792 1182 foedus
814 1121 933 1182 initum
954 1127 1017 1181 est:
1041 1129 1164 1182 contra
1188 1118 1321 1180 Cordue-

112 1228 179 1277 nos
196 1230 234 1271 ac
262 1204 443 1271 Saracenos
467 1210 500 1287 et
526 1204 651 1271 Arabas
680 1203 838 1267 bellatum
871 1201 1091 1276 est,.1udaca
1120 1202 1230 1264 omnis
1248 1202 1321 1267 sictt

112 1286 185 1354 asti
220 1288 334 1353 Cilicia
367 1297 400 1349 et
419 1278 525 1369 :tyrt-
553 1288 588 1348 in
619 1294 816 1369 potestatem
845 1280 962 1370 populi
989 1284 1133 1347 Romani
1163 1294 1319 1349 vernant.

112 1374 257 1461 Aegypti
290 1393 383 1455 reges
411 1368 572 1432 foederati
605 1379 708 1432 erant.
760 1371 828 1433 Sub
865 1370 1127 1453 imperatoribus
1159 1385 1242 1431 vero
1272 1388 1321 1453 per

113 1480 216 1523 annos
237 1454 493 1541 quadringentos
514 1462 659 1536 septem,
692 1474 792 1537 quum
815 1452 941 1515 div'ersa
963 1451 1184 1536 Reipublicae
1204 1455 1323 1515 sortuns

112 1540 209 1607 multi
240 1539 407 1624 principes
440 1538 660 1617 imperarent,
699 1546 903 1601 accesserunt
932 1547 1038 1612 tamen
1070 1538 1225 1599 Romano
1259 1534 1321 1617 orbi

111 1626 213 1711 Alpes
234 1623 436 1705 maritimae,
460 1620 567 1704 Alpes¹
582 1620 731 1696 Cottiae,
753 1622 927 1694 Rhaetiae,
956 1620 1123 1701 ¹Noricus:
1160 1620 1322 1683 Pannoni-

113 1730 175 1786 ae,
197 1706 363 1779 Moesiae:
393 1712 426 1766 et
449 1702 553 1767 omnis
575 1724 632 1765 ora
655 1702 799 1767 Danubii
822 1705 855 1766 in
877 1704 1081 1786 provinciam
1107 1712 1161 1767 est
1182 1702 1322 1766 redactas

112 1793 241 1878 i'ontus
266 1788 393 1862 otonis,
414 1786 568 1850 Armenia
591 1786 719 1861 maior,
744 1789 864 1850 Oriens
883 1797 972 1849 totus
987 1810 1059 1849 cum
1075 1785 1323 1871 Mesopotamia,

64 1896 67 1901 '
112 1872 260 1959 Assyria,
282 1872 417 1955 Arabia,
441 1882 474 1934 et
495 1871 659 1953 Aegypto,
682 1872 742 1934 sub
766 1872 897 1954 imperii
918 1869 1056 1933 Romani
1081 1872 1157 1933 iura
1174 1870 1322 1933 transivit.

113 1978 119 1999 ⁸
155 1961 222 2041 Ill<
247 1958 323 2036 Quo
345 1963 453 2017 autem
476 1956 594 2017 ordine
613 1954 754 2037 singulas
773 1955 965 2040 provincias¹
974 1955 1119 2015 Romana
1138 1954 1323 2037 Respublica

111 2043 265 2108 adsecuta
290 2039 351 2114 sit,
381 2038 566 2099 ostenditur
589 2038 646 2098 ita.
690 2037 801 2099 Prima
828 2038 1076 2121 provinciarum
1105 2038 1226 2101 Sicilia
1252 2038 1321 2100 iacta

111 2136 176 2191 est.-
217 2124 317 2197 Eam,
347 2119 439 2183 ricto
469 2121 637 2194 Hierone,
669 2120 856 2183 Siculorum
883 2142 987 2207 rege,
1014 2120 1198 2185 Marcellus
1220 2118 1320 2185 Conml

114 2209 272 2273 obtinuit.
313 2202 443 2267 Deinde
464 2226 482 2265 a
502 2204 718 2285 Praetoribus
744 2213 833 2267 recta
856 2212 925 2280 est3
951 2213 1065 2288 postea
1087 2206 1265 2267 commissa
1283 2210 1316 2267 est

111 2291 343 2377 Praesidibus:
376 2308 502 2349 nunes
525 2287 759 2351 consularibus
791 2288 1049 2351 administratur.
1092 2288 1322 2353 Sardiniensi

113 2376 283 2442 Corsicam
308 2369 458 2435 Metellus
478 2371 576 2434 vicit:
601 2372 657 2454 qui
681 2381 713 2432 et
732 2372 950 2454 triumphavit
975 2372 1015 2445 de
1034 2370 1174 2447 Sardis,
1195 2372 1249 2457 qui
1270 2394 1324 2434 re-

112 2460 278 2526 bellavere
304 2474 412 2537 saepe.
444 2454 568 2517 'lunata
601 2455 840 2518 administratio
860 2455 977 2519 harum
1000 2454 1188 2519 insularum
1205 2458 1323 2533 iuerat:

112 2552 191 2633 post
211 2539 376 2628 quaelibet
395 2558 471 2600 suos
493 2539 669 2601 Praetores
689 2539 827 2601 babuit:
849 2560 936 2601 nnnc
953 2537 1099 2614 singulae
1116 2564 1134 2601 a
1153 2538 1326 2603 snisPrae-

112 2630 240 2693 sidibns
264 2632 436 2703 reguntur.
481 2622 518 2682 In
542 2623 685 2683 Africam
708 2644 772 2704 pro
795 2623 984 2684 defensione
1004 2621 1199 2687 Siculorum
1222 2624 1326 2685 Roma·

112 2736 154 2776 na
176 2710 361 2773 transmissa
383 2713 458 2766 snnt
479 2706 580 2789 signa.
624 2706 692 2769 Ter
713 2705 824 2768 Africa
846 2706 1037 2769 rebellavit:
1065 2704 1106 2767 ad
1131 2719 1324 2781 extremum,

112 2796 219 2877 deleta
241 2788 303 2876 per
321 2791 359 2851 P.
383 2788 570 2869 Scipionem
594 2789 810 2868 Carthagine,
838 2790 1008 2871 provincia
1035 2792 1124 2851 facta
1149 2801 1221 2854 est:
1252 2813 1325 2853 nune

112 2880 174 2943 s'ub
195 2872 455 2941 Proconsulibus
485 2872 561 2956 agit.
605 2872 758 2934 Numidia
782 2872 821 2933 ab
845 2873 956 2934 amicis
981 2873 1114 2957 regibus
1139 2876 1323 2938 tenebatur:

112 2963 171 3027 sed
192 2954 383 3043 Iugurthae,
408 2956 449 3016 ob
474 2965 606 3017 necatos
628 2956 847 3018 Adherbalem
864 2966 896 3017 et
917 2957 1153 3040 Hiempsalem,
1179 2960 1323 3042 Micipsae

112 3049 200 3129 regis
222 3046 320 3115 filios,
345 3038 469 3101 bellum
491 3039 648 3100 indictum
672 3050 740 3121 est:
765 3048 797 3101 et
822 3052 861 3101 eo
883 3062 944 3121 per
965 3039 1135 3103 Metellum
1163 3044 1322 3106 Consulem

113 3134 252 3203 attrito,
274 3146 337 3210 per
357 3122 497 3185 Marium
520 3133 629 3203 capto,
654 3125 686 3184 in
709 3123 826 3205 populi
849 3124 985 3185 Romani
1001 3134 1202 3207 potestatem
1221 3126 1323 3191 Numi·

113 3214 169 3277 'dia
188 3209 350 3297 persenit.
395 3208 618 3269 Mauretaniae
644 3230 660 3266 a
690 3207 823 3269 Boccho
849 3228 927 3290 rege
958 3207 1114 3277 obtentae
1140 3221 1231 3274 sunt.
1273 3206 1323 3271 set
1352 3201 1357 3239 ¹

112 3299 248 3360 subacta
270 3291 359 3357 omni
391 3289 523 3363 Africa,
551 3293 685 3352 Mauros
706 3291 788 3352 Iuba
811 3311 868 3353 rex
890 3291 1040 3364 tenebam
1074 3293 1135 3375 qui
1170 3296 1205 3357 in
1229 3313 1321 3359 caussa
1351 3272 1357 3323 ι

112 3378 193 3444 belli
216 3374 342 3446 civilis,
366 3375 406 3437 ab
429 3373 515 3436 lulio
543 3375 679 3437 Caesare
698 3375 824 3455 rictus,
846 3384 986 3437 mortem
1001 3374 1065 3438 sibi
1078 3378 1320 3463 propria‘mans

114 3463 285 3527 conscivit.
339 3457 389 3519 lta
424 3459 646 3519 Mauretaniae
681 3467 815 3521 nostrae
849 3478 916 3519 esse
952 3469 1159 3542 coeperunt:
1206 3484 1245 3525 ac
1274 3476 1320 3547 per
1349 3449 1358 3489 l

114 3542 244 3619 omnem
265 3541 410 3606 Africam
432 3558 487 3603 sex
508 3541 700 3617 provinciae
720 3543 825 3602 factae
844 3550 939 3603 sunt:
966 3536 1060 3626 ipsa,
1087 3544 1149 3607 ubi
1171 3546 1317 3621 Carthago
1353 3509 1358 3570 l

115 3641 184 3706 est,
207 3625 473 3714 proconsularis3
496 3622 670 3699 Numidia,
693 3623 894 3698 consularis3
917 3626 1114 3705 Byzacium,
1139 3628 1315 3692 consularis

116 3715 285 3800 Tripolis,
308 3721 341 3774 et
362 3711 584 3795 Mauretaniae
609 3709 704 3785 duae,
724 3707 792 3771 hoe
813 3716 872 3783 est,
894 3708 1057 3772 Sitifensis
1080 3720 1114 3773 et
1137 3714 1313 3777 Caesarien-

115 3801 179 3871 sis,
201 3809 276 3862 snnt
297 3792 503 3877 praesidales.

159 3883 203 3943 V.
237 3878 390 3961 Hispanis
411 3878 552 3956 primum
586 3873 743 3938 auxilium
772 3875 925 3936 adversus
953 3875 1052 3939 Afros
1079 3900 1144 3961 per
1165 3879 1313 3965 Scipiones

115 3966 261 4029 tulimus.
306 3962 509 4024 Rebellnntes
531 3960 701 4021 Lusitanos
723 3959 755 4020 in
786 3959 941 4038 Hispania
963 3963 1315 4042 perDecimnmllru·
1357 3974 1359 3979 '

116 4058 188 4112 tum
211 4049 432 4118 obtinuimus3
456 4054 611 4125 esusque
632 4044 738 4106 Gades
760 4042 799 4104 ad
824 4044 989 4105 Oceanum
1005 4068 1095 4115 mare
1110 4048 1313 4124 pervenimus.
1351 4042 1359 4078 Γ·

117 4135 236 4203 Postea
268 4132 306 4193 ad
340 4131 503 4211 Hispanos
533 4127 765 4189 tumultuantes
797 4127 917 4189 Decius
949 4124 1064 4191 lunius
1091 4129 1225 4195 Silanus
1255 4147 1312 4191 cun
1349 4184 1352 4198 ,

51 4212 56 4231 “
117 4215 264 4281 e'xercitu
285 4216 416 4286 missus,
440 4234 495 4275 eos
517 4212 608 4273 vicit.
651 4211 806 4273 Celtiberi
831 4211 863 4271 in
886 4211 1039 4295 Hispania
1063 4236 1162 4297 saepe
1184 4214 1311 4278 rebella·
1350 4208 1354 4242 ¹·

117 4321 215 4365 vere:
248 4296 325 4372 sed,
358 4299 457 4359 misso
488 4296 618 4357 minore
648 4295 827 4366 Africano,
861 4316 934 4354 oum
971 4297 1100 4359 excidio
1139 4298 1312 4361 Numantiae

114 4384 245 4449 subacti
267 4393 351 4445 sunt.
397 4383 517 4441 Omnes
547 4399 649 4459 paene
680 4377 877 4457 Hispaniae,
912 4381 1083 4442 occasione
1105 4382 1186 4444 belli
1209 4384 1310 4444 Serto·

117 4471 225 4542 riani,
256 4464 318 4548 per
345 4457 510 4527 Metellum
536 4471 569 4523 et
595 4460 790 4543 Pompeium
819 4460 851 4521 in
881 4460 1039 4523 ditionem
1060 4476 1208 4527 nostram
1232 4485 1312 4527 acee-

107 4558 216 4636 ptset'
237 4561 374 4635 postea,
396 4556 578 4633 prorogato
601 4546 633 4603 in
657 4544 912 4629 quinquennium
936 4544 1097 4627 imperio,
1130 4573 1147 4610 a
1170 4545 1311 4627 Pompeio

9 4656 13 4663 '
95 4636 323 4723 perdomitae
352 4644 442 4703 sunt.
490 4631 542 4697 nd
574 4638 757 4703 extremum
780 4646 911 4711 quoque
929 4627 971 4689 ab
990 4631 1175 4697 Octauiano
1198 4636 1312 4699 Caesare
1347 4619 1360 4658 ²'
