2850 4958
465 314 562 397 ΗΒ.
582 316 632 395 Π.
659 314 768 393 CAP.
790 315 915 395 XVII.
1226 342 1293 399 ror

86 486 126 541 et
157 500 269 544 omnes
298 479 479 545 Callaeciae
502 482 662 563 populos,
694 483 979 564 formidatumque,
1003 481 1163 544 militibus
1181 481 1313 543 tlumeu'

74 560 304 623 'Oblivionisz
327 573 567 650 peragratoque
588 567 697 628 victor
719 567 840 627 Oceani
862 565 989 638 littore,
1013 586 1079 627 non
1099 565 1191 648 prius
1212 566 1304 647 signa

90 647 275 720 convertit,
307 670 403 729 quam
431 648 597 709 cadentem
629 650 663 709 in
688 650 791 709 maria
820 647 943 721 solem,
969 649 1188 732 obrutumque
1210 648 1302 730 aquis

91 730 225 809 ignem,
247 751 314 790 non
336 731 405 791 sine
422 731 564 812 quodam
585 731 747 815 sacrilegii
768 740 856 792 metu
879 740 911 792 et
930 732 1093 806 horrore,
1116 731 1304 813 deprehen-
1362 764 1365 769 ·

88 812 171 875 dia·
197 812 262 872 Sed
280 822 351 873 tota
373 814 588 874 certaminum
617 815 718 876 moles
746 838 820 875 cum
840 814 996 875 Lu‘litanis
1018 815 1082 875 fuit
1103 824 1135 875 et
1155 813 1344 876 Numan-13

86 895 192 968 tinis,
230 916 290 956 nec
321 896 508 964 immerito:
552 898 675 981 quippe
709 897 787 959 solis
823 899 968 981 gentium
1000 898 1175 979 Hispaniae
1205 898 1303 959 duces

82 981 315 1061 contigerunt.
356 980 484 1041 Fuisset
505 988 538 1041 et
559 1000 632 1041 cum
658 981 808 1043 omnihus
830 980 1022 1055 Celtiberis,
1044 982 1107 1042 nisi
1127 980 1192 1042 dux
1212 980 1301 1042 illius

89 1071 205 1124 motus
225 1062 322 1122 initio
343 1062 422 1124 belli
445 1085 618 1146 oppressus
640 1073 733 1139 esset,
755 1085 897 1133 summus
916 1064 979 1138 vir,
1002 1072 1125 1125 astutus
1141 1074 1173 1127 et
1186 1064 1301 1137 audax,

88 1146 121 1205 si
144 1166 197 1207 res
218 1145 383 1220 cessisset,
408 1145 606 1223 Olondicus,
632 1148 689 1230 qui
710 1148 835 1209 hastam
856 1156 1040 1229 argenteam
1062 1150 1221 1233 quatiens,
1243 1146 1345 1223 νιν-14

89 1227 145 1290 lut
167 1226 260 1289 coelo
283 1230 427 1304 missum,
449 1231 638 1293 vaticinanti
659 1230 787 1305 similis,
810 1232 956 1293 omnium
977 1230 1012 1291 ia
1033 1252 1067 1292 se
1084 1240 1205 1294 mentes
1220 1253 1304 1291 con-

89 1319 249 1373 verterat.
292 1311 355 1371 Sed
387 1336 486 1395 quum
511 1315 584 1397 pari
615 1314 801 1376 temeritate
826 1314 885 1375 suh
907 1322 1004 1374 nocte
1029 1324 1133 1375 castra
1156 1313 1304 1377 Consulis

92 1395 234 1467 adisset,
264 1395 353 1454 iuxta
375 1398 554 1457 tentorium
579 1397 685 1479 ipsum
707 1397 777 1479 pilo
802 1397 910 1480 vigilis
936 1405 1088 1479 exceptus
1111 1406 1169 1459 est.
1214 1393 1343 1458 Cae-15

88 1486 200 1539 terum
225 1478 396 1538 Lusitanos
414 1477 585 1541 Viriathus
608 1481 722 1554 erexit,
744 1482 797 1542 vir
817 1478 1004 1541 calliditatis
1025 1481 1223 1541 acerrimae:
1246 1480 1304 1563 qui

90 1554 132 1623 cx
154 1569 310 1625 venatore
336 1558 445 1635 latro,
474 1583 513 1623 ex
538 1561 667 1624 latrone
688 1565 797 1624 subito
819 1564 884 1623 dux
906 1571 1004 1645 atque
1025 1563 1207 1643 imperator
1219 1609 1227 1636 ,
1251 1572 1303 1635 et,

91 1645 121 1705 si
144 1646 276 1704 fortuna
298 1643 462 1714 cessisset,
486 1646 663 1726 Hispaniae
683 1645 862 1706 Romulus:
884 1666 952 1704 non
974 1655 1145 1706 contentus
1165 1646 1307 1707 liberta-

89 1734 161 1805 tem
191 1747 326 1786 suorum
360 1726 554 1800 defendere,
584 1746 647 1808 per
677 1727 926 1811 quatuordecim
959 1749 1059 1797 annos
1092 1730 1199 1790 omnia
1222 1728 1304 1789 citra

90 1807 245 1891 ultraque
268 1810 400 1871 Iberum
426 1820 459 1871 et
481 1812 618 1893 Tagum,
642 1810 710 1893 igni
732 1813 889 1893 ferroque
908 1810 1103 1892 populatus:
1126 1820 1230 1872 castra¹
1247 1806 1348 1871 eti-16

90 1915 145 1953 am
165 1893 361 1953 Praetor-um
394 1903 427 1954 et
457 1892 649 1955 Praesidum
683 1893 869 1977 adgressus,
904 1892 1086 1954 Claudium
1105 1895 1307 1957 Unimanum

88 1995 197 2059 paene
220 1976 260 2035 ad
285 1976 542 2039 internecionem
566 1976 727 2038 exercitus
750 1977 888 2047 cecidit,
914 1985 945 2036 et
967 1977 1106 2061 insignia
1128 1977 1249 2038 trabeis
1273 1984 1307 2036 et

91 2058 235 2122 fascibus
255 2060 397 2133 nostris,
421 2082 503 2142 quae
525 2068 678 2141 ceperat,
701 2060 736 2120 in
756 2060 923 2119 montibus
944 2060 1010 2121 suis
1040 2061 1200 2143 trophaea
1221 2055 1303 2120 fixit.

91 2142 239 2205 Tandem
251 2162 322 2201 eum
336 2143 433 2203 etiam
444 2143 561 2203 Fabius
576 2144 737 2205 Maximus
751 2141 869 2204 Consul
886 2152 1109 2223 oppresserat3
1124 2142 1179 2213 sed
1191 2164 1208 2202 a
1222 2164 1348 2230 suc-17

91 2234 222 2288 cessare
244 2225 406 2303 Caepione
428 2226 568 2287 Servilio
594 2225 715 2287 violata
737 2227 877 2288 victoria
899 2234 965 2286 est:
992 2227 1118 2311 quippe
1139 2226 1195 2309 qui
1217 2248 1307 2287 con-
1370 2220 1372 2233 '

90 2306 249 2383 tielendae
269 2310 318 2369 rei
340 2309 489 2390 cupidus,
511 2310 651 2370 fractum
672 2310 800 2384 ducem,
824 2318 856 2370 et
878 2316 1021 2370 extrema
1034 2309 1219 2371 ¹deditionis
1240 2310 1307 2393 agi-

90 2399 235 2463 tantem,
264 2413 326 2473 per
354 2392 525 2466 fraudem,
558 2400 590 2453 et
618 2394 773 2466 insidias,
807 2401 840 2453 et
871 2392 1067 2455 domesticos
1095 2392 1307 2475 percussores

92 2475 279 2572 adgressus,
307 2476 391 2538 hanc
418 2475 508 2538 hosti
533 2474 675 2561 gloriam
703 2476 810 2551 dedit,
840 2483 879 2536 ut
905 2474 1073 2544 videretur
1101 2475 1199 2549 aliter
1220 2475 1308 2538 vinci

90 2578 161 2637 non
180 2565 337 2643 potuisse.
1005 2574 1008 2579 '
1241 2586 1244 2591 ·

512 2656 633 2772 aar
655 2707 739 2771 nr
780 2656 908 2773 xvna
984 2754 988 2762 .

528 2843 650 2886 sennaar
672 2828 895 2886 snuaarnmu.

90 2983 93 2990 '
132 2968 328 3042 Numantia,
352 2977 508 3053 quantum
529 2972 754 3054 Carthaginis,
777 2975 917 3056 Capuae,
940 2970 1092 3034 Corinthi
1113 2973 1230 3053 opibus
1251 2972 1308 3032 in-
1329 2989 1346 3034 τ

89 3054 220 3124 ferior,
251 3061 379 3114 tantum
407 3054 538 3115 virtutis
564 3056 698 3117 nomine
726 3064 758 3115 et
784 3056 914 3123 honore
933 3077 995 3136 par
1017 3055 1188 3127 omnibus,
1210 3048 1316 3131 sumr'

91 3155 268 3217 mumque,
296 3137 323 3197 si
345 3138 435 3199 viros
456 3138 626 3212 aestimes,
655 3137 831 3220 Hispaniae
853 3138 967 3198 decus:
991 3136 1114 3219 qnippe
1137 3158 1218 3218 quae
1237 3139 1310 3200 sine
1336 3158 1339 3163 ·

90 3240 205 3291 maro,
228 3219 297 3279 sine
318 3221 489 3295 turribus,
513 3220 643 3283 modice
664 3221 753 3283 edito
776 3223 810 3283 in
832 3220 957 3281 tumulo
981 3217 1068 3300 apud
1089 3218 1207 3280 flumen
1228 3224 1307 3284 Du·
1328 3240 1347 3283 2

90 3304 181 3363 rium
202 3303 275 3375 sita,
298 3313 442 3386 quatuor
455 3304 601 3366 millibus
616 3304 858 3366 Celtiberorum
873 3303 1084 3387 quadraginta
1100 3301 1240 3365 millium
1255 3300 1309 3364 ex‘·

92 3386 232 3446 ercitum
247 3407 308 3466 per
322 3409 422 3448 annos
438 3387 589 3449 undecim
605 3387 674 3449 sola
689 3389 859 3449 sustinuit:
876 3409 935 3447 nec
950 3387 1103 3447 sustinuit
1118 3386 1227 3461 modo,
1249 3387 1306 3449 sed

91 3468 218 3529 saevius
232 3469 398 3550 aliquanto
409 3469 564 3554 perculit,
577 3470 802 3552 pudendisque
817 3470 1004 3531 foederibus
1022 3469 1137 3532 affecit.
1162 3472 1191 3531 N
1195 3473 1307 3533 ovissi-

88 3572 143 3613 me
162 3573 262 3633 quum
284 3552 437 3614 invictam
459 3575 526 3615 esse
547 3563 723 3628 constaret,
747 3575 829 3635 opus
849 3554 913 3617 fait
935 3575 986 3627 eo,
1004 3553 1059 3635 qui
1077 3555 1305 3635 Carthaginem

90 3642 266 3695 everterat.
306 3637 382 3696 Non
401 3644 540 3710 temere,
563 3635 590 3697 si
611 3637 707 3698 fateri
728 3636 827 3710 licet,
850 3636 947 3697 ullius
970 3655 1078 3696 caussa
1099 3634 1177 3694 belli
1202 3638 1295 3695 iniu-
1317 3634 1339 3695 3

90 3716 188 3778 atior.
216 3717 417 3799 Segidenses,
430 3721 546 3795 ¹socios
568 3728 601 3780 et
622 3721 888 3803 consanguineos,
910 3720 1130 3779 Romanorum
1151 3718 1297 3787 manibus

90 3798 219 3881 elapsos
256 3809 458 3883 exceperant.
512 3802 632 3863 Habita
665 3824 728 3884 pro
765 3802 810 3861 eis
846 3801 1032 3882 deprecatio
1065 3796 1150 3860 nibil
1184 3794 1341 3875 valuit&

84 3884 203 3960 'Quum
224 3882 316 3945 seab
341 3884 428 3945 omni
449 3883 613 3947 bellorum
635 3884 831 3967 contagione
851 3890 1076 3953 removerent,
1107 3883 1139 3941 in
1160 3879 1298 3962 legitimi

89 3965 237 4027 foederis
253 3967 422 4050 pretium,
444 3968 521 4042 iussi
544 3990 639 4026 arma
658 3968 823 4048 deponere.
850 3967 939 4026 'Hoc
960 3968 1006 4026 sic
1028 3987 1045 4023 a
1067 3964 1222 4025 barbaris·
1236 3987 1299 4026 ac-

90 4058 245 4131 ceptum,
279 4050 369 4131 quasi
402 4072 513 4111 manus
543 4048 800 4115 absciderentur.
844 4047 961 4128 Itaque
985 4046 1115 4119 statim,
1148 4046 1300 4128 Megara·
1326 4060 1330 4068 ’

88 4132 160 4194 vito
183 4133 363 4194 fortissimo
384 4131 479 4207 duee,
502 4132 543 4205 ad
564 4154 654 4193 arma
676 4131 836 4193 conversi.
873 4129 1065 4209 Pompeium
1085 4129 1215 4211 proelio
1239 4130 1300 4188 ad-

87 4216 216 4293 gressi,
247 4216 361 4276 soedus
393 4224 499 4276 tamen
535 4215 739 4290 maluerunt,
773 4236 872 4298 quum
908 4210 1070 4271 debellare
1104 4213 1297 4293 potuissent.

84 4294 278 4380 'Hostilium'
294 4297 410 4360 deinde
431 4298 639 4360 Mancinum:
662 4299 751 4360 hunc
773 4318 904 4380 quoque
925 4293 1059 4353 assiduis
1082 4292 1232 4354 caedibus
1254 4296 1298 4355 ita
1318 4289 1339 4354 5

86 4384 311 4463 subegerunt,
343 4390 380 4441 ut
405 4403 446 4444 nc
480 4382 594 4443 oculos
626 4381 758 4465 quidem
789 4390 845 4441 aut
870 4399 984 4441 vocem
1014 4375 1297 4453 Numantini-viri

87 4467 263 4549 quisquam
284 4465 468 4528 sustineret.
512 4465 636 4535 Tamen
656 4488 759 4548 quum
778 4461 843 4524 hoc
864 4480 996 4545 quoquc
1015 4460 1130 4521 foedus
1145 4457 1299 4534 maluere,
1321 4459 1341 4522 6

88 4547 238 4609 contenti
260 4564 426 4611 armorum
448 4549 621 4620 manubiis,
645 4570 745 4629 quum
767 4546 808 4607 ad
829 4546 1082 4607 internecionem
1098 4542 1222 4604 saevire
1234 4562 1301 4623 po-

88 4632 237 4695 tuissent.
254 4628 344 4693 'tot
363 4652 432 4695 nou
452 4633 560 4696 :uinus
580 4630 793 4706 Numantini,
826 4652 934 4715 qaam·
949 4628 1086 4693 Caudini
1108 4626 1196 4691 illius
1218 4628 1297 4691 foe·
1320 4651 1342 4713 7
