2850 4958
452 274 578 351 nlsr.
598 273 724 353 ΗΘΜ.
747 273 839 351 LIB.
863 275 912 352 11.
1252 282 1301 357 35

85 440 155 506 sed·
167 461 230 501 uno
252 439 351 523 longe
374 438 475 522 magis
495 438 706 521 Pompeianis
727 461 903 524 prospero,
926 460 991 524 qno
1009 441 1154 525 graviter
1169 442 1304 525 impulsi

87 531 165 586 sunt
186 521 329 583 Caesaris
349 520 482 586 milites.
526 522 612 585 Tum
634 523 846 586 Caesareum
867 524 1014 586 exercitu
1034 524 1166 587 fatalem
1187 527 1303 588 victo-

87 608 158 671 riae
179 626 256 668 suae
276 602 477 667 Thessaliam
498 607 607 688 petiit.

108 679 112 685 ’
129 690 202 753 LII.
231 688 428 771 Pompeius,
450 688 562 772 (longe
584 689 711 753 diversa
731 688 804 751 aliis
824 648 1046 764 suadentibus,
1068 713 1212 773 quorum
1228 692 1305 775 ple-

87 772 185 855 rique
206 772 438 844 hortabantur,
474 774 565 834 utin
586 774 715 836 Italiam
736 776 991 847 transmitteret3
1021 795 1126 857 neque
1153 777 1304 839 hercules

86 856 269 939 quidquam
288 855 439 937 partibus
462 855 527 918 illis
547 856 710 920 salubrius
730 858 814 918 fuit:
832 857 913 929 -alii,
936 866 974 918 ut
994 856 1117 919 bellum
1138 859 1303 933 traheret,

86 938 179 1023 quod
202 938 391 1021 dignatione
411 939 556 1020 partium
582 940 705 1002 indies
733 941 811 1022 ipsis
844 941 945 1023 magis
971 960 1169 1022 prosperum
1197 942 1306 1022 fieret)

89 1026 169 1087 usus
192 1022 315 1104 impetu
346 1043 429 1093 suo,
458 1020 587 1083 hostem
611 1034 739 1085 secutus
770 1032 827 1084 cst.
872 1023 983 1083 Aeiem
1009 1023 1250 1099 Pharsalicam,
1274 1036 1307 1086 et

87 1106 185 1167 illum
206 1105 469 1165 cruentissimum
489 1104 637 1168 Romano
659 1107 785 1168 nomini
808 1106 906 1177 diem,
929 1114 1120 1189 tantumque
1135 1110 1305 1191 utriusque

89 1188 254 1270 exercitus
274 1189 446 1269 profusum
468 1191 654 1272 sanguinis,
679 1200 711 1252 et
731 1189 841 1251 collisa
863 1189 951 1249 inter
965 1210 999 1249 se
1014 1188 1079 1251 duo
1095 1192 1308 1274 Reipublicae

89 1273 213 1355 capita,
237 1271 451 1353 effossumque
472 1271 611 1334 alterum
633 1274 771 1336 Romani
792 1272 923 1353 imperii
946 1272 1068 1347 lumen,
1091 1284 1143 1336 tot
1163 1276 1307 1357 talesque

88 1355 367 1435 Pompeianarum
388 1355 533 1437 partium
554 1377 664 1419 caesos
686 1359 796 1430 viros,
818 1377 890 1416 non
906 1352 1028 1438 recipit
1051 1358 1231 1419 enarranda
1253 1360 1308 1419 hic

88 1439 274 1518 scripturae
305 1436 432 1497 modus.
477 1436 564 1499 Illud
594 1441 775 1502 notandum
805 1446 874 1499 est:
907 1445 945 1498 ut
966 1439 1112 1521 primum
1136 1443 1171 1502 C.
1193 1444 1310 1503 Caesar

90 1522 281 1583 inclinatam
301 1519 386 1581 vidit
405 1521 685 1602 Pompeianorum
706 1524 826 1596 aciem,
848 1541 953 1603 neque
975 1523 1068 1604 prius
1088 1545 1194 1607 neque
1215 1527 1310 1587 auti-

57 1608 60 1613 '
89 1605 188 1690 quius
216 1603 395 1687 quidquam
427 1603 565 1678 habuit,
598 1628 696 1689 quam
727 1607 761 1666 in
783 1626 894 1681 omues
914 1613 1025 1684 partes
1046 1610 1099 1686 (ut
1119 1608 1254 1671 militari
1277 1618 1311 1669 ot

89 1689 193 1750 verbo
228 1696 260 1749 et
287 1685 525 1748 consuetudine
551 1693 644 1770 utar),
672 1688 864 1750 dimitteret.
907 1687 983 1748 Pro'
1004 1690 1062 1751 Dii
1091 1688 1308 1752 immortales!

91 1770 184 1855 quod
213 1768 310 1831 huius
337 1769 515 1831 voluntatis
549 1792 625 1855 erga
656 1773 794 1831 Brutum
825 1791 901 1835 suae
923 1780 1038 1852 postea
1061 1773 1114 1834 vir
1134 1782 1200 1834 tam
1222 1775 1310 1835 mitis

90 1856 238 1939 pretium
267 1854 364 1917 tulitl
407 1853 501 1918 Nihil
533 1854 588 1916 illa
619 1856 761 1917 victoria
788 1855 994 1928 mirabilius,
1026 1857 1310 1939 magnificentius,

93 1938 215 2001 clarius
240 1938 304 1998 fuit
316 1983 325 2011 ,
347 1936 478 2017 quando
498 1938 683 2012 neminem,
707 1938 771 1998 nisi
785 1938 864 1999 -acie
886 1947 1113 2013 consumtum,
1137 1940 1241 2001 civem
1256 1963 1313 2022 pn-

94 2022 162 2083 tria
183 2020 400 2087 desideravitz
431 2019 487 2080 sed
514 2043 631 2083 munus
661 2020 910 2081 misericordiae
938 2022 1091 2103 corrupit
1114 2024 1312 2104 pertinacia,

97 2126 196 2189 quum
215 2103 372 2167 libentius
393 2102 492 2163 vitam
512 2104 622 2166 vietor
642 2104 707 2165 iam
729 2104 838 2176 daret,
861 2122 959 2186 quam
979 2105 1057 2167 victi
1082 2105 1281 2187 acciperent.

139 2186 229 2249 LIII.
258 2184 437 2269 Pompeius
457 2189 649 2272 profugiens
672 2208 746 2249 cum
767 2187 893 2248 duobus
907 2188 1053 2251 Lentulis
1068 2189 1313 2265 Consularihus,

97 2268 265 2353 Sextoque
295 2269 386 2343 lilio,
418 2278 451 2329 et
470 2270 617 2332 Favonio
639 2271 839 2342 Praetorio,
868 2292 951 2352 quos
972 2273 1109 2333 comitas
1131 2272 1160 2333 ei
1182 2274 1317 2333 fortuna

64 2392 67 2403 ι
97 2361 348 2439 aggregaverat,
373 2352 445 2413 aliis
467 2362 503 2413 ut
521 2353 685 2425 Parthos,
709 2353 780 2415 aliis
802 2361 839 2413 ut
859 2354 1006 2415 Africam
1026 2364 1172 2437 peteret,
1196 2356 1230 2415 in
1253 2379 1318 2439 qua

98 2437 325 2501 fidelissimum
351 2436 496 2519 partIum
524 2459 657 2499 auarum
677 2435 946 2521 haberetregem
973 2438 1123 2512 Iubam,
1143 2439 1319 2499 suadenti-

97 2522 162 2585 bus
173 2568 182 2596 ,
205 2519 388 2605 Aegyptum
409 2528 523 2601 petere
542 2521 737 2604 proposuit3
760 2520 1161 2594 memor-beneficiorum,
1186 2544 1269 2604 quac
1284 2523 1319 2582 in

99 2614 231 2691 patrem
263 2606 331 2665 eius
359 2601 559 2678 Ptolemaei,
590 2605 742 2687 qui-tum
768 2626 873 2685 puero
907 2625 1005 2684 quam
1036 2605 1143 2665 iuveni
1175 2606 1319 2687 propior

99 2686 261 2772 regnabat
280 2683 513 2759 Alexandriae,
544 2686 741 2748 contulerat.
784 2687 850 2749 Sed
875 2689 949 2768 quis
971 2688 1003 2748 in
1026 2688 1169 2750 adversis
1192 2688 1321 2750 benefi-

100 2774 234 2835 ciorum
266 2777 373 2831 servat
400 2768 616 2831 memoriam?
655 2778 712 2831 aut
741 2771 813 2851 quis
844 2769 945 2832 ullam
972 2769 1169 2832 calamitosis
1203 2772 1319 2831 deberi

98 2860 204 2939 putat
233 2851 389 2934 gratiam,
421 2857 478 2907 aut
507 2851 638 2931 quando
668 2852 815 2911 Fortuna
844 2874 912 2912 non
942 2861 1048 2913 mutat
1068 2851 1187 2913 fidem?
1230 2854 1321 2914 Missi

104 2940 220 3018 itaque
241 2933 282 2994 ab
305 2952 400 3015 rege,
425 2931 481 3013 qui
502 2933 685 2992 venientem
706 2933 764 2992 Cn.
786 2934 982 3014 Pompeium
1003 2936 1046 3013 (is
1068 2937 1132 2995 iam
1154 2959 1171 2994 a
1185 2937 1325 3016 Mytile-

47 3074 52 3083 .
80 3023 158 3084 ·nis
183 3015 370 3079 Corneliam
390 3035 528 3075 uxorem
556 3022 720 3095 receptam
743 3014 777 3073 in
808 3036 941 3092 narem,
971 3018 1067 3098 fugae
1088 3019 1242 3078 comitem
1261 3017 1326 3077 ha-

106 3104 189 3169 bere
210 3103 378 3182 coeperat)
402 3096 540 3177 consilio
563 3096 731 3157 Theodoti
757 3104 789 3157 et
810 3095 958 3158 Achillae
977 3100 1186 3179 exciperent,
1207 3100 1328 3160 horta·-

109 3194 242 3257 rentur,
265 3191 302 3243 ut
324 3203 362 3242 ex
384 3180 535 3243 oneraria
558 3180 591 3240 in
615 3201 684 3239 eam
706 3201 836 3251 navem,
861 3200 943 3260 quae
966 3182 1097 3244 obviam
1110 3193 1325 3264 processerat,

110 3266 366 3332 transcenderet.
411 3261 508 3340 Quod
531 3283 631 3348 qpum
653 3263 802 3336 fecisset,
829 3266 984 3345 princeps
1004 3265 1141 3327 Romani
1164 3267 1327 3342 nominis,

109 3349 253 3433 imperio
275 3347 484 3429 arbitrioque
504 3344 661 3429 Aegyptii
682 3347 861 3427 mancipii,
886 3350 919 3408 C.
944 3352 1098 3423 Caesare,
1122 3350 1160 3413 P.
1183 3351 1326 3413 Servilio

112 3436 203 3499 Coss.
226 3429 389 3516 iugulatus
410 3439 470 3491 est.
514 3429 578 3491 Hic
599 3438 675 3510 post
696 3435 762 3489 tres
783 3431 976 3494 Consulatus
998 3440 1031 3492 et
1045 3433 1190 3501 ‚totidem
1204 3436 1329 3495 trium-

110 3518 217 3603 phos,
240 3514 466 3595 domitumque
487 3519 652 3573 terrarum
678 3512 813 3589 orbem,
836 3518 1029 3578 sanctissimi
1052 3538 1089 3576 ae
1110 3520 1342 3597 praestantis-¹

111 3599 187 3664 simi
207 3596 291 3673 riri,
312 3597 347 3659 in
368 3596 403 3659 id
425 3596 548 3668 evectl,
571 3616 670 3673 super
691 3595 781 3675 quod
803 3599 932 3659 ascendi
954 3620 1022 3662 non
1043 3607 1170 3679 potest,
1194 3600 1330 3660 duode-

113 3682 346 3765 sexagesimum
374 3701 493 3767 annum
514 3680 659 3756 agentis,
690 3679 800 3760 pridie
831 3681 972 3742 natalem
1004 3681 1127 3761 ipsius,
1160 3680 1246 3740 vitae
1266 3682 1332 3740 fuit

112 3764 241 3833 exitus:
264 3765 299 3826 in
321 3772 447 3824 tantum
468 3762 503 3823 iu
524 3762 581 3824 illo
605 3764 678 3821 viro
701 3783 717 3820 a
741 3782 774 3821 se
796 3761 1006 3825 discordante
1039 3764 1196 3834 fortuna,
1218 3766 1330 3824 utcui

110 3848 215 3915 modo
237 3846 278 3907 ad
296 3846 471 3907 victoriam
495 3853 582 3907 terra
606 3845 773 3917 (latitaret,
796 3844 920 3907 ‹leesset
941 3849 981 3908 ad
1003 3845 1214 3928 sepulturam.
1241 3844 1332 3918 Quid

112 3932 204 3999 allud
226 3952 324 4015 quam
351 3929 490 3989 nimium
515 3935 690 4008 occupatos
713 3927 877 4000 dixerim,
908 3952 991 4009 quos
1013 3932 1045 3989 in
1068 3937 1173 3988 aetate
1195 3930 1276 3988 tanti
1299 3938 1333 3989 et

115 4037 220 4103 paene
241 4013 347 4076 nostri
369 3998 556 4074 seculilviri
576 4008 695 4071 fefellit
717 4011 992 4091 quinquennium?
1016 4033 1116 4094 quum
1138 4032 1156 4071 a
1177 4012 1212 4073 C.
1228 4011 1333 4073 Atilio

114 4110 148 4165 et
167 4100 211 4179 Q.
233 4095 375 4160 Servilio
404 4096 493 4159 Coss.
523 4102 588 4154 tam
616 4092 723 4155 facilis
754 4103 836 4155 esset
857 4114 1017 4154 annorum
1038 4094 1190 4178 digestio.
1236 4095 1336 4172 Quod

114 4182 245 4259 adieci,
267 4201 335 4244 non
357 4187 394 4243 ut
415 4198 607 4263 arguerem,
633 4174 689 4236 sed
711 4197 753 4237 ne
774 4195 941 4259 arguerer.
973 4220 997 4243 ,-

156 4266 248 4329 LIV.
279 4265 356 4327 Non
376 4264 441 4325 mit
461 4262 569 4328 maior
590 4258 626 4319 in
647 4260 835 4332 Caesarem,
865 4279 964 4342 quam
983 4256 1017 4317 in
1036 4257 1234 4340 Pompeium
1256 4262 1337 4322 fue-

114 4358 196 4425 rat,
222 4349 310 4431 regis
342 4368 540 4429 eorumque,
569 4364 713 4427 quorum
741 4343 769 4403 is
799 4341 997 4403 auctoritate
1018 4342 1211 4424 regebatur,
1245 4344 1337 4405 fides.

114 4435 252 4516 Quippe
266 4453 368 4513 quum
381 4430 564 4492 venientem
581 4449 655 4489 eum
676 4433 854 4487 tentassent
876 4424 1024 4497 insidiis,
1053 4445 1090 4484 ac
1112 4425 1229 4486 deinde
1250 4428 1340 4486 bello

115 4518 277 4581 lacessere
299 4514 480 4586 auderent,
502 4512 636 4595 utrique
659 4531 786 4571 suinrno
815 4510 1074 4592 imperatorum,
1107 4506 1201 4567 alteri
1223 4528 1348 4588 supet*

118 4602 211 4678 suti,
234 4598 368 4665 meritas
388 4618 512 4685 poenas
532 4594 626 4660 luere
646 4590 830 4679 suppliciis.
874 4591 1043 4695 blusquam
1074 4600 1143 4652 erat
1165 4590 1350 4673 Pompeius·
