2850 4958
486 300 580 379 mu.
606 301 672 375 111.
698 300 807 383 car,
828 303 882 384 Χ.
1213 308 1285 386 ns

76 464 221 526 fortiter
240 484 258 523 a
283 461 362 525 Tito
384 460 528 526 Labieno
548 464 718 527 submotus
744 472 813 543 est,
842 464 981 531 relatum
1029 468 1150 555 aragia
1169 479 1289 554 caput:

76 544 157 620 hic,
180 546 307 609 insidiis
330 548 364 607 in
384 546 467 607 valle
489 548 672 630 dispositis,
696 549 774 613 dolo
796 551 951 635 perculit.
1013 562 1110 637 taque
1129 561 1163 614 et
1183 561 1290 615 castra

79 630 213 711 direpta
234 638 325 701 sunt,
348 637 380 688 et
400 631 658 693 Aurunculeium
681 634 809 694 Cottam
828 655 903 695 cum
925 634 1057 705 Titurio
1082 634 1203 697 Sabino
1225 636 1294 697 Le-

79 723 176 797 gatos
197 713 373 773 amisimus.
418 713 487 775 Nec
508 714 572 775 ulla
594 715 634 776 de
654 735 732 799 rege
756 738 834 778 mox
854 717 957 781 ultio:
989 712 1112 804 quippe
1130 727 1292 802 perpetua

77 804 173 856 trans
207 796 356 857 Rhenum
390 797 466 877 iuga
501 797 609 859 latuit.
662 799 730 859 Nec
760 799 892 863 Rhenus
919 822 996 887 ergo
1025 802 1194 863 immunis:
1229 822 1332 890 necq

80 880 171 939 enim
192 879 240 940 sas
263 887 343 950 erat,
367 887 404 939 ut
422 880 509 941 liber
532 890 613 943 esset
634 890 822 964 receptator
840 865 986 946 llostium
1008 893 1106 968 atque
1126 883 1290 946 defensor.

78 958 125 1022 Et
144 963 253 1045 prima
274 970 389 1023 contra
410 965 590 1025 Germanos
612 964 699 1026 illius
720 988 835 1051 pugna
846 1014 855 1043 ,
886 968 1069 1030 iustissimis
1097 967 1230 1051 quidem
1252 988 1332 1033 exso

80 1047 214 1107 caussis.
262 1043 390 1105 Haedui
427 1047 513 1108 enim
548 1047 588 1108 de
628 1048 870 1112 incursionibus
905 1072 1020 1113 eorum
1058 1050 1289 1135 querebantur.

82 1128 177 1204 Quae
198 1129 357 1190 Ariovisti
380 1131 465 1214 regis
489 1130 664 1211 superbiat
706 1128 815 1209 Quum
838 1134 936 1217 legati
958 1135 1121 1209 dicerent,
1147 1138 1231 1196 Veni
1249 1132 1331 1201 adst

86 1214 280 1273 Gaesarem.-
314 1217 396 1295 Quas!
412 1226 460 1274 eat
479 1227 588 1274 aretem
613 1217 753 1276 Caesar?
774 1224 826 1291 et,
847 1223 883 1278 Ss‘
900 1218 986 1292 vult,
1008 1222 1137 1290 reniet,
1160 1216 1288 1299 inquit:

85 1303 137 1371 et,
175 1295 260 1378 Quid
285 1297 331 1356 ad
355 1296 468 1370 illum,
500 1296 578 1377 quid
604 1309 687 1379 agat
710 1310 822 1359 nostra
845 1304 1043 1361 Germania?
1064 1323 1139 1362 nsum
1160 1321 1220 1380 ego
1241 1317 1333 1362 mem

85 1381 251 1460 interpono
272 1383 454 1440 Romanis?
488 1381 610 1461 ltaque
631 1389 738 1443 tantus
771 1383 874 1463 gentis
904 1405 1008 1445 novae
1039 1390 1151 1445 terror
1179 1383 1213 1443 iu
1234 1403 1294 1443 ca-

86 1462 180 1534 stris,
203 1470 240 1522 ut
260 1469 450 1524 testamenta
470 1463 606 1546 passim,
629 1471 662 1523 et
682 1464 716 1525 in
735 1465 929 1547 principiis,
951 1466 1185 1528 scriberentur.
1226 1464 1294 1527 Sed

88 1542 139 1605 illa
161 1545 312 1606 immania
335 1566 498 1629 corpora,
522 1566 588 1628 quo
609 1546 734 1606 maiora
768 1558 877 1622 erant,
901 1569 940 1609 eo
962 1549 1063 1631 magis
1086 1547 1201 1631 gladiis
1221 1548 1294 1607 fer·
1332 1548 1335 1553 '

89 1646 187 1711 toque
208 1635 395 1710 patuerunt.
439 1629 505 1708 Qui
527 1626 619 1689 calor
639 1627 673 1688 iu
693 1630 887 1708 proeliando
910 1632 1050 1693 militum
1071 1628 1334 1702 fuerit,nu11013

89 1713 184 1793 tnagis
213 1712 351 1792 exprimi
374 1722 506 1793 potest,
561 1732 632 1770 uam
664 1711 775 1791 quod,
806 1712 898 1773 elatis
926 1735 1025 1796 super
1055 1723 1153 1796 caput
1174 1712 1291 1785 scutis,

90 1812 183 1875 quum
207 1816 241 1855 se
267 1796 457 1857 testitudine
480 1732 640 1856 barbarus
661 1801 807 1875 tegeret,
836 1817 934 1877 super
954 1797 1023 1878 ipsa
1045 1795 1181 1858 Romani
1203 1803 1292 1855 scuta

88 1876 262 1953 salierunt,
291 1887 323 1939 et
343 1878 418 1940 inde
441 1880 475 1939 in
507 1875 636 1957 iugulos
667 1876 782 1959 gladiis
814 1875 1061 1950 descendebant.
1102 1880 1227 1940 Iterum
1251 1875 1335 1955 derat

87 1956 247 2022 Germano
270 1960 422 2024 Tencteri
445 1962 678 2047 querebantur.
696 1974 699 1983 '
714 1960 777 2019 Hic
798 1981 876 2021 vero
892 1962 957 2021 iam
975 1963 1090 2024 Caesar
1109 1962 1199 2022 ultro
1214 1960 1294 2021 Mo-

83 2043 196 2105 sellam
217 2044 322 2106 navali
342 2055 444 2127 ponte
464 2043 714 2128 transgreditur,
738 2044 908 2128 ipsumque
928 2044 1088 2117 Rhenum,
1111 2053 1144 2105 et
1164 2045 1295 2124 Hercy-

82 2126 150 2187 niis
179 2128 308 2188 hostem
339 2129 468 2211 quaerit
498 2130 532 2189 in
563 2127 669 2188 silvis:
701 2127 757 2187 sed
789 2127 824 2187 in
854 2127 952 2190 saltus
977 2148 1014 2188 ac
1038 2126 1171 2210 paludes
1193 2145 1293 2208 genas

82 2224 183 2271 omne
213 2210 396 2294 diffugerat.
447 2212 586 2271 Tantum
617 2210 746 2291 pavoris
778 2209 912 2271 incussit
943 2212 1030 2272 iutra
1055 2211 1162 2292 ripam
1183 2208 1293 2269 subito
1366 2205 1371 2216 '

78 2282 229 2354 Romana
251 2296 311 2356 vis.
354 2298 422 2357 Nec
443 2293 541 2356 semel
562 2294 703 2366 Rhenus,
726 2292 782 2355 aed
802 2292 921 2355 iterum
943 2314 1086 2378 quoque,
1110 2301 1143 2352 et
1163 2284 1336 2375 quidemrb

76 2386 189 2451 ponte
205 2379 305 2451 facto,
326 2388 514 2459 penetratus
536 2387 594 2439 est.
637 2378 746 2439 Maior
767 2375 932 2456 aliquanto
949 2374 1148 2459 trepidatio:
1173 2373 1297 2456 quippe

78 2472 186 2537 quum
217 2461 366 2521 Rhenum
393 2483 486 2522 suum
515 2461 562 2521 sic
592 2469 710 2539 ponte,
742 2460 833 2543 quasi
854 2460 955 2544 iugo,
979 2467 1109 2541 captum
1129 2456 1295 2528 viderent,

77 2538 164 2622 fuga
185 2565 296 2605 rursus
318 2545 352 2603 in
374 2544 469 2627 silvas¹
490 2564 527 2603 ac
547 2542 702 2625 paludes:
725 2551 768 2616 et,
792 2543 880 2623 quod
902 2542 1146 2604 acerbissimum
1168 2535 1338 2601 Caesarisss

79 2622 174 2699 fnit,
197 2648 263 2687 non
286 2629 401 2698 fuere,
431 2625 486 2709 qui
513 2625 733 2687 vincerentur.
776 2626 936 2688 Omnibus
962 2633 1049 2687 terra
1071 2624 1220 2706 marique
1242 2644 1301 2683 ca-

79 2713 177 2785 pus,
200 2709 343 2786 respexit
364 2708 553 2771 Oceanum:
587 2716 619 2769 et
640 2706 731 2788 quasi
751 2707 808 2768 bic
828 2707 981 2769 Romanis
1004 2707 1094 2769 orbis
1114 2728 1183 2767 non
1197 2702 1299 2766 'suffi-

79 2800 202 2864 cenet,
234 2796 373 2855 alterum
404 2789 570 2871 cogitas-it.
616 2791 721 2852 Classe
744 2789 845 2872 igitur
866 2800 1074 2871 comparata,
1097 2790 1300 2851 Britanniam

80 2874 209 2937 transis
232 2874 316 2936 mira
344 2874 533 2933 celeritate:
565 2874 689 2955 quippe
711 2894 810 2952 quum
832 2872 928 2932 tertia
949 2871 1060 2952 vigilia
1082 2873 1214 2932 Morino
1236 2868 1302 2931 sol·

83 2961 189 3020 visset
210 2980 225 3018 a
248 2965 368 3041 portu,
399 2956 506 3015 minus
537 2976 633 3035 quam
663 2953 770 3013 medio
798 2954 851 3014 die
882 2952 1018 3013 insulam
1050 2952 1209 3034 ingressus
1240 2960 1298 3011 est.

84 3034 191 3105 Plena
214 3049 306 3101 erant
330 3037 474 3098 tumultu
495 3037 625 3098 hostico
652 3036 785 3109 littora,
819 3044 851 3095 et
876 3032 1073 3117 trepidantia
1100 3034 1140 3093 ad
1162 3052 1343 3117 conspe-17

88 3136 180 3188 ctum
204 3125 252 3185 rei
275 3143 379 3183 novae
401 3128 555 3203 carpenta
576 3118 766 3180 volitabant.
810 3119 925 3198 ltaque
950 3114 1128 3197 trepidatio
1156 3114 1303 3196 pro'vi-

89 3208 199 3271 ctoria
221 3207 297 3268 tuit.
339 3205 439 3267 Arma
463 3212 495 3265 et
515 3202 643 3266 obsides
665 3200 791 3282 accepit
806 3222 822 3259 a
838 3199 992 3281 trepidis:
1017 3207 1048 3259 et
1062 3197 1199 3259 ulterius
1214 3194 1300 3270 isset,

86 3294 153 3355 uisi
176 3289 360 3373 improbam
385 3288 518 3349 classem
538 3284 709 3367 naufragio
732 3284 918 3362 castigasset
941 3282 1100 3344 Oceanus.
1143 3278 1343 3352 Reversussss

89 3372 198 3457 igitur
231 3376 263 3435 in
296 3371 455 3444 Galliam,
488 3370 587 3432 classe
614 3369 739 3429 maiore
760 3367 928 3449 auctisque
949 3364 1153 3444 [admodum]
1175 3362 1301 3443 copiis,
1330 3384 1334 3391 ·

88 3456 124 3521 in
149 3458 287 3519 eundem
308 3476 421 3515 rursus
444 3457 610 3515 Oceanum
633 3449 829 3531 eosdemque
856 3470 981 3511 rursus,
996 3447 1169 3509 Britannos
1202 3445 1304 3509 Cale-

87 3541 209 3603 donias
231 3547 359 3601 secutus
380 3538 414 3597 in
435 3538 549 3608 silvas,
571 3556 671 3597 unum
693 3553 823 3616 quoque
847 3553 864 3594 e
885 3532 1016 3614 regibus
1046 3529 1304 3591 Cassivelaunis-

87 3626 146 3685 nis
169 3622 365 3701 [Cantianis]
387 3620 421 3681 in
442 3620 569 3680 vincula
591 3617 691 3679 dedit.
735 3616 914 3676 Contentus
935 3615 987 3675 his
1008 3617 1089 3692 (non
1112 3613 1198 3671 enim
1217 3628 1345 3692 pro-19

87 3706 239 3779 vinciae,
274 3704 331 3764 sed
367 3703 492 3764 nomini
527 3700 754 3776 studebatur),
788 3718 862 3757 cum
883 3699 1030 3768 maiore,
1060 3714 1157 3773 quam
1190 3694 1304 3773 prius,

86 3787 219 3877 praeda
251 3795 400 3849 revectus
431 3796 495 3858 est:
526 3786 597 3867 ipso
630 3800 761 3865 quoque
791 3779 923 3839 Oceano
950 3775 1129 3858 tranquillo
1151 3773 1253 3855 magis
1275 3780 1308 3833 ct

87 3870 274 3963 propitio,
303 3869 393 3953 quasi
416 3869 572 3952 imparem
595 3864 625 3925 ei
645 3886 678 3926 se
697 3868 869 3925 fateretur.
910 3860 973 3922 Sed
1000 3859 1138 3920 maxima
1161 3856 1348 3929 omniumao

89 3956 276 4037 eademque
306 3951 479 4016 novissima
510 3948 694 4010 coniuratio
726 3945 791 4007 suit
829 3941 1025 4016 Galliarum,
1061 3960 1161 4022 quum
1195 3958 1307 4001 omues

90 4040 227 4127 pariter
258 4034 423 4097 Arvernos
451 4043 548 4117 atque
578 4032 759 4113 biturigas,
783 4027 939 4088 Carnutes
960 4023 1057 4089 simul
1077 4024 1309 4120 Sequanosque
1335 4022 1351 4094 lg

90 4120 286 4193 contraxit,
319 4119 375 4180 ille
404 4136 563 4200 corpore,
599 4114 715 4187 armis,
746 4110 933 4195 spirituque
960 4106 1140 4180 terribilis,
1174 4122 1308 4165 nomine

87 4208 202 4275 ¹utiam
223 4202 314 4287 quasi
336 4200 375 4261 ad
401 4208 565 4262 terrorem
596 4194 798 4279 composito,
830 4188 1099 4273 Vercingetorix:
1133 4186 1189 4249 ille
1218 4187 1347 4246 festisar

92 4288 238 4358 diebus,
260 4295 293 4347 et
313 4284 556 4356 conciliabulis,
579 4302 680 4363 qaum
700 4275 980 4358 frequentissimos
1000 4269 1036 4331 in
1056 4273 1138 4335 lucis
1157 4268 1306 4343 baberet,

91 4368 270 4437 ferocibus
296 4367 391 4430 dictis
419 4368 459 4431 ad
480 4368 530 4428 ius
551 4365 726 4448 pristinum
747 4360 909 4422 libertatis
932 4354 1045 4418 erexit.
1088 4354 1212 4415 Aberat
1232 4360 1352 4415 tuscan

94 4460 243 4527 Caesar,
273 4452 443 4514 Ravennae
471 4450 632 4512 delectum
659 4462 771 4533 agens:
804 4451 837 4503 et
861 4442 969 4502 hiemo
999 4443 1167 4499 creverant
1188 4430 1308 4531 Alpes:

94 4540 151 4601 sio
176 4535 390 4601 interclusum
413 4534 574 4616 putabant
597 4533 673 4592 iter.
716 4526 780 4590 Sed
802 4525 858 4587 ille
879 4523 983 4607 qualis
1005 4528 1076 4582 erat
1096 4518 1139 4583 ad
1155 4537 1325 4580 nunctum

97 4624 155 4689 rei
180 4618 386 4685 felicissimae
413 4612 630 4681 temeritatis?
669 4612 737 4678 Per
757 4610 866 4677 insius
891 4606 935 4671 ud
953 4608 996 4677 ih
1011 4614 1150 4693 tempus
1165 4598 1348 4694 monitum

917 4690 958 4758 ab
