2850 4958
433 261 559 337 HIST.
584 263 704 339 ROM.
731 263 825 336 LlB.
851 263 880 337 1.
1248 267 1269 338 5

59 423 258 502 iuventutis,
279 426 476 489 abundantia
496 429 618 491 virium
639 426 728 490 sedes
746 427 946 509 quaeritans,
969 425 1003 486 in
1018 422 1128 487 Asiam
1141 445 1175 487 se
1190 423 1274 487 effu-

63 510 123 573 dit.
166 511 247 571 Nam
278 523 311 571 et
332 514 444 585 lones,
476 512 560 573 duce
588 515 669 575 Ione
693 511 834 593 profecti
861 509 1015 582 Athenis,
1039 502 1273 571 nobilissimam

59 602 188 675 partem
210 594 353 675 regionis
375 594 557 657 maritimae
579 617 800 678 occupavere,
832 615 916 676 quae
937 592 1102 676 hodieque
1123 592 1274 676 appella-

61 687 117 745 tur
139 677 255 749 Ionia,
277 679 438 759 urbesque
460 680 680 753 constituere,
703 679 890 768 Ephesum,
914 676 1075 750 Miletum,
1099 677 1274 758 Colopho-

21 787 25 798 ·
57 783 113 831 na,
129 761 282 835 Prienen,
298 762 474 837 Lebedum,
491 765 670 846 Myuntem,
686 763 833 840 [Teum,]
849 761 1036 840 Erythram,
1054 759 1272 835 Clazomenas,

55 842 266 923 Phocaeam3
291 846 471 929 multasque
492 848 525 907 in
548 849 675 932 Aegaeo
699 856 796 928 atque
818 846 926 906 icario
953 865 1154 925 occupavere
1174 845 1273 904 insu-

54 928 119 1000 las,
142 927 284 1002 Samum,
308 929 437 1004 Chium,
458 928 618 1005 Andrum,
641 931 785 1003 Tenum,
807 929 949 1002 Parum,
977 928 1107 1001 Delum,
1129 926 1273 1009 aliasque

59 1010 237 1094 ignobiles.
280 1011 321 1072 Et
348 1035 425 1074 mox
452 1013 583 1088 Aeolii,
615 1014 727 1076 eadem
752 1015 894 1092 profecti
922 1012 1081 1083 Graecia,
1110 1010 1274 1092 longissi-

57 1094 189 1176 misque
213 1095 277 1157 acti
302 1097 491 1170 erroribus,
519 1120 586 1159 non
617 1100 723 1159 minus
754 1096 896 1159 illustres
922 1097 1137 1157 obtinuerunt
1156 1094 1270 1168 locos3

58 1176 231 1261 clarasque
265 1179 363 1241 urbes
398 1180 631 1257 condiderunt,
659 1182 865 1260 ¹Smyrnam,
909 1181 1051 1262 Cymen,
1091 1178 1271 1253 Larissam,

57 1261 248 1404 lllyrlinam,
280 1262 544 1348 Mitylenenque,
578 1276 610 1327 et
632 1264 710 1327 alias
732 1264 884 1347 [urbes,]
905 1285 989 1347 quae
1010 1272 1087 1325 sunt
1109 1262 1143 1324 in
1166 1262 1272 1324 Lesbo

58 1364 177 1409 ansus.
583 1398 586 1403 .
622 1378 626 1383 ·

103 1426 147 1488 V.
181 1426 403 1493 Clarissimum
434 1428 551 1491 deinde
580 1431 718 1492 Homeri
749 1431 868 1492 inluxit
890 1431 1077 1512 ingenium,
1110 1430 1179 1492 sine
1209 1448 1271 1489 ex-

60 1510 168 1591 emplo
190 1512 387 1572 maximum:
415 1514 472 1593 qui
501 1513 724 1596 magnitudine
753 1515 863 1597 operis
890 1522 921 1574 et
938 1511 1069 1596 fulgore
1093 1513 1274 1574 carminum

35 1593 149 1675 ,solus
171 1594 328 1678 appellari
354 1593 459 1656 Poeta
480 1598 610 1658 meruit.
651 1580 693 1657 ln
720 1619 786 1679 quo
809 1598 875 1659 hoc
905 1598 1081 1657 maximum
1102 1607 1160 1671 est,
1184 1596 1274 1677 quod

57 1698 167 1760 neque
197 1686 271 1738 ante
304 1677 418 1752 illum,
451 1701 548 1762 quem
583 1679 639 1741 ille
670 1679 876 1754 imitaretur,
903 1702 1015 1762 neque
1049 1690 1126 1761 post
1158 1680 1272 1752 illum,

57 1765 117 1844 qui
141 1783 215 1823 eum
245 1762 367 1859 imitari
388 1772 516 1844 posset,
539 1765 688 1825 inventus
708 1768 769 1825 esti
809 1766 924 1846 Neque
944 1785 1139 1847 quemquam
1161 1763 1272 1835 alium,

57 1845 154 1907 cuius
176 1865 285 1926 operas
310 1846 436 1926 primus
457 1856 574 1908 auctor
594 1847 717 1921 fuerit,
742 1848 775 1907 in
791 1862 836 1910 'eo
857 1846 1151 1929 perfectissimum,
1174 1868 1277 1929 prae-

56 1937 113 1990 ter
144 1930 325 1990 Homerum
363 1938 396 1988 et
430 1928 687 2002 Archilochum,
724 1932 936 2010 reperiemus.
992 1931 1054 1991 Hic
1096 1929 1225 2012 longius
1255 1952 1275 1989 a

57 2011 266 2096 temporibus
287 2010 388 2085 belli,
410 2013 500 2095 quod
523 2014 730 2096 composuit,
753 2014 893 2087 Troici,
939 2036 1013 2073 uam
1036 2012 1167 2095 quidam
1189 2035 1273 2074 ron·-

60 2105 133 2167 tur,
165 2097 282 2157 abfuit.
326 2096 409 2154 Nam
439 2099 543 2166 ferme
575 2106 649 2158 ante
680 2118 781 2159 annos
817 2098 903 2158 DCC
932 2098 982 2156 CL
1011 2096 1156 2169 floruit,¹
1187 2098 1274 2157 intra

59 2178 151 2243 mille
177 2188 351 2239 natusest.
396 2180 469 2257 Quo
502 2181 634 2259 nomine
660 2202 728 2241 non
751 2190 798 2243 est
818 2180 1024 2253 mirandum,
1058 2179 1148 2262 quod
1179 2201 1274 2259 saepe

59 2262 144 2325 illud
170 2271 318 2345 usurpat,
340 2261 407 2325 risos
424 2270 485 2325 νῦν
508 2264 622 2348 βροτοί
643 2263 719 2324 iios.
762 2267 835 2325 Hoc
857 2265 943 2324 enim
967 2273 1002 2324 ut
1021 2263 1204 2336 hominum,
1228 2266 1274 2323 ita

55 2345 246 2422 seculorum
266 2355 401 2407 notatur
421 2346 604 2408 differentia
648 2349 754 2425 Quem
769 2350 795 2409 si
813 2348 884 2430 quis
903 2368 1034 2410 caecum
1049 2348 1193 2430 genitum
1207 2370 1276 2429 pu-

58 2440 129 2503 tat,
152 2430 302 2491 omnibus
323 2430 469 2492 sensibus
491 2432 592 2492 orbus
613 2440 673 2491 est.

103 2514 164 2574 VI.
197 2515 383 2595 Insequenti
417 2521 567 2595 tempore
605 2514 782 2594 imperium
816 2511 996 2575 Asiaticum
1036 2511 1077 2573 ab
1111 2509 1273 2591 Assyriis,

56 2598 120 2681 qui
151 2595 185 2661 id
214 2598 425 2661 obtinuerant
454 2597 545 2658 annis
576 2599 718 2672 MLXX,
755 2594 948 2659 translatum
980 2604 1028 2657 est
1059 2594 1100 2657 ad
1138 2594 1274 2668 Medos,

58 2679 184 2743 abhinc
212 2702 313 2744 annos
334 2682 445 2744 ,ferme
470 2681 680 2743 DCCCLXX.
724 2682 857 2762 Quippe
881 2678 1137 2761 Sardanapalum
1159 2699 1276 2738 eorum

57 2785 192 2846 regem,
213 2763 363 2826 mollitiis
383 2764 555 2840 fluentem,
586 2773 620 2827 et
648 2766 785 2827 nimium
806 2763 936 2826 felicem
960 2763 1045 2824 malo
1069 2784 1150 2833 suo,
1173 2762 1274 2822 tertio

57 2856 94 2911 et
116 2845 282 2908 tricesimo
302 2848 378 2909 loco
401 2848 441 2908 ab
463 2848 551 2909 Nino
574 2858 607 2909 et
626 2847 861 2921 Semiramide,
884 2848 942 2931 qui
964 2846 1130 2932 Babylona
1151 2844 1275 2905 coadi-

59 2932 202 3002 derant,
238 2940 370 3009 natum,
403 2931 449 2991 ita
478 2939 516 2991 ut
545 2952 675 3011 semper
701 2952 869 2992 successor
899 2929 1008 3009 regni„
1029 2929 1159 3011 paterni
1188 2930 1277 2990 foret

60 3015 171 3086 filius,
204 3011 346 3077 Arbaces
374 3014 589 3094 [Pharnaces]
615 3015 729 3076 Medus
750 3015 890 3096 imperio
911 3016 1044 3094 vitaque
1064 3013 1217 3092 privavit.

102 3098 151 3158 Ea
175 3105 300 3157 aetate·
315 3097 515 3161 clarissimus
552 3099 646 3161 Graii
674 3098 816 3159 nominis
838 3098 1027 3179 Lycurgus,
1055 3094 1277 3155 Lacedaemo-

60 3182 158 3254 nius,
189 3181 241 3241 vir
267 3182 395 3264 generis
425 3182 531 3264 regii,
562 3182 929 3243 fuit'severissimarum
963 3180 1277 3258 iustissianarumque

59 3264 172 3349 legum
197 3272 330 3336 auctor,
364 3272 398 3326 et
421 3263 613 3346 disciplinae
635 3264 956 3328 convenientissimas
978 3264 1147 3335 inventor,
1185 3263 1276 3322 cuins

63 3346 223 3430 quamdiu
255 3347 371 3429 Sparta
402 3347 539 3432 diligens
562 3346 645 3426 fuit,
669 3349 884 3414 excelsissima
904 3347 1030 3409 floruit.
1075 3347 1148 3407 Hoc
1168 3353 1276 3405 tractu
1325 3380 1330 3389 .

61 3442 271 3515 temporum,
302 3438 376 3490 ante
402 3452 503 3493 annos
529 3434 674 3515 quinque
699 3444 731 3496 et
751 3433 937 3514 sexaginta,
969 3453 1067 3515 quam
1097 3430 1174 3491 urbs
1203 3429 1278 3487 Ro-

62 3538 159 3577 mana
188 3512 398 3589 conderetur,
430 3515 470 3577 ab
501 3514 604 3577 Elissa
626 3519 749 3598 Tyria,
772 3537 870 3599 quam
890 3514 1023 3597 quidam
1050 3515 1139 3574 Dido
1166 3521 1276 3572 autu-

64 3606 176 3670 mant,
210 3595 372 3679 Carthago
398 3599 565 3661 conditur.
610 3601 704 3660 Circa
736 3598 825 3680 quod
855 3608 981 3679 tempus
1013 3597 1176 3667 Caranus,
1212 3597 1276 3671 [vir

66 3682 194 3764 generis
225 3680 308 3764 regii
317 3684 341 3759 ,]
377 3690 484 3744 sextus
514 3683 659 3744 decimus
687 3682 727 3741 ab
758 3681 920 3754 Hercule,
961 3679 1130 3760 profectus
1161 3678 1275 3756 Argis,

65 3785 203 3848 regnum
225 3762 437 3825 Macedoniae
456 3767 640 3849 occupavit.
681 3764 708 3823 A
731 3785 795 3844 quo
817 3785 949 3848 magnus
972 3762 1154 3824 Alexander
1173 3778 1276 3843 quum

63 3849 169 3910 fuerit
189 3848 346 3927 septimus
367 3846 645 3924 decimus,·iure,
668 3844 806 3908 materni
831 3849 956 3927 generis
978 3844 1104 3906 Achille
1126 3852 1273 3918 auctore,

61 3933 204 4011 paterni
230 3929 391 4004 Hercule,
424 3930 583 4013 gloriatus
607 3941 666 3996 est.
709 3932 816 4010 [luter
835 3931 909 3992 hoc
941 3938 1124 4010 temporat
1145 3927 1276 3988 initium

63 4015 147 4079 Nini
171 4017 257 4094 regis
281 4015 513 4094 Assyriorum,
547 4017 605 4101 qui
625 4016 779 4101 princeps
800 4015 1086 4094 rerumpotitus,
1115 4013 1277 4073 intersunt

67 4097 144 4161 anni
167 4097 459 4179 Moocccxcv.]
895 4152 898 4157 ,
1045 4122 1051 4147 1

78 4187 91 4217 ·“
110 4182 189 4243 Vll.
213 4183 319 4244 Huius
331 4180 538 4265 temporibus
551 4180 693 4265 aequalis
706 4176 868 4240 Hesiodus
882 4179 957 4251 luit,
972 4178 1059 4253 cispa
1075 4178 1161 4239 CXX
1176 4199 1276 4261 annos

68 4263 240 4327 distinctus
263 4267 303 4328 ab
325 4265 463 4329 Homeri
486 4272 602 4339 aaran,
623 4265 676 4327 vir
694 4260 910 4345 perelegantis
932 4263 1066 4343 ingenii,
1089 4262 1276 4325 et'mollis-

65 4349 147 4415 sima
169 4349 343 4412 dulcedine
363 4348 545 4412 carminum
565 4345 805 4419 memorabilis,
829 4346 890 4407 otii
918 4345 1102 4428 quietisque
1126 4348 1278 4428 cupidis·-

65 4433 185 4506 simus,
217 4442 252 4495 ut
276 4443 425 4519 tempore
445 4442 537 4495 ta'nto
558 4433 643 4499 viro,
667 4432 712 4492 ita
738 4430 847 4510 operis
871 4429 1068 4492 auctoritate
1095 4434 1277 4507 proximus.

67 4517 135 4595 Qui
168 4517 297 4591 vitarit,
330 4540 372 4581 ae
396 4519 431 4579 iu
463 4517 517 4591 id,
549 4517 640 4602 quod
663 4516 837 4585 Homerus,
861 4511 1041 4576 incideret:
1063 4512 1279 4600 patriamque

68 4608 102 4663 et
133 4607 285 4687 parentes
306 4611 473 4663 'testatos·
491 4606 566 4676 esta
598 4597 656 4662 sod
685 4596 846 4681 patriam,
878 4595 956 4680 quia
986 4600 1140 4664 multatus
1159 4598 1209 4659 ab
1242 4619 1279 4661 aa

70 4692 159 4755 erat,
182 4684 519 4749 contumeliosissime.
1245 4686 1247 4691 '
