2850 4958
550 283 594 364 b.
622 280 807 361 nunaut
837 278 987 358 umal

574 449 599 510 C
621 449 649 509 A
670 446 696 507 Ρ
719 448 751 509 U
773 445 802 507 T
844 443 973 508 XVIII.

393 563 516 607 stannus
538 560 740 607 rsamrmuas
767 562 805 606 ar
827 559 895 603 cun
917 558 1038 601 emano
1060 558 1153 604 aros.

122 720 136 761 s
202 694 361 777 Sequitur
379 696 502 759 bellum
524 695 758 769 Tarentinum,
779 716 880 757 unum
902 690 1034 839 quidem
1056 691 1154 755 titulo
1177 696 1213 751 et
1232 688 1375 765 nomine,

161 781 217 841 sad
239 779 378 841 victoria
404 778 588 860 multiplex.
630 780 703 840 Hoc
725 778 810 841 enim
833 775 907 839 Cala
934 796 1007 851 ros,
1029 776 1174 860 Apulos,
1198 780 1304 857 atque
1323 774 1376 835 Im·

145 882 281 935 canos,
312 871 344 923 et
370 874 469 945 caput
492 861 572 924 belli
597 862 816 936 Tarentinos,
844 860 892 939 [id
924 867 994 933 est,
1026 869 1129 923 totam
1155 854 1323 937 ltaliam,]
1350 862 1376 917 et

111 1000 116 1007 .
162 958 237 1008 cum
259 946 329 1007 istis
350 946 713 1027 omuibusPyrrhum,
736 944 951 1007 clarissimum
976 942 1132 1005 Graeciae
1154 961 1288 1023 regem,
1322 958 1375 1001 uas

162 1027 264 1089 veluti
285 1030 381 1092 ruina
402 1031 529 1112 pariter
550 1030 708 1103 involvit,
732 1037 769 1090 ut
791 1027 906 1090 eodem
927 1036 1078 1108 tempore
1098 1034 1131 1088 et
1154 1023 1287 1091 ltaliam
1309 1042 1376 1085 cou-

122 1134 142 1177 s
162 1122 359 1187 autumaret,
391 1123 424 1175 at
444 1115 679 1175 transmarinos
699 1112 887 1195 triumphos
915 1113 1153 1193 auspicaretur.
1195 1108 1374 1179 Tarentus,¹

163 1195 496 1259 Lacedaemoniorum
518 1217 623 1279 opus,
648 1195 816 1259 Calabriae
838 1194 1025 1277 quondam,
1053 1203 1085 1256 et
1106 1190 1270 1275 Apuliae,
1296 1188 1373 1251 toti·

164 1299 268 1360 usque
288 1280 450 1343 Lucaniae
484 1287 601 1361 caput,
634 1302 734 1364 quum
760 1276 984 1363 magnitudine
1015 1284 1048 1338 et
1077 1276 1181 1338 maris
1216 1283 1375 1358 portuque

122 1360 144 1429 5
164 1361 304 1438 nobilis,
325 1371 397 1424 tum
418 1362 579 1425 mirabilis
600 1364 686 1427 situ:
710 1363 833 1446 quippe
855 1362 887 1423 in
910 1360 989 1443 ipsis
1012 1359 1170 1422 Hadriani
1185 1357 1289 1419 maris
1311 1358 1375 1419 fau·
1420 1366 1421 1395 ³

96 1446 119 1491 ·'
166 1445 260 1519 cibus
288 1448 419 1530 posita,
450 1447 484 1507 in
515 1467 627 1509 omnes
652 1456 778 1519 terras,
811 1445 962 1518 latriam,
995 1444 1187 1528 Illyricum,
1221 1440 1374 1522 Epirum,
1419 1448 1421 1459 ⁴

164 1528 343 1605 Achaiam,
372 1528 541 1604 Africum,
572 1530 738 1604 Siciliam,
771 1528 841 1590 vela
872 1527 1022 1591 dimittit.
1064 1525 1219 1589 Imminet
1244 1522 1374 1606 portui,
1420 1532 1421 1537 ’

166 1610 207 1673 ad
226 1621 440 1695 prospectum
462 1613 561 1674 maris
581 1615 748 1696 positum,
772 1612 902 1691 [maius]
924 1611 1110 1673 theatrum:
1134 1607 1225 1692 quod
1247 1606 1374 1690 quidem

124 1698 277 1776 Acaussa
308 1697 445 1758 miserae
472 1693 599 1760 civitati
625 1698 689 1761 fuit
719 1696 867 1759 omniurn
887 1693 1118 1756 calamitatum.
1163 1690 1275 1752 Ludos
1297 1691 1375 1753 tom

166 1776 391 1852 celebrabant,
413 1801 516 1862 quum
543 1779 797 1865 adremigantem
817 1777 925 1840 littori
948 1779 1126 1839 Romanam
1147 1774 1285 1837 classem
1310 1770 1375 1835 iuda

166 1858 300 1935 rident3
332 1871 430 1944 atque
457 1862 585 1925 hostem
608 1866 689 1936 rati,
718 1862 877 1934 emicant,
900 1859 969 1923 sine
991 1860 1180 1921 discrimine
1201 1855 1373 1919 insultant:

125 1939 225 2027 tque·
242 1948 326 2005 onim
346 1957 405 2005 aut
428 1945 510 2006 unde
530 1948 698 2007 Romani?
738 1945 807 2005 Nec
827 1945 915 2004 satis.
960 1943 1082 2005 Aderat
1102 1941 1172 2003 sine
1189 1962 1287 2002 mora
1302 1958 1376 2023 quc·

168 2024 270 2088 relam
295 2027 403 2089 ferens
430 2026 564 2110 legatio.
609 2030 700 2091 Hanc
730 2047 863 2112 quoque
884 2026 980 2089 foede
999 2047 1061 2109 per
1083 2025 1283 2087 obscoenam
1304 2032 1375 2086 tur·

127 2107 309 2192 Spemque
339 2110 429 2171 dictu
461 2112 693 2174 contumeliam
713 2109 849 2172 violant.
891 2109 934 2170 Et
953 2109 1031 2171 hinc
1052 2108 1186 2171 bellum.
1228 2104 1297 2169 Sed
1318 2127 1376 2189 ap-
1420 2139 1421 2153 a

166 2200 302 2276 paratus
321 2190 515 2269 horribilis,
544 2217 645 2279 quum
673 2202 725 2256 tot
745 2192 842 2257 simul
861 2192 977 2276 papuli
998 2214 1061 2274 pro
1085 2190 1275 2254 Tarentinis
1296 2210 1375 2253 con·
1420 2226 1421 2233 κ

170 2283 363 2420 ιοιῖῗοιιῐ,
390 2277 607 2362 omnibusque
633 2277 859 2343 vehementior
879 2274 1050 2361 Pyrrhus:
1074 2275 1131 2359 qui
1153 2273 1376 2357 semigraecam

171 2377 213 2421 cx
280 2356 498 2421 cedaemoniis
520 2361 749 2425 conditoribus
770 2361 936 2424 civitatem
957 2359 1192 2432 vindicaturus,
1214 2354 1376 2418 cumtotit
1419 2396 1421 2424 .

170 2441 299 2505 viribus
319 2440 437 2525 Epiri,
460 2444 668 2520 Thessaliae,
690 2444 924 2518 Macedoniae,
947 2443 1189 2527 incognitisque
1203 2439 1238 2501 in
1252 2438 1288 2502 id
1302 2448 1378 2501 tem·

124 2528 126 2533 ’
170 2544 233 2607 pus
255 2523 460 2608 elephantis,
482 2528 587 2605 mari,
610 2537 718 2602 terra,
740 2529 838 2601 viris,
861 2527 976 2610 equis,
1008 2528 1130 2600 armis,
1153 2522 1267 2586 addito
1290 2522 1377 2585 insu·
1420 2534 1421 2567 ³

127 2628 233 2695 yper
251 2610 398 2671 ferarum
426 2617 577 2686 terrore,
608 2611 771 2675 veniebat.
812 2609 910 2694 Apud
939 2609 1155 2683 Heracleam,
1187 2615 1222 2669 et
1250 2605 1378 2669 fluvium
1419 2676 1421 2687 .

171 2690 294 2765 Sirim,
316 2691 457 2754 Laevino
482 2694 642 2769 Consule,
663 2695 771 2778 prima
790 2715 921 2778 pugna:
945 2715 1028 2777 quae
1049 2702 1114 2754 tam
1135 2700 1232 2754 atrox
1252 2691 1329 2764 fuit,
1349 2692 1380 2751 ut

171 2773 356 2836 Frentanae
376 2783 502 2838 turmae
531 2780 716 2860 praefectus
739 2779 908 2855 Obsidius,
931 2779 1076 2841 invectus
1098 2776 1130 2836 in
1154 2795 1286 2858 regem,
1308 2781 1378 2836 tur·

171 2856 323 2931 haverit,
356 2852 591 2944 rotgeritqub,
627 2862 787 2945 proiectis
818 2863 1018 2950 insignibus,
1050 2858 1180 2943 proelio
1218 2856 1379 2919 excedere.
1417 2866 1421 2885 ¹

131 2939 292 3008 8Actum
315 2948 406 3016 crat,
436 2943 499 3006 nisi
528 2944 693 3028 elephanti
726 2947 875 3009 conversi
902 2947 937 3009 in
957 2941 1176 3028 spectaculum
1199 2939 1281 3002 belli
1303 2960 1380 3024 pro·

174 3025 371 3087 currissent:
396 3046 537 3108 quorum
559 3050 660 3110 qaum
680 3030 915 3114 magnitudine,
937 3036 1006 3091 tum
1029 3025 1238 3088 deformitate
1253 3033 1287 3086 et
1300 3040 1379 3084 noro

174 3105 277 3171 adore
312 3105 407 3171 slmul
439 3134 476 3173 ac
508 3113 652 3175 stridore
690 3113 890 3176 consternati
928 3110 1028 3194 equi,
1067 3130 1166 3191 quum
1205 3106 1380 3199 incognitas

172 3190 237 3254 sibi
259 3190 406 3266 belluas,
433 3195 572 3276 amplius
603 3217 701 3280 quam
726 3205 838 3269 erant,
869 3195 1134 3275 suspicarentur,
1166 3191 1276 3273 fugam
1309 3200 1383 3253 stra·

132 3273 1384 3442 ⁹aestimassent-..¹1¹rrae,transmiseram

172 3436 359 3501 belluarum
370 3444 496 3501 *terror
519 3442 720 3513 exoleverat,
747 3449 779 3503 et
807 3442 902 3503 Caius
926 3441 1088 3503 Minucius
1119 3451 1254 3524 quartae
1264 3379 1383 3527 legio-

174 3518 225 3581 nis
246 3517 411 3592 hastatas,
434 3522 529 3585 unius
550 3522 752 3606 proboscide
773 3525 909 3600 abscisa,
926 3524 1013 3588 mori
1028 3546 1123 3608 posse
1137 3525 1262 3588 belluas
1276 3533 1385 3588 osten·

136 3602 281 3671 auderat.
324 3600 441 3688 Itaque
472 3615 504 3667 et
532 3606 566 3667 in
597 3604 680 3687 ipsas
705 3606 773 3688 pila
794 3619 947 3692 congesta
968 3617 1060 3683 sunt,
1092 3611 1178 3672 etin
1200 3617 1310 3688 turrea
1330 3607 1386 3670 ri·

175 3687 290 3749 brutae
310 3685 396 3749 faces
417 3697 487 3751 tota
509 3689 653 3751 hostium
674 3692 802 3773 agmina
826 3692 1016 3755 ardentibus
1039 3692 1142 3753 ruinis
1164 3699 1383 3775 operueruntt

175 3790 237 3831 nec
259 3768 340 3853 alius
362 3769 446 3832 cladi
466 3771 539 3837 finis
564 3773 647 3848 fuit,
681 3795 777 3855 quam
798 3797 864 3838 nox
885 3775 1105 3855 [dirimeret]·,
1139 3785 1387 3859 postremusque
1419 3790 1421 3819 ¹

175 3852 373 3935 fugientium
398 3852 467 3936 ipse
497 3877 554 3917 rex
574 3880 592 3918 a
614 3858 808 3922 satellitibus
828 3860 966 3922 humero
989 3861 1115 3922 saucius
1136 3861 1170 3921 in
1191 3859 1290 3921 armis
1324 3858 1387 3921 snit

137 3935 371 3999 nreferretnr.
414 3939 454 4001 In
473 3940 615 4002 Lucania
635 3962 914 4029 suprema-pugna
935 3944 994 4005 sub
1017 3943 1184 4018 Arusinis,
1217 3964 1301 4024 quos
1322 3963 1388 4005 ro-

178 4026 271 4093 cant,
292 4019 435 4101 campis,
458 4022 594 4087 ducibus
616 4024 731 4089 iisdem
753 4028 822 4111 [qui
845 4029 994 4110 superius
1007 4030 1030 4106 t]
1057 4034 1089 4087 et
1102 4034 1180 4089 tunc
1194 4035 1265 4087 tota
1279 4026 1390 4089 ricto-

138 4100 241 4175 raria.
282 4099 437 4180 Exitum,
460 4129 555 4190 quem
577 4107 691 4171 datura
712 4110 817 4173 virtus
836 4112 917 4184 fuit,
944 4130 1035 4172 casus
1056 4108 1157 4171 dedit.
1200 4111 1283 4173 Nam
1304 4130 1390 4191 pro-

179 4182 286 4248 ductis
307 4183 342 4245 in
361 4187 502 4269 primam
522 4192 625 4254 aciem
646 4212 760 4255 rursus
780 4194 984 4276 elephantia,
1009 4214 1109 4255 unum
1130 4214 1169 4254 ex
1187 4192 1241 4256 his
1261 4194 1389 4278 pullum

147 4306 152 4315 ι
179 4266 286 4330 adacti
308 4266 342 4331 in
364 4273 537 4354 caput·teli
563 4275 671 4359 gravis
690 4274 776 4339 ictus
796 4277 934 4347 avertit:
965 4276 1022 4359 qai
1044 4296 1144 4360 quum
1165 4296 1228 4360 per
1247 4286 1388 4364 stragem

147 4370 315 4427 ,suorum
348 4372 541 4431 recurrens,
575 4358 721 4427 stridore
754 4369 968 4445 quereretur,
1007 4368 1114 4422 mater
1141 4361 1295 4444 agno-vit,
1334 4367 1389 4433 et,

182 4435 274 4518 quasi
297 4432 507 4515 vindicaret,
524 4440 675 4507 exsiluit:
697 4451 766 4505 tum
790 4445 898 4507 omnia
920 4442 1007 4507 circa
1029 4441 1120 4526 quasi
1142 4442 1277 4509 hostilia
1297 4440 1388 4523 gravi

140 4516 300 4583 rsstimore
319 4521 522 4596 permiscuit.
555 4523 601 4585 Ac
622 4526 669 4587 sic
690 4525 820 4589 eaedem
840 4528 941 4603 ferae,
967 4548 1051 4609 quaa
1077 4527 1219 4607 primam
1240 4527 1393 4593 victori·-¹

180 4621 233 4665 am
255 4599 473 4680 abstulerant,
495 4607 667 4697 secandam
687 4628 801 4695 parem
819 4612 986 4687 lacerant,
1008 4611 1139 4677 tertiam
1158 4610 1393 4683 rimamus·
