2850 4958
442 299 912 421 mmmmm
1258 324 1309 411 s

87 464 270 534 ciuitatibus
285 460 499 556 'licentiaque
525 479 558 532 et
583 470 857 533 assentationibus
886 464 1040 547 alantur,
1062 456 1310 557 magnItudine,

87 556 213 619 bellum
240 556 369 639 patriae
390 557 514 617 inferre
535 556 728 629 constit‘uit3
753 576 853 637 quum
875 563 961 616 aute.
998 556 1127 617 Novum
1149 576 1184 617 se
1204 554 1311 617 Libe-

48 708 52 715 ,
89 662 164 701 rum
184 647 314 722 patrem
338 632 497 722 appellari
520 639 674 700 iussisset.
720 638 805 699 Tum
826 638 998 701 redlmitus
1024 638 1179 713 laederis,
1209 660 1313 701 coro-

87 745 196 807 naque
217 723 341 784 velatus
363 743 482 797 aurea,
506 731 540 783 et
559 723 710 803 thyrsum·
731 730 843 783 tenens
866 720 1104 805 cothurnisque
1128 722 1313 785 succinctus

87 810 198 888 [suras
212 800 365 886 vinctus]‚
383 822 496 877 curru,
512 805 602 867 velut
616 806 717 866 Liber
730 805 841 877 Pater,
857 815 968 867 rectus
984 814 1067 867 esset
1082 805 1310 869 Alexandriae.

130 890 314 951 LXXXIII.
347 892 440 951 Inter
462 891 549 950 bunc
571 897 764 972 apparatum
786 881 885 963 belli,
913 888 1073 962 Plancus,
1094 912 1161 951 non
1186 889 1311 952 iudicio

85 983 180 1037 recta
211 974 358 1057 legendi,
386 990 492 1056 neque
524 992 636 1035 amore
663 968 876 1055 Reipublicae
903 981 959 1034 aut
982 973 1142 1048 Caesaris,
1170 974 1312 1057 (quippe

84 1052 172 1119 haee
200 1072 329 1140 semper
355 1053 602 1141 impugnabat,)
629 1056 686 1117 sed
715 1056 835 1117 morbo
865 1056 1040 1136 proditor,
1071 1078 1171 1138 quum
1196 1058 1312 1119 luisset

86 1139 298 1203 humillimus¹
334 1147 516 1201 assentator
546 1141 697 1224 reginae,
730 1148 763 1199 et
795 1136 884 1199 infra
916 1150 1028 1201 servos
1059 1141 1177 1217 cliens,
1209 1158 1313 1226 quum

86 1224 229 1287 Antonii
258 1220 437 1299 librarius,
469 1238 570 1307 quum
597 1218 927 1284 obscoenissimarum
951 1238 1061 1285 rerunt
1087 1232 1120 1285 et
1141 1234 1260 1287 auctor
1280 1233 1315 1286 et

87 1308 262 1384 minister,
277 1310 386 1391 'quum
408 1308 441 1369 iu
466 1308 574 1368 omnia
598 1315 632 1367 et
653 1302 804 1367 omnibus
825 1299 965 1381 venalis,
989 1329 1090 1391 quum
1110 1308 1315 1370 merulentus

88 1401 123 1454 et
144 1392 274 1463 nudus,
297 1400 461 1474 caputque
481 1391 654 1451 redimitus
673 1390 833 1450 arundine
856 1397 889 1451 et
910 1388 1046 1451 caudam
1068 1390 1218 1466 trahens,
1247 1413 1313 1475 ge·d

89 1476 190 1537 uibus
208 1469 337 1535 iunixus
362 1476 522 1536 Glaucum
543 1473 689 1535 saltasset
710 1472 744 1533 in
765 1472 931 1547 convivio,
954 1468 1034 1535 reiri
1059 1480 1166 1537 eratus
1188 1477 1229 1536 ab
1248 1477 1316 1538 An·

88 1559 205 1632 ionio,
228 1556 269 1617 ob
291 1552 535 1619 manifestarum
557 1557 745 1639 rapinarum
769 1546 913 1629 indicia,
935 1496 1112 1641 transsiagii
1133 1558 1173 1619 ad
1196 1561 1316 1622 Caesa-¹

89 1662 175 1705 rem.
218 1638 261 1700 Et
288 1638 374 1703 idem
402 1649 516 1721 postea
545 1640 751 1701 elementiam
779 1638 916 1699 victoris
941 1662 1005 1724 pro
1028 1654 1084 1701 sua
1106 1630 1231 1703 virtute
1252 1643 1313 1705 in-

90 1727 360 1807 terpretabaturg
384 1718 556 1796 dictitans,
581 1720 618 1783 s'd
630 1723 806 1804 proborum
828 1744 850 1780 o
874 1725 1033 1798 Caesare,
1056 1725 1111 1786 cui
1133 1724 1190 1786 ille
1211 1726 1315 1803 igno.

89 1817 196 1873 verat.
240 1806 319 1870 Mox
346 1814 454 1869 autem
483 1806 571 1868 hune
595 1805 789 1867 avunculum
813 1798 921 1865 Titius
944 1806 1089 1870 imitatus
1112 1816 1171 1870 est.
1217 1804 1314 1872 Haud

91 1888 235 1955 absurde
263 1887 447 1973 Coponius,
476 1890 529 1953 vir
558 1884 763 1951 Praetorius¹
783 1885 1011 1967 gravissimus,
1043 1888 1082 1954 P.
1100 1890 1174 1953 Silli
1194 1914 1313 1967 socer,

92 1998 196 2060 quum
218 1994 330 2037 reeens
350 1977 540 2054 transfuga,
562 1972 665 2034 multa
687 1994 724 2033 ae
738 1969 881 2033 'neffinda
904 1972 1043 2035 Plancus
1065 1974 1191 2037 absenti
1205 1977 1317 2039 Anto·-

57 2098 60 2103 -
92 2061 151 2121 nio
176 2059 209 2120 in
232 2055 352 2120 Senatu
376 2059 561 2130 obiiceret‘,
584 2056 712 2131 Multa,
736 2054 860 2138 iuquit,
883 2078 935 2116 me
955 2054 1101 2119 hercules
1113 2058 1211 2139 serit
1240 2060 1317 2123 Aa*

92 2148 224 2216 tonius,
243 2142 349 2221 pridie
390 2164 466 2202 uam
488 2154 524 2202 tu
545 2140 638 2201 s'llum
658 2141 863 2222 relinqueres..

135 2222 316 2287 LXXXIV.
376 2244 486 2287 aesare
507 2223 626 2285 deinde
646 2229 679 2284 et
708 2222 856 2283 Messalla
881 2220 1024 2285 Corvino
1048 2224 1137 2288 Coss.
1162 2219 1316 2289 debella-

91 2314 165 2373 tum
188 2307 274 2393 apud
298 2304 450 2383 Actium3
483 2307 540 2369 ubi
568 2306 667 2389 louge
699 2314 791 2381 aute,
814 2328 912 2390 quam
934 2304 1168 2383 dimicaretur,
1192 2311 1316 2393 explo-

93 2392 257 2457 ratissima
278 2389 479 2455 Iulianarum
501 2388 645 2475 partium
668 2390 734 2450 fuit·
751 2386 904 2451 victoria.
938 2391 1080 2471 vigebat
1095 2393 1206 2455 iubae
1222 2402 1319 2477 parte

94 2477 190 2539 miles
212 2487 311 2561 atque
333 2475 532 2559 imperatum
556 2472 611 2535 illa
633 2473 823 2535 marcebant
845 2474 973 2534 omnia:
996 2475 1074 2537 hinc
1097 2477 1237 2557 remiges
1251 2478 1318 2547 fir-

94 2557 256 2635 missimi,
279 2556 373 2623 illinc
394 2556 507 2641 inopia
529 2550 762 2619 adfectissimi:
786 2558 918 2618 navium
940 2557 1019 2620 binc
1044 2554 1232 2644 magnitudo
1248 2584 1319 2623 mu·

95 2644 171 2705 dieu
203 2666 279 2704 cum
309 2638 477 2705 celeritate
510 2637 665 2715 adversm,
698 2640 753 2702 illa
785 2639 894 2723 speeie
928 2641 1132 2705 terribilior:
1168 2645 1247 2707 hine
1276 2642 1318 2707 ad

95 2724 279 2788 Antonium
299 2747 419 2799 nemo,
451 2724 542 2786 illinc
563 2721 604 2785 ad
628 2724 795 2785 Caesarem
817 2724 968 2807 quotidie
989 2724 1091 2811 aliqui
1112 2732 1318 2813 transfugie-

94 2806 191 2874 baut.
234 2806 387 2891 Denique
417 2807 452 2868 in
484 2824 543 2867 ore
571 2814 670 2893 atque
702 2804 805 2867 oculis
832 2806 1037 2870 Antonianae
1058 2809 1168 2874 elassis
1188 2836 1251 2896 per
1272 2815 1320 2883 Μ.

94 2892 283 2977 Agrippam
304 2892 425 2953 Leucas
447 2898 650 2971 expugnata,
672 2888 791 2950 Patrae
811 2898 948 2972 captae,
973 2892 1151 2955 Corinthus
1173 2918 1321 2976 occupa-

95 2984 154 3051 ta,
187 2974 239 3038 his
267 2982 341 3038 ante
368 2971 521 3036 ultImum
542 2970 717 3033 discrimen
746 2968 855 3032 classis
876 2970 1022 3033 hostium
1046 2983 1208 3058 superata.
1251 2980 1322 3039 Rex

73 3078 77 3087 ·
98 3063 280 3143 Amyntas,
303 3053 443 3120 meliora
465 3064 499 3117 et
518 3054 655 3116 utiliora
679 3061 829 3127 secutus,
851 3072 926 3115 nam
940 3056 1093 3132 Deillius,
1110 3061 1250 3144 exempli
1271 3060 1322 3129 sui

97 3150 217 3219 tenax,
238 3150 276 3205 ut
307 3165 324 3203 u
346 3136 520 3204 Dolabella
546 3136 604 3218 [ad
627 3132 831 3213 Cassium,‘n
855 3137 965 3198 Cassio
988 3136 1028 3199 ad
1050 3138 1323 3219 Antonium‚„ita

99 3229 142 3290 ab
165 3226 310 3289 Antonio
332 3222 480 3305 transiit]
502 3218 542 3282 ad
566 3223 756 3282 Caesarem:
787 3216 906 3304 virque
936 3219 1132 3288 clarissimus
1160 3227 1323 3292 (311.Βο-

98 3312 236 3385 mitius,
265 3305 323 3393 qui
353 3304 442 3370 solus
471 3302 734 3367 Antonianarum
754 3304 921 3387 partium,
953 3326 1129 3391 numquam
1151 3311 1322 3397 reginam,

97 3394 165 3458 nisi
187 3393 341 3465 nomine,
368 3388 539 3465 salutarit,
571 3387 718 3449 marimo
736 3393 770 3449 et
788 3386 967 3473 praecipiti
992 3393 1142 3473 periculo
1164 3393 1324 3460 transmi-

100 3479 146 3541 sit
166 3478 206 3539 ad
229 3478 408 3537 Caesarem.

143 3558 308 3625 LXXXV.
339 3553 480 3620 Advenit
500 3554 618 3621 deinde
638 3554 770 3620 maximi
793 3553 994 3620 discrimInis
1016 3555 1098 3635 dies,
1121 3580 1187 3641 quo
1205 3562 1324 3624 Caesar

103 3642 348 3728 Antoniusque,
370 3642 543 3726 productis
576 3640 754 3716 classibus,
786 3662 850 3719 pro
883 3638 988 3703 salute
1010 3638 1113 3715 alter,
1136 3643 1169 3703 in
1192 3642 1323 3707 ruinam

102 3726 190 3790 alter
216 3738 378 3789 terrarum
412 3723 503 3787 orbis
530 3722 736 3788 dimicavere.
781 3727 945 3786 Dextrum
968 3722 1100 3799 navium
1121 3724 1323 3793 Iulianarum

85 3834 209 3892 'corno
232 3814 277 3872 M.
306 3807 407 3871 Luriu
434 3804 663 3885 commissum,
692 3804 819 3869 laevum
844 3807 1010 3887 Arantio,
1038 3805 1204 3891 Agrippae
1226 3830 1325 3872 omne

101 3892 231 3958 classici
253 3889 441 3956 certaminis
460 3891 629 3954 urbitium.
671 3892 790 3954 Caesar
811 3888 841 3953 ei
862 3890 952 3974 parti
967 3888 1157 3965 destinatus,
1175 3887 1208 3953 iu
1224 3894 1325 3976 quam

101 4000 121 4041 a
143 3981 280 4041 fortuna
314 3983 509 4049 vocaretur,
546 3972 671 4075 ubique
699 3972 833 4035 aderat:
871 3968 981 4035 classis
1010 3970 1147 4036 Antonii
1173 3978 1325 4061 regimen

101 4057 298 4124 Publicolae
319 4059 482 4147 Sosioque
503 4076 722 4120 commissum.
765 4050 809 4117 At
830 4054 864 4117 in
880 4054 1128 4121 terraloeatum
1144 4062 1325 4131 exercitum

103 4145 236 4209 Taurus
258 4144 425 4218 Caesaris,
449 4136 586 4204 Antonii
607 4138 743 4225 regebat
765 4136 929 4201 Canidius.
977 4137 1044 4202 Ubi
1066 4138 1184 4215 initum
1198 4152 1325 4207 'certa-

102 4250 179 4292 men
202 4236 270 4303 est,
305 4225 414 4291 omnia
437 4226 470 4288 in
492 4224 595 4287 altera
615 4226 845 4309 persoluere,
879 4216 962 4295 dux,
994 4222 1155 4311 remiges,
1179 4226 1324 4304 milites3

102 4312 140 4375 in
162 4312 265 4373 altera
285 4312 371 4373 nihil
391 4318 525 4393 praeter
544 4308 678 4371 milites.
722 4304 837 4370 Prima·
856 4308 1120 4389 occupatfugam
1136 4304 1324 4393 Cleopdtra:

100 4394 268 4459 Antonius
290 4390 446 4481 fugientis
477 4393 632 4479 reginas,
664 4412 762 4477 quam
782 4388 956 4473 pugnantis
977 4389 1091 4467 militis
1112 4390 1184 4466 sui,
1217 4414 1328 4460 comes

105 4500 177 4543 esse
196 4474 331 4555 maluit3
363 4487 396 4541 et
425 4476 630 4562 imperator,
656 4477 713 4561 qui
736 4474 770 4537 in
791 4469 976 4536 desertores
999 4472 1124 4538 saevire
1145 4475 1327 4553 debuerat,

105 4562 261 4628 desertor
289 4562 450 4625 exereitus
480 4560 531 4624 sai
554 4560 659 4624 lactus
687 4568 747 4639 est.
764 4596 768 4603 ·
788 4556 877 4635 Illis,
901 4548 998 4619 satim
1023 4554 1171 4623 detracto
1196 4562 1328 4645 capite,

103 4644 143 4711 'in
161 4648 300 4735 longam
319 4643 501 4711 iustissime
520 4644 688 4732 pugnandi
712 4638 844 4710 durarit
865 4638 1071 4706 constantias
1102 4650 1136 4706 et
1156 4642 1342 4725 desperata
