2850 4958
491 290 495 296 “
583 282 628 365 Ia.
651 281 765 359 ΔΝΝ.
790 282 938 359 raom

607 444 685 519 Η
705 446 738 512 t*
753 448 790 512 n
807 446 839 511 ff·
879 448 909 511 l.

435 586 476 631 us
497 571 648 643 nonum,
676 585 777 631 sarum
797 585 999 630 aosssuounss
1022 584 1114 628 aues.

128 736 144 777 r
209 710 342 776 Primus
362 711 419 776 ille
438 722 472 777 et
490 711 593 778 Urbis
614 720 648 775 et
666 710 805 797 Imperii
825 713 982 777 conditor
1001 710 1159 778 Romulus
1180 715 1260 791 fuit,
1282 717 1383 781 Marte

125 816 147 860 a
167 798 308 882 genitus,
332 804 365 859 et
390 797 480 859 Rhea
510 796 622 861 Silvia.
666 797 741 859 Hoc
772 797 815 875 de
842 819 875 863 se
902 797 1054 875 sacerdos
1083 798 1217 884 gravida
1240 802 1382 864 consessa

169 891 234 955 est:
258 902 318 943 nec
337 902 415 944 mox
436 883 523 943 fama
543 878 727 954 dubitavit,
750 902 851 964 quum
872 874 995 943 Amulii
1018 883 1159 967 imperio
1183 883 1336 946 abiectus
1355 885 1381 947 iu

124 964 386 1049 Rprofluentem
420 986 495 1027 cum
531 964 633 1026 Remo
669 965 773 1025 fratre
810 986 876 1026 non
907 965 1020 1047 potuit
1053 967 1226 1050 exstingui.
1272 968 1381 1052 &qui-¹

167 1049 240 1110 dem
264 1048 496 1123 ethilserinus
518 1068 644 1109 amnem
665 1048 840 1130 repressit:
866 1057 898 1110 et
916 1047 1041 1110 relictis
1063 1050 1178 1111 catulis
1197 1048 1278 1133 lupa
1295 1072 1381 1113 seeu-

164 1141 198 1193 ta
220 1132 381 1214 vagitum,
403 1132 507 1195 ubera
527 1130 673 1195 admovit
694 1130 886 1213 infantibus,
908 1141 1112 1216 matremque
1133 1154 1168 1195 se
1188 1134 1302 1217 gessit.
1332 1132 1379 1197 sto

165 1226 316 1297 repertos
340 1214 426 1298 apud
447 1213 619 1288 arborem,
641 1214 725 1297 regii
746 1215 853 1299 gregis
873 1224 985 1299 paster
1005 1216 1082 1278 tulit
1103 1217 1136 1277 in
1152 1237 1272 1291 casam,
1290 1225 1378 1302 atque

122 1297 333 1397 dederuut..
369 1297 453 1359 Alba
481 1306 559 1359 tunc
589 1305 662 1383 erat
681 1299 776 1359 Latio
799 1307 918 1444 caput,
940 1298 1004 1399 lull
1029 1320 1134 1399 01)th
1156 1322 1231 1397 nam
1253 1301 1379 1402 Lavini·

163 1381 1380 1559 tt0tt¹tzlttt⁶atti⁶tttts...tl'titlltllattlt

40 1547 48 1561 ⁸
121 1550 272 1634 sigitur
291 1548 401 1609 statim
430 1548 537 1630 prinae
566 1546 715 1629 iuventas
735 1547 831 1621 faeie,
854 1557 1009 1634 patruum
1031 1549 1227 1630 [Amulium]
1249 1550 1292 1611 ab
1315 1570 1378 1615 arnt

164 1632 338 1706 deturbat,
373 1653 469 1693 avum
505 1629 655 1714 reponit.
699 1630 776 1715 Ipse
808 1631 953 1695 flaminis
988 1644 1117 1703 amator
1148 1640 1181 1693 et
1201 1634 1376 1707 montium,
1414 1685 1417 1699 .

121 1712 142 1776 6
164 1715 250 1801 apud
273 1736 356 1798 quos
378 1722 449 1777 erat
470 1713 647 1790 educatus,
668 1713 800 1778 moenia
820 1735 926 1777 novae
949 1715 1040 1777 urbis
1062 1715 1218 1800 agitabat.
1256 1714 1376 1797 Gemini

164 1807 277 1862 erant:
309 1807 385 1861 nter
415 1796 643 1881 auspicaretur
673 1805 707 1861 et
738 1805 889 1883 regeret,
931 1798 1089 1862 adhibere
1123 1796 1252 1882 placuit
1285 1792 1375 1863 Desis-
1413 1851 1417 1861 .

162 1882 282 1944 Remus
307 1888 452 1943 montem
483 1879 698 1957 Aventinum,
728 1880 786 1943 bie
807 1878 992 1943 Palatinum
1015 1888 1167 1967 occupat.
1208 1878 1312 1946 Prius
1331 1880 1376 1945 ills

99 1964 141 2050 '7
162 1985 218 2028 sex
238 1963 404 2038 vultures:
426 1962 483 2025 hic
503 1973 642 2047 postea,
665 1962 722 2027 sed
744 1963 919 2041 duodecim
940 1964 1041 2027 sidet.
1079 1968 1136 2029 Sic
1155 1964 1267 2029 uictor
1282 1988 1376 2052 ungu¹
1408 1955 1417 2080 ξ

137 2049 239 2122 rio,
262 2048 379 2111 urbem
401 2047 543 2122 excitat,
565 2048 680 2132 plenus
702 2048 784 2130 spei,
806 2045 1012 2111 bellatricem
1032 2047 1126 2111 fore:
1159 2046 1205 2111 ita
1235 2049 1375 2114 adsuetas
1415 2106 1417 2113 ,

121 2128 319 2215 8sanguine
340 2138 372 2192 et
391 2128 513 2211 praeda
546 2151 619 2193 aves
639 2128 896 2214 pollicebantur.
938 2130 990 2194 Ad
1010 2130 1146 2194 tutelam
1166 2151 1274 2195 novae
1295 2120 1374 2205 urbi
1406 2123 1417 2163 Ε

162 2214 309 2279 sufficere
330 2204 452 2276 rallum
473 2209 668 2276 videbatur:
704 2214 796 2276 cuius
818 2211 896 2293 dum
920 2212 1224 2299 irridet'angustins
1246 2212 1373 2291 Remus,
1406 2187 1417 2328 ξι

136 2292 140 2303 ’
162 2286 263 2385 idque
284 2298 434 2379 increpat
454 2293 549 2369 saltu,
573 2297 739 2379 (dubium,
762 2319 802 2358 an
825 2298 913 2358 iussu
933 2296 1062 2378 fratris)
1075 2299 1201 2363 occisus
1216 2307 1277 2362 est.
1308 2300 1375 2363 Pri·
1407 2363 1417 2415 a

159 2404 212 2444 ma
236 2390 326 2446 certe
346 2379 479 2442 victima
500 2379 584 2452 fuit,
607 2379 891 2463 munitionemque
913 2381 1005 2443 urbis
1026 2400 1131 2444 novae
1151 2385 1310 2469 sauguine
1326 2402 1373 2446 suo

120 2463 378 2554 9conseeravit.
420 2463 601 2548 Imaginem
621 2463 713 2528 urbis
735 2464 858 2548 magis,
882 2485 979 2549 qnam
1001 2465 1115 2527 urbem
1140 2465 1277 2528 fecerat.
1321 2468 1374 2530 ln·

163 2548 255 2611 colae
272 2548 423 2625 deerant.
466 2544 547 2607 Erat
574 2546 608 2609 iu
636 2548 791 2632 proximo
813 2546 927 2608 lucus':
959 2543 1049 2610 bunc
1070 2544 1205 2632 Asylum
1230 2547 1332 2617 facit:
1352 2552 1376 2631 et

162 2630 271 2694 statim
299 2629 384 2692 mira
410 2629 460 2691 sis
480 2626 674 2704 bominum,
709 2626 818 2692 Latini
841 2630 1006 2715 Tuscique
1027 2639 1197 2715 pastores:
1222 2632 1375 2717 [quidam]

161 2713 258 2777 etiam
284 2711 516 2788 transmarini,
537 2709 706 2799 Phryges,
731 2714 787 2796 qui
810 2714 869 2776 sub
892 2713 1020 2788 Aenea:
1047 2713 1211 2789 Arcades,
1246 2716 1305 2800 qui
1325 2714 1374 2779 sub

127 2796 133 2811 ⁸
159 2796 312 2875 Evandro
336 2795 419 2858 duce
438 2794 648 2877 influxerant.
690 2796 741 2858 Ita
765 2816 805 2859 ex
825 2796 925 2860 variis
947 2796 1039 2883 qussi
1059 2795 1226 2861 elementis
1241 2820 1375 2886 congre

122 2882 250 2977 rogavit
271 2900 393 2964 eorpus
409 2901 534 2965 unum,
557 2878 786 2966 populumque
806 2880 989 2967 Romanum
1014 2880 1084 2966 ipse
1104 2879 1196 2945 fecit.
1230 2882 1294 2946 Res
1317 2884 1376 2947 erat
1402 2911 1417 2973 ,i

159 2966 256 3035 nnius
278 2964 411 3040 aetatis3
433 2963 578 3048 populus
605 2962 769 3031 'virorum
812 2960 930 3049 llaque
956 2961 1165 3035 matrimonia
1196 2964 1376 3029 afinitimis
1404 3010 1417 3053 ,ὃ

42 3068 48 3077 ’
146 3050 283 3134 petita:
336 3048 392 3111 uia
420 3069 488 3109 non
519 3040 804 3131 impetrabantur,
837 3071 935 3110 manu
965 3056 1059 3130 capta
1087 3038 1173 3111 sunt.
1217 3045 1375 3113 Simulatis
1405 3095 1417 3136 Ε

159 3134 283 3221 quippe
312 3069 400 3211 ludis
424 3126 649 3214 equestribus,
670 3129 837 3217 virgines,
861 3151 945 3214 quae
965 3130 1007 3193 ad
1029 3129 1253 3217 spectaculum
1273 3154 1371 3197 vene·

121 3227 250 3292 areant,
280 3213 425 3305 praedae
459 3216 564 3278 fuere.
607 3212 652 3277 Et
675 3212 762 3297 baec
791 3215 902 3297 statim
923 3233 1032 3298 caussa
1059 3215 1237 3279 bellorum.
1292 3212 1373 3303 Pulsi
1405 3177 1417 3302 lp

126 3312 129 3317 ⁴
157 3300 327 3383 fugatique
357 3297 525 3359 Veientes.
569 3294 816 3381 Caeninensium
848 3303 979 3383 captum
1009 3318 1047 3357 ae
1070 3294 1216 3361 dirutum
1243 3308 1294 3363 est
1315 3320 1372 3385 ope
1407 3345 1417 3385 p

120 3378 286 3469 rapidum.
329 3377 444 3462 Spolia
466 3380 601 3463 insuper
625 3379 734 3461 opima
757 3376 798 3457 de
829 3400 907 3479 repe
933 3376 1085 3442 Feretrio
1116 3376 1190 3445 lovi
1218 3383 1372 3460 [mantuus
1408 3428 1417 3490 F

160 3464 242 3547 suis]
272 3481 340 3524 rex
370 3460 567 3545 reportavit.
616 3456 746 3543 Sabinis
773 3461 928 3546 proditae
957 3472 1075 3546 portae
1105 3486 1167 3548 per
1198 3462 1372 3550 virginem:
1409 3512 1417 3553 t

138 3548 221 3629 ¹iaec
245 3540 352 3622 ¹dolo;
384 3541 440 3605 sed
471 3542 581 3631 puella
610 3541 755 3629 pretium
784 3544 855 3631 rei,
881 3566 964 3630 quae
981 3543 1142 3626 'gerebant
1167 3548 1200 3611 in
1222 3546 1373 3623 sinistris,
1410 3573 1417 3635 Ι

127 3622 319 3717 ‘petieratt
354 3626 494 3705 dubium
513 3626 670 3713 clypeos,
694 3630 733 3687 a'n
760 3627 917 3714 armillas.
961 3626 1022 3701 nlt‘
1037 3638 1075 3692 ut
1089 3640 1129 3713 et
1149 3631 1248 3694 iidem
1260 3630 1374 3715 solse-
1412 3678 1417 3697 .

18 3765 28 3777 .
121 3715 255 3797 idrent„
289 3722 323 3779 et
346 3710 607 3787 ulciscerentur,
639 3708 775 3813 ,clypeis
814 3712 969 3775 obruere.
1022 3714 1073 3776 Ita
1108 3712 1259 3777 admissis
1296 3716 1373 3780 intr!
1412 3763 1417 3774 .

131 3804 134 3809 “
160 3796 291 3880 moenia
317 3794 492 3875 hostibus,
524 3802 621 3869 atrox
652 3794 781 3880 inipso
804 3793 1030 3903 foropuqna,
1058 3794 1141 3859 adeo
1163 3807 1201 3861 ut
1220 3796 1374 3884 Romulus
1412 3806 1417 3887 j

160 3882 275 3967 iovem
297 3886 431 3959 oraret,
445 3872 592 3961 foedam
620 3900 753 3961 suorum
766 3877 897 3969 sugam
926 3891 1066 3967 sisteret.
1111 3881 1197 3944 Hinc
1221 3890 1288 3945 tem
1310 3881 1376 3953 lunt
1413 3909 1417 3971 q

76 3994 78 3999 ⁸
122 3967 195 4049 siet
212 3960 491 4108 ,sutoalupttea
533 3959 680 4025 Tandem
699 3958 918 4026 saevientibus
940 3963 1145 4031 intervenere
1162 3902 1374 4049 raptaelaesa
1414 4012 1417 4027 .

161 4050 208 4114 ris
230 4048 345 4130 comis.
411 4045 442 4110 ic
462 4066 527 4129 pax
545 4048 631 4131 faeta
652 4066 727 4109 cum
749 4044 867 4120 Tatio,
890 4044 1071 4131 foedusque
1090 4068 1280 4131 percussum
1295 4066 1373 4123 :ssa¹

164 4140 319 4216 cuteque⁴
336 4126 389 4215 res
418 4129 504 4207 mira
537 4130 649 4203 dictu,
682 4136 739 4202 ut,
769 4128 893 4191 relictis
925 4124 1055 4205 sedibus
1087 4128 1176 4206 suis,
1205 4142 1326 4194 nouam
1344 4132 1373 4197 in

161 4216 279 4297 urbem
298 4212 412 4297 hostes
433 4212 675 4298 demigrarent,
706 4220 738 4273 et
759 4232 834 4273 cum
854 4213 1069 4297 generis‘suis
1091 4215 1192 4276 avitas
1215 4238 1296 4300 opes
1316 4234 1374 4301 pro

124 4290 241 4365 abdo'te
263 4288 444 4381 sociarent.
486 4294 601 4373 Auctis
632 4294 726 4367 brevi
756 4291 903 4370 viribus,
936 4296 1023 4373 hunc
1045 4317 1102 4359 rex
1123 4298 1374 4382 sapientissimus

163 4393 281 4467 qtptum
304 4379 517 4466 Reipublicae
540 4378 713 4462 imposuit:
738 4376 886 4439 iuventus
908 4378 1010 4443 divisa
1024 4401 1086 4465 per
1100 4376 1218 4457 tribus,
1236 4384 1271 4447 in
1287 4382 1374 4485 equis

164 4478 197 4530 et
217 4468 250 4547 in
272 4462 388 4545 armis,
421 4463 461 4526 sd
489 4460 595 4524 subita
623 4460 703 4524 belli
732 4461 927 4525 excubaret:
960 4462 1133 4527 consilium
1164 4463 1376 4551 Reipublicae

161 4570 262 4633 penes
275 4568 373 4610 senes
396 4555 499 4619 esset,
524 4546 580 4633 qui
603 4564 642 4606 ex
664 4545 861 4613 auctoritate
882 4552 1021 4622 Patres,
1044 4546 1087 4609 ob
1111 4556 1250 4612 aetatem
1272 4554 1375 4613 Sena·-

124 4631 216 4696 16tus
236 4630 461 4736 vocabantur.d
492 4628 553 4690 His
579 4627 624 4689 ita
655 4618 834 4702 ordinatis,
859 4624 1021 4714 repente,
1050 4634 1152 4715 quum
1183 4628 1375 4699 censionem
