2850 4958
155 274 207 353 40
677 255 872 329 VELLEII

159 443 224 507 que
236 468 245 497 ,
266 444 301 484 sa
322 438 395 479 cum
409 422 522 497 ,Bruto
541 420 735 503 Cassioque,
768 424 826 505 qui
851 426 918 483 iam
940 418 1048 483 &cem
1075 433 1107 483 ar
1128 433 1248 505 raptem
1268 420 1384 502 legiae

157 529 234 569 num
249 509 397 587 potentes
415 514 527 576 erunt,
549 506 734 565 amoturum
753 512 838 569 nares
858 527 949 580 suas,
974 511 1006 568 ai
1024 509 1144 568 Cacsar
1164 510 1232 567 eins
1255 527 1379 585 asper·-

157 601 294 652 noretur
324 586 552 661 concordiam,
587 585 799 671 diceretque:
827 591 901 671 plus
929 592 1099 652 Caesarem
1122 595 1251 670 patris,
1280 588 1381 670 quain

156 695 192 734 se
213 674 315 733 amici
336 670 455 730 ultioni
477 670 608 729 debere:
643 678 712 731 tum
735 670 815 733 inita
839 671 1178 755 potentiaesoeietas.
1222 670 1265 731 Et
1286 670 1380 733 hor-

156 755 302 816 tantibus
325 752 558 836 orantibusque
581 754 797 829 exercitibus,
820 754 907 817 inter
928 754 1107 818 Antonium
1131 754 1227 816 etiam
1254 762 1286 815 et
1302 756 1381 835 Cae-

158 860 265 901 sarem
300 838 386 899 facta
404 836 573 907 'affinitas3
612 860 713 918 quum
746 847 828 900 esset
858 840 1009 923 privigna
1044 840 1179 901 Antonii
1218 836 1380 923 desponsa

159 922 300 985 Caesari.
346 918 622 1002 Consulatumque
643 921 719 982 iniit
740 924 855 984 Caesar
875 924 995 1005 pridie,
1019 945 1116 1004 quam
1140 922 1257 1005 viginti
1277 943 1379 983 annos

158 1006 313 1091 impleret
333 1005 374 1065 X.
398 1003 535 1066 Kalend.
562 1004 746 1081 Octobres,
772 1026 845 1067 cum
869 1005 993 1089 collega
1016 1008 1057 1085 Q.
1079 1004 1205 1079 Pedi'o,
1229 1014 1307 1087 post
1333 1006 1378 1069 U.

159 1092 195 1152 C.
220 1089 310 1149 annis
332 1088 485 1161 DCCIX,
508 1096 582 1149 ante
603 1088 724 1150 LXXII
748 1111 844 1170 quam
866 1099 918 1163 tu,
942 1084 1137 1168 M.2Vin„ic'i',
1162 1088 1373 1149 Consulatum

158 1173 272 1235 inires.
315 1170 411 1231 Vidit
430 1170 487 1232 hic
509 1193 610 1232 annus
632 1172 847 1246 Ventidium,
868 1194 929 1255 per
949 1172 1189 1257 quam‘Urbem
1208 1173 1294 1233 inter
1317 1194 1378 1232 ca-

157 1258 268 1343 ptivos
300 1254 484 1316 Picentium
515 1256 549 1316 in
581 1255 752 1337 triumpho
785 1256 901 1317 ductus
929 1266 1020 1332 erat,
1049 1257 1082 1317 in
1106 1277 1142 1317 ea
1166 1255 1378 1317 Consularem

156 1348 361 1426 praetextam
382 1338 567 1421 iungentem
590 1338 775 1401 Praetoria.
814 1338 909 1400 'Idem
935 1338 992 1402 hic
1012 1338 1377 1424 postea'triumplaavit.

199 1424 319 1503 LXVI.
352 1422 496 1483 Furente
526 1420 644 1482 deinde
674 1421 843 1495 Antonio,
874 1423 1035 1507 simulque
1065 1421 1212 1505 Lepido,
1235 1444 1378 1505 quorum

157 1516 320 1589 uterque,
353 1514 391 1565 ut
421 1503 666 1589 praediximus,
693 1505 804 1566 hostes
837 1504 971 1568 iudicati
1005 1516 1115 1581 crant„
1149 1528 1247 1588 quum
1281 1505 1377 1583 ambo

158 1590 314 1671 mallent,
343 1588 406 1669 sibi
428 1586 595 1663 nuntiari,
624 1588 704 1673 quid
751 1589 811 1650 assi
835 1598 959 1664 essent,
989 1613 1084 1672 quam
1109 1590 1189 1674 quid
1212 1587 1377 1649 emeruis-

157 1683 251 1747 seut‚
278 1680 482 1755 repugnante
504 1672 657 1745 Caesare,
680 1609 747 1733 sed
757 1672 880 1734 frustra
903 1672 1055 1737 adversus
1077 1673 1180 1746 aluos,
1207 1674 1375 1751 iustaupa-

158 1766 229 1818 tum
251 1756 376 1819 Sullani
399 1754 539 1839 exempli
566 1754 710 1830 malum,
763 1755 955 1838 roseriptio.
986 1755 1094 1819 Nihil
1120 1763 1186 1816 tam
1209 1754 1380 1831 indignum

157 1841 217 1902 illo
246 1848 397 1923 tempore
423 1840 509 1912 fuit,
542 1860 638 1921 quam
666 1772 760 1921 quod
784 1848 841 1901 aut
864 1842 979 1901 Caesar
1000 1839 1142 1923 aliquem
1167 1837 1382 1921 proscribere

158 1932 292 1986 coactus
324 1932 391 1997 est,
427 1929 484 1983 aut
513 1920 553 1983 ab
585 1919 654 1982 ullo
689 1919 805 1985 Cicero
835 1923 1041 2007 proscriptus
1074 1930 1132 1981 est.
1177 1920 1380 2002 Abscisaque

157 2006 281 2079 scelere
303 2006 438 2068 Antonii
459 2024 523 2065 vox
543 2001 676 2087 publica
695 2012 760 2078 est,
778 2028 880 2091 quum
895 2007 963 2066 eius
975 2002 1112 2067 salutem
1133 2024 1229 2065 nemo
1254 2003 1376 2065 defeu-

159 2090 280 2164 disset,
311 2090 368 2173 qui
389 2109 451 2172 per
473 2088 523 2149 tot
543 2107 643 2149 annos
664 2085 831 2171 publicam
854 2088 996 2151 civitatis
1018 2098 1051 2151 et
1071 2086 1232 2168 privatam
1255 2088 1378 2149 civium

159 2172 361 2234 defenderat.
404 2170 498 2233 Nihil
524 2176 632 2232 tamen
660 2170 776 2255 egisti,
805 2174 851 2233 M.
874 2171 1017 2234 Antoni:
1040 2171 1143 2251 (cogit
1166 2172 1251 2231 cuim
1276 2193 1377 2232 cuce-

160 2257 240 2318 derc
261 2255 429 2341 propositi
451 2255 589 2316 formam
615 2255 744 2337 operis,
768 2275 940 2338 erumpens
962 2255 1069 2317 animo
1094 2276 1131 2314 ac
1145 2262 1281 2335 pectore
1296 2254 1379 2317 indi·

157 2339 270 2423 gnatia
284 2340 308 2420 :)
330 2338 435 2411 nibil,
460 2337 609 2419 inquam,
634 2338 748 2421 egisti,
780 2338 963 2401 mercedem
987 2336 1211 2402 coelestissimi
1246 2338 1314 2399 oris
1347 2347 1379 2413 ct

159 2422 331 2485 clarissimi
351 2422 468 2505 capitis
488 2419 604 2482 abscisi
619 2418 841 2496 numerando,
857 2430 1170 2505 auctoramentoque
1191 2420 1322 2485 funebri
1339 2421 1378 2485 ad

159 2506 401 2569 conservatoris
435 2501 598 2588 quondam
619 2501 832 2586 Reipublicae
857 2504 1007 2589 tantique
1034 2504 1183 2566 Consulis
1214 2504 1375 2567 irritando

157 2610 283 2650 necem.
327 2589 476 2673 Rapuisti
498 2597 534 2650 tu
567 2588 613 2648 Μ.
645 2587 798 2649 Ciceroni
825 2586 932 2657 lucem
959 2586 1144 2662 solicitam,
1175 2597 1207 2650 et
1240 2595 1378 2667 aetatem

158 2672 310 2746 senilem,
334 2683 366 2735 et
388 2673 487 2735 vitam
507 2668 713 2733 miseriorem
736 2678 770 2731 te
790 2670 962 2755 principe,
988 2694 1085 2757 quam
1108 2670 1167 2733 sub
1189 2681 1220 2733 te
1242 2670 1378 2735 Trium-

158 2756 240 2829 viro,
259 2766 415 2821 mortem:
438 2758 557 2836 famam
581 2776 659 2816 vero
680 2750 887 2839 gloriamque
902 2759 1068 2819 factorum
1092 2764 1190 2841 atque
1211 2755 1376 2821 dictorum

160 2839 241 2901 adeo
264 2862 329 2901 non
351 2838 535 2913 abstulisti,
559 2848 596 2901 ut
614 2837 754 2901 auxeris.
799 2837 895 2902 Vivit
914 2841 1066 2925 vivetque
1090 2859 1302 2922 peromnem
1326 2861 1379 2902 se-

159 2921 310 2985 culorum
334 2923 537 2985 memoriam.
579 2924 733 3007 Dumque
757 2917 823 2984 boc
846 2923 898 2986 vel
918 2925 1011 2987 forte
1031 2920 1082 2987 vel
1102 2922 1311 3005 providentia
1328 2922 1377 2986 vel

158 3016 337 3089 utcumque
359 3008 571 3070 constitutum
597 3010 706 3085 rerum
738 3014 875 3069 naturae
899 3028 1039 3090 corpus,
1071 3005 1161 3089 quod
1193 3005 1247 3067 ille
1276 3028 1379 3087 paene

159 3090 484 3175 solusllomanorum
503 3088 610 3150 animo
634 3088 736 3164 vidit,
760 3089 892 3177 ingenio
917 3088 1106 3173 complexus
1128 3098 1193 3161 est,
1219 3088 1379 3170 eloquen-

158 3174 203 3234 tia
238 3175 453 3249 illuminavit,
486 3172 630 3241 manehit
660 3172 841 3235 incolume:
874 3175 1028 3234 comitem
1062 3172 1130 3232 aevi
1164 3171 1213 3231 sui
1248 3170 1377 3235 landem

161 3252 329 3320 Ciceronis
354 3257 482 3331 trahet,
508 3256 678 3338 omnisque
697 3254 873 3337 posteritas
896 3252 985 3316 illius
1006 3254 1039 3319 in
1063 3262 1096 3316 te
1122 3255 1242 3336 scripta
1269 3258 1376 3318 mira-

158 3340 268 3413 bitur,
291 3348 382 3399 tuum
399 3340 432 3400 in
448 3361 521 3399 aum
535 3340 658 3398 factum
676 3338 919 3411 exsecrabitur3
944 3338 1106 3423 citiusque
1125 3335 1159 3399 in
1175 3335 1297 3401 mundo
1320 3362 1379 3425 ge-

159 3444 219 3487 nus
240 3420 432 3494 bominum,
459 3417 756 3503 quamillencadet.
819 3464 822 3469 .
944 3476 947 3483 ,

202 3504 338 3566 LXVII.
370 3502 477 3583 Huius
507 3502 609 3565 totius
641 3502 799 3582 tempqris
827 3504 993 3581 fortunam
1027 3523 1069 3565 ne
1101 3500 1223 3567 deflere
1245 3508 1379 3590 quidem

162 3588 332 3671 quisquam
356 3589 432 3671 satis
455 3583 551 3667 digne
571 3585 694 3669 potuit,
718 3584 799 3647 adeo
821 3606 917 3649 nemo
935 3587 1118 3668 exprimere
1132 3589 1241 3650 verbis
1255 3600 1378 3675 potest.

161 3672 200 3733 ld
232 3681 340 3735 tamen
368 3670 548 3753 notandum
582 3676 650 3743 est,
681 3669 785 3748 fuisse,
811 3670 845 3747 in¹
874 3671 1082 3753 proscriptos
1112 3694 1252 3735 uxorum
1281 3675 1380 3743 fidem

161 3778 339 3831 summam,
361 3756 559 3831 libertorum
581 3752 741 3833 mediam,
764 3775 942 3825 servorum,
958 3753 1118 3839 aliquam,
1141 3754 1286 3821 filiorum
1307 3760 1380 3823 nul·

159 3838 247 3901 lam:
271 3840 352 3906 adeo
377 3836 516 3919 difficilis
538 3846 585 3897 est
597 3836 787 3911 hominibus
805 3845 979 3922 utcumque
994 3846 1170 3919 conceptae
1184 3842 1253 3920 spei
1268 3865 1378 3905 niara.

52 3998 56 4004 ι
162 3924 212 3984 Ne
232 3922 310 4007 quid
332 3912 591 4001 ullibi'sanctum
615 3910 876 4002 relinqueretur,
898 3922 991 3985 velut
1007 3923 1041 3984 in
1057 3922 1166 3983 dotem
1181 3921 1381 3987 invitamen-

163 4017 299 4075 tumuuc
329 4004 479 4077 sceleris,
517 4002 678 4066 Antonius
700 4008 745 4089 L.
781 4008 946 4069 Caesarem
981 4004 1196 4083 avunculum,
1233 4008 1377 4091 Lepidus

163 4090 313 4171 Paullum
345 4092 479 4173 fratrem
507 4092 781 4173 proscripserant.
826 4092 896 4153 Nec
924 4088 1047 4155 Planco
1076 4091 1180 4173 gratia
1210 4092 1316 4155 defuit
1338 4094 1378 4155 ad

166 4170 442 4256 impetrandu'm,'
463 4182 499 4233 ut
531 4176 634 4235 frater
664 4175 732 4235 eius
763 4175 902 4237 Plancus
923 4172 1064 4251 ‚Plotius
1100 4176 1377 4250 proscriberetur.

165 4258 281 4341 quue
303 4258 389 4319 inter
411 4244 693 4343 l0⁰.0.⁵‚.11¹llll³,¹⁸‘7⁸›
716 4258 772 4341 qui
797 4278 929 4320 currum
946 4246 1065 4341 'Lepidi
1080 4256 1260 4345 Planciqne
1274 4261 1378 4324 secuti

169 4350 289 4413 erant,
305 4338 440 4423 etliuter
462 4341 718 4419 exsecrationem
739 4339 876 4415 civium,
899 4340 1100 4423 usurpabant
1120 4340 1208 4404 bunc
1229 4365 1378 4413 versum:

210 4431 260 4485 De
286 4428 473 4499 Germanis,
491 4428 561 4505 non
583 4422 631 4483 ἄρ’
645 4424 768 4501 Gallia,
791 4422 852 4483 diro
871 4420 1082 4499 'triumphant
1098 4428 1257 4490 Consules.
1282 4428 1285 4433 ’

208 4508 361 4572 LXVIII.
395 4508 462 4570 Suo
484 4496 697 4587 praeteritum
718 4504 794 4568 loeo
816 4508 994 4581 reseratum
1017 4530 1122 4591 neque.
1138 4511 1222 4573 enim
1236 4506 1379 4592 parione

170 4594 319 4667 umbram
339 4602 436 4675 actae
447 4590 498 4693 rei
523 4588 621 4689 qapit'.
647 4593 759 4677 .D.¹.¹.¹.¹1.
772 4592 806 4653 in
821 4591 889 4655 acie
904 4588 1091 4673 Pharsalica
1106 4580 1316 4679 [Africaque]¹
1339 4596 1380 4659 de
