2850 4958
217 276 220 280 ⁴
297 248 368 356 llll
387 243 770 333 {transcensus
797 243 904 321 GAP.
923 245 966 329 s..
985 268 1028 347 7.
1214 274 1306 367 sor·

84 440 154 502 quo
178 415 277 500 legati
299 416 341 479 ad
365 435 418 479 res
440 409 637 496 repetendas
661 419 852 482 uterentur,
876 409 918 473 ab
938 409 1128 494 Aequiculis
1147 423 1296 480 trandu-

81 502 147 576 lit3
174 501 263 584 quod
286 501 413 583 primus
442 501 550 567 fertur
578 495 703 559 Rhesus
735 497 945 578 excogitasse.
988 496 1048 558 His
1080 500 1178 561 rebus
1208 501 1335 565 intrab

83 605 209 667 paucos
234 582 303 645 dies
327 581 505 655 contectis,
531 579 704 659 immatura
726 586 835 640 morte
857 588 1068 665 praereptus,
1094 605 1162 647 uon
1183 587 1297 675 potuit

85 677 272 754 praestare,
299 665 428 752 qualem
448 663 648 748 promiserat
659 708 669 738 ‚
693 683 815 747 regem.
851 669 854 675 '
1038 668 1042 675 “

524 840 885 938 carnaru-

286 984 317 1028 ι.
343 980 537 1034 rsaQunuus
562 956 718 1034 russeus,
743 977 946 1024 sousnonms
969 979 1029 1023 aux
1053 959 1098 1025 V.

121 1120 249 1182 bucias
281 1114 482 1197 Tarquinius
512 1110 666 1186 Priscus,
696 1114 864 1175 Demarati
890 1113 1054 1175 Corinthii
1078 1113 1182 1189 filius,
1209 1117 1297 1195 eius,

91 1204 145 1285 qul
173 1201 301 1288 Cypseli
321 1197 531 1282 ,tyrannidem
553 1195 702 1277 fugiens,
723 1196 758 1256 in
781 1194 947 1259 Etruriam
963 1201 1200 1279 commigravit.
1224 1203 1299 1285 Ipse
1319 1223 1340 1266 a

83 1284 235 1348 Lucumo
258 1284 376 1355 dictus,
401 1281 484 1343 urbe
505 1279 572 1341 Tar
598 1279 883 1363 uiniisprofectus
896 1280 1031 1341 Romam
1051 1285 1159 1364 petiit.
1189 1276 1342 1350 :idve-3

81 1372 193 1432 mienti
223 1368 332 1450 aquila
355 1364 480 1448 pileum
502 1300 650 1436 sustiilit,
683 1372 731 1434 et,
766 1387 865 1448 quum
898 1363 961 1425 alte
990 1364 1209 1441 subvolasset,
1241 1389 1300 1431 re-

75 1456 214 1533 posuit.
260 1447 420 1531 Tanaquil
447 1447 586 1520 coniux,
615 1446 827 1528 auguriorum
850 1448 978 1532 perita,
1004 1470 1139 1532 regnum
1163 1451 1192 1512 ei
1216 1449 1343 1533 por-4

72 1537 182 1596 tendi
213 1534 384 1596 intellexit.
428 1530 628 1612 Tarquinius
661 1531 799 1609 pecunia
830 1542 862 1593 et
895 1529 1054 1591 industria
1087 1531 1340 1617 dignitatem,5

69 1627 191 1702 atque
223 1620 319 1679 ctiam
353 1612 435 1675 Anci
468 1613 555 1696 regis
588 1612 842 1674 familiaritatem
875 1623 1067 1676 consecutus
1098 1627 1164 1677 est:
1192 1640 1210 1676 a
1234 1639 1303 1699 quo¹

69 1702 185 1763 tutor
209 1701 323 1762 liberis
342 1695 507 1768 relictus,
534 1715 669 1779 reguum
694 1697 890 1778 intercepit,
917 1696 1017 1757 etita
1041 1698 1300 1773 administravit,

69 1786 183 1866 quasi
210 1785 281 1846 iure
307 1782 443 1862 adeptus
466 1779 591 1839 fuisset.
633 1780 769 1839 Centum
791 1778 905 1841 Patres
930 1781 964 1840 in
987 1782 1110 1843 curiam
1130 1783 1220 1868 legit,
1246 1783 1343 1866 quib

69 1869 256 1929 minorum
291 1868 438 1951 gentium
464 1870 540 1922 sunt
570 1861 736 1944 appellati.
779 1862 934 1946 Equitum
969 1867 1131 1927 centurias
1163 1888 1342 1954 numero7
1376 1931 1378 1935 .

69 1944 291 2033 duplicavit:
315 1948 447 2010 nomina
473 1955 600 2006 mutare
623 1967 690 2006 non
714 1948 842 2028 potuit,
867 1945 950 2008 Attii
974 1947 1068 2010 Navii
1090 1953 1221 2035 auguris
1240 1973 1303 2012 au-

70 2036 247 2096 ctoritate
271 2033 468 2101 deterritus,
496 2028 553 2111 qui
575 2026 672 2091 fidem
699 2029 778 2090 artis
801 2051 877 2092 suae
896 2031 1053 2093 novacula
1076 2041 1108 2094 et
1133 2044 1208 2096 cote
1235 2034 1301 2111 fir-

69 2119 204 2178 mavit.
256 2117 389 2176 Latinos
421 2111 509 2172 bello
542 2110 681 2172 domuit.
735 2113 865 2174 Circum
894 2114 1069 2177 maximum
1105 2116 1342 2183 aedificavit.8
1418 2170 1420 2173 .

70 2192 204 2263 Ludos
222 2222 353 2283 magnos
373 2194 528 2257 instituit.
569 2196 619 2256 De
642 2195 771 2257 Sabinis
790 2206 823 2258 et
841 2197 958 2279 priscis
977 2199 1099 2261 Latinis
1112 2201 1302 2285 triumpha-

73 2287 152 2349 vit.
191 2286 322 2345 Murum
343 2279 507 2364 lapideum
522 2277 609 2338 Urbi
631 2278 858 2343 circumdedit.
893 2280 1014 2342 Filium
1032 2285 1112 2344 XIII
1129 2308 1301 2360 annorum,
1322 2305 1349 2369 9*

71 2366 184 2451 quod
209 2369 241 2427 in
262 2365 392 2448 proelio
416 2362 545 2422 hostem
565 2363 792 2441 percussisset,
818 2373 985 2445 praetexta
1009 2364 1163 2448 bullaque
1188 2369 1298 2428 dona-

71 2452 160 2522 vit,
187 2449 271 2510 unde
300 2449 381 2508 haec
406 2446 622 2523 ingenuorum
649 2465 829 2524 puerorum
859 2447 996 2529 insignia
1020 2469 1086 2509 esse
1108 2457 1342 2530 coeperuntro

73 2524 176 2594 Post
200 2533 239 2593 ab
261 2532 340 2591 Anci
361 2528 496 2599 liberis,
518 2526 668 2587 immissis
690 2530 957 2610 percussoribus,
984 2551 1045 2612 per
1067 2529 1180 2594 dolum
1199 2553 1302 2619 reguo
1346 2576 1351 2587 .

77 2626 212 2680 exutus
233 2624 267 2676 et
290 2613 480 2674 interfectus
502 2616 563 2669 est.

466 2768 879 2850 'csrurvn

351 2943 482 2986 suavius
507 2941 656 2997 rnmrns,
682 2942 882 2987 aonsnoamr
906 2941 966 3005 arn
990 2923 1052 2987 VI.

135 3078 270 3142 Servius
294 3074 434 3147 Tullius,
456 3072 557 3135 Tullii
576 3071 784 3135 Corniculani
806 3084 838 3137 et
862 3074 1016 3139 Ocresiae
1038 3077 1185 3161 captivae
1204 3078 1302 3157 lilius,

77 3186 197 3250 quum
229 3164 263 3222 in
292 3160 391 3222 domo
423 3157 596 3241 Tarquinii
629 3156 736 3218 Prisci
766 3157 977 3235 educaretur,
1003 3159 1149 3224 flammae
1178 3166 1301 3265 species

81 3257 193 3330 caput
217 3247 285 3307 eius
306 3241 451 3324 amplexa
472 3251 530 3302 est.
573 3241 647 3302 Hoc
665 3240 736 3301 risu
758 3241 918 3326 Tanaquil
935 3245 1090 3306 summam
1110 3245 1299 3331 dignitatem
1318 3270 1337 3311 a

84 3329 251 3415 portendi
272 3326 443 3389 intellexit.
486 3324 624 3406 Coniugi
648 3324 774 3403 suasit„
787 3335 826 3386 ut
847 3328 893 3389 ita
918 3349 1003 3403 eum,
1018 3329 1296 3409 utliberossuos,
1319 3333 1340 3394 5

89 3415 261 3477 educaret.
304 3411 370 3489 Qui
395 3430 494 3493 quum
520 3407 732 3483 adolevisset,
764 3429 863 3491 gener
885 3433 903 3471 a
931 3412 1115 3493 Tarquinio
1138 3415 1343 3495 adsumtusq

93 3507 161 3561 est:
189 3505 220 3557 et
248 3518 348 3578 quum
368 3514 426 3555 rex
450 3491 576 3553 occisus
605 3500 708 3566 esset,
740 3491 907 3576 Tanaquil¹
929 3516 968 3558 ex
990 3495 1109 3559 altiore
1135 3499 1239 3581 [loco]
1259 3500 1300 3563 ad

87 3580 255 3667 populum
279 3577 479 3658 despiciens,
505 3577 563 3647 ait,
588 3573 736 3635 Priscum
759 3578 850 3659 gravi
871 3578 1015 3660 quidem,
1040 3579 1095 3641 sed
1115 3602 1181 3642 non
1196 3582 1299 3657 letali,

93 3662 231 3727 vulnere
257 3669 414 3743 accepto,
440 3667 570 3740 petere,
603 3666 641 3718 ut
663 3659 814 3732 interim,
847 3660 924 3721 dnm
949 3661 1164 3735 convalescit,
1184 3664 1298 3724 Servio

94 3746 209 3811 Tullio
241 3744 330 3805 dicto
359 3742 524 3803 audientes
554 3749 669 3804 emant
693 3739 847 3802 'Servius
869 3742 997 3806 Tullius
1026 3744 1118 3829 quasi
1146 3739 1339 3826 precario·5

94 3849 234 3916 regnare
264 3825 403 3908 coepit3
442 3823 497 3885 scd
524 3834 612 3886 recte
641 3824 815 3905 imperium
847 3823 1094 3889 administrarit.
1146 3826 1340 3890 Etruscosli

94 3936 193 3997 saepe
212 3910 360 3972 domuit:
386 3906 503 3969 collem
517 3905 721 3984 Quirinalem
737 3915 769 3968 et
783 3905 978 3970 Viminalem
994 3909 1199 3994 et'Esquilias
1217 3912 1299 3974 Urbi

96 3996 245 4071 addiditq
279 4012 426 4077 aggerem
457 3991 623 4073 fossasque
651 3991 742 4051 fecit.
783 3987 948 4073 Populum
972 3990 1006 4054 in
1031 4004 1173 4078 quatuor
1196 3997 1305 4058 tribus

96 4079 290 4150 distribuit,
310 4097 348 4137 ac
371 4082 448 4157 post
466 4071 556 4153 plebi
580 4072 750 4135 distribuit
771 4092 941 4136 annonam.
970 4077 1153 4160 Mensurae,
1172 4019 1340 4165 ponde-d

94 4186 160 4238 ra,
179 4161 313 4234 classes,
339 4155 566 4237 centuriasque
589 4156 771 4219 coustituit.
803 4155 993 4219 Latinorum
1011 4161 1144 4244 populis
1162 4183 1301 4244 persua·
1322 4181 1341 4244 9

94 4248 163 4317 sit,
184 4245 232 4303 ati
252 4240 400 4323 exemplo
422 4260 556 4313 eurum,
576 4241 633 4323 qui
660 4241 784 4303 Dianae
808 4238 969 4323 Ephesiae
997 4244 1109 4306 aedem
1133 4246 1300 4318 fecissent,

97 4339 132 4396 et
157 4327 221 4411 ipsi
253 4325 363 4388 aedem
388 4324 513 4386 Dianae
541 4322 576 4382 in
608 4322 770 4384 Aventino
804 4322 1022 4386 aedificarent.
1064 4328 1139 4405 Quo
1164 4325 1277 4388 effecto
1292 4344 1344 4400 ,ro

95 4412 160 4477 bos
181 4408 307 4471 cuidam
327 4409 444 4469 Latino
465 4406 568 4467 mirae
588 4405 819 4491 magnitudinis
840 4415 934 4482 nata,
968 4418 1000 4470 et
1024 4430 1216 4493 responsum
1239 4429 1304 4487 so·-

98 4496 189 4559 mnio
211 4492 349 4566 datums
365 4513 438 4553 eum
462 4487 624 4572 populum
647 4510 802 4576 suminam
827 4489 958 4571 imperii
977 4492 1185 4568 babituram,
1211 4491 1303 4575 euius

100 4578 318 4645 civis-boseus
336 4574 425 4639 illam
446 4573 570 4639 Dianae
594 4571 801 4638 immolasset.
844 4572 985 4647 Latinus·
999 4576 1185 4651 bonam-‘m
1206 4576 1368 4642 baeu-u
