2850 4958
351 278 598 375 marona..
638 282 838 375 castas>
858 264 1002 367 assas
1185 314 1265 399 22⁷9

59 454 160 518 etiam
180 448 338 529 Albinus,
361 452 417 538 qui
440 453 479 523 in,
495 447 601 512 Gallia
622 469 657 511 se
676 449 844 515 Caesarem
864 457 1005 531 fecerat,
1026 453 1115 540 apud
1133 455 1270 545 Lugdu*

58 560 140 600 num
172 539 345 600 occidi-tur.
398 536 468 597 Hio
494 534 632 594 Severus
662 533 746 595 lilios
778 558 858 619 suos·
883 559 1082 602 suscessores
1110 536 1311 627 reliquit,5

56 623 246 685 Bassianum
268 631 298 683 et
322 621 448 682 Getam.
491 617 555 679 Hie
570 617 612 678 riu
634 618 947 684 Britannia'vattum-
963 625 1178 709 pertrtginta
1201 627 1266 690 duo
1288 631 1312 708 4

57 727 211 790 passuum
241 700 490 766 millia-amari
524 698 564 760 ad
595 721 684 762 mare
714 701 981 767 deduxit-alsait
1003 704 1308 775 bellicosissimus5

50 791 229 862 omnium,
252 790 309 871 qu'i
331 799 412 847 aute
426 804 498 846 eum
519 785 663 844 fuerunt.
705 783 791 848 Acar
812 788 956 870 ingenio,
978 789 1161 866 adomnia,
1185 816 1268 876 quae
1299 832 1302 841 ·

56 872 267 945 intendisset,
290 874 322 932 iu
345 870 440 929 linem
460 887 678 951 perseverans.
721 870 961 945 Benevolentia,
984 892 1056 954 quo«
1072 870 1267 952 inelinasset,

57 957 204 1017 mirabili
227 976 264 1015 ao
284 963 455 1036 perpetua.
499 950 550 1011 Ad
571 950 975 1035 quaerundum-diligens,
1005 955 1046 1015 od
1066 955 1269 1039 largiendum

56 1038 216 1100 liberalis.
261 1039 300 1097 In
322 1037 443 1096 amicos
464 1034 678 1114 inimicosque
692 1039 825 1117 pariter
844 1040 1034 1112 vehemens,
1067 1043 1190 1122 quippe
1212 1045 1269 1125 qui
1290 1044 1324 1133 6ι

57 1122 276 1194 Lateranum,
301 1119 467 1191 cilonem,
490 1116 687 1191 Anuliuum,
716 1122 868 1197 Bassum,
897 1131 1089 1205 ceterosque
1111 1123 1192 1184 alios
1212 1129 1268 1189 di-

54 1210 167 1280 taret,
189 1200 326 1265 aedibus¹
343 1222 477 1285 quoquo
495 1204 674 1263 memoratu
700 1201 823 1291 dignis,
846 1202 982 1288 quarunt
1003 1209 1194 1290 praecipuas
1216 1211 1270 1272 v'i-
1336 1202 1339 1211 ¹

56 1288 191 1361 demus,
222 1287 422 1347 Parthorum
454 1307 536 1367 quaa
566 1283 788 1347 dicuutur'ao
817 1288 979 1351 Laterani.
1030 1289 1094 1349 Hie
1124 1292 1206 1353 ualli
1236 1296 1269 1356 in

57 1370 229 1431 dominatu
248 1391 306 1431 suo
327 1370 478 1452 permisit
490 1367 634 1429 honores
656 1370 857 1433 venumdari.
899 1372 1021 1434 Latinis
1041 1371 1161 1434 litteris
1177 1377 1267 1437 sulii·
1289 1319 1310 1440 A

57 1454 186 1513 cienter
209 1456 412 1514 instructus:
448 1452 579 1512 Graecis
611 1454 815 1515 sermonibus
838 1453 1005 1515 eruditus.
1046 1453 1168 1517 Punica
1192 1459 1269 1520 elo·-

59 1537 193 1616 quentia
208 1537 385 1618 promtior,
401 1536 525 1617 quippe
536 1536 664 1616 'genitus
678 1536 764 1617 apu'd
779 1538 908 1620 Leptim
921 1537 1112 1618 provinciae
1127 1540 1268 1607 African.

55 1619 93 1680 Is
110 1619 199 1680 'dum
230 1618 452 1680 membrorum
479 1617 647 1690 omnium,
679 1620 818 1681 maxime
846 1619 987 1702 pedum,
1018 1619 1168 1683 dolorem
1190 1627 1310 1714 pati9

55 1704 234 1784 nequiret,
255 1703 370 1763 veneni
390 1703 480 1772 rice,
502 1698 592 1782 quod
613 1700 644 1761 ei
664 1703 855 1785 negabatur,
878 1703 987 1763 cibum
1008 1704 1114 1785 gravis
1135 1727 1172 1766 ao
1192 1707 1272 1787 plu-

54 1787 162 1848 rimae
183 1786 290 1848 carnis
311 1783 593 1865 avidiusinvasit:
626 1804 720 1866 quem
744 1809 842 1868 quum
865 1785 1026 1847 conficere
1050 1809 1115 1849 non
1136 1800 1267 1870 posset,
1299 1856 1304 1865 ‚

57 1868 221 1931 cruditate
241 1888 392 1953 pressus,
416 1864 602 1950 exspiravit.
647 1866 864 1930 Vixit'annos
885 1869 1050 1953 sexaginta
1071 1871 1230 1956 quinque.
1260 1910 1263 1915 ·

469 2040 757 2108 -'CAPUT
796 2042 887 2111 XXI.

460 2145 535 2210 sua.
558 2167 729 2215 annotinus
754 2140 946 2215 suracusas.

99 2302 253 2367 Aurelius
272 2300 456 2375 Antoninus
475 2302 643 2367 Bassianus
667 2290 842 2376 Caracalla,
862 2303 973 2369 Severi
988 2307 1093 2379 lilius,
1115 2306 1269 2393 Lugduni
1298 2356 1302 2365 .

58 2390 204 2472 genitus,
237 2384 524 2470 imperavit.,solua
551 2403 740 2447 annosaex.
784 2386 848 2446 Hic
869 2389 1036 2455 Bassianus
1058 2409 1096 2449 ex
1117 2392 1167 2450 avi
1189 2415 1265 2453 ms*-
1287 2411 1307 2457 a

56 2473 145 2533 terni
175 2471 306 2539 nomiue
336 2469 452 2537 dictus¹
472 2476 529 2539 est.
573 2466 747 2549 At·quum
779 2488 797 2527 e
828 2468 932 2537 Gallia
954 2482 1072 2533 restem
1093 2469 1269 2550 plurimam

59 2554 259 2625 devexisset,
278 2551 459 2630 talaresque
472 2545 653 2621 ,oaraoallas
673 2548 816 2624 fecisset,
838 2555 1060 2636 oodgissetqus
1080 2554 1209 2631 plelsem
1226 2556 1267 2615 ad

58 2659 94 2699 se
115 2637 323 2697 salutandum·
339 2631 486 2706 indutam
507 2630 809 2707 talibus-introire,
839 2632 1031 2703 denomino
1052 2634 1188 2698 huiusce
1209 2659 1269 2700 ve-

58 2721 117 2781 stis
139 2715 571 2801 Caracallaoogttominatus
593 2723 650 2779 est.
675 2713 756 2781 ,Hic
768 2717 910 2787 ,fratrem
931 2741 1034 2783 suum.
1046 2718 1161 2782 Getam
1179 2743 1263 2803 per-,
1287 2720 1311 2785 5

61 2802 159 2863 emit:
194 2800 236 2862 ob
265 2822 362 2883 quam
389 2818 533 2871 canuam
561 2800 817 2881 furorepoeuas
837 2796 930 2864 dedit
948 2802 1103 2867 Dirarum
1124 2803 1268 2867 insecta·
1293 2823 1302 2877 ·,

55 2885 151 2947 tione
163 2930 171 2957 ,
183 2905 277 2965 ¹qaas
297 2905 363 2951 non
384 2877 548 2943 immerito
560 2880 707 2943 -ultrioes
724 2893 903 2959 vocantur,
928 2908 946 2945 a
967 2906 1032 2968 quo
1052 2896 1131 2966 post
1150 2889 1267 2953 furore

59 2968 237 3029 convaluit.
280 2964 540 3046 Hio:„irorpurej
560 2964 735 3027 Alexandri
764 2967 950 3030 Macedonis
971 2978 1171 3049 conspecto,
1192 2971 1308 3049 Mae]

58 3074 155 3135 gnum
179 3061 275 3134 atque
296 3047 515 3111 Alexandrum
530 3052 569 3111 'se
584 3048 676 3110 iussit
689 3045 861 3130 appellari,
877 3044 1111 3114 adsentantium
1127 3050 1263 3116 fallaciis

60 3156 99 3195 eo
122 3135 318 3216 perductus,
341 3141 379 3193 ut
398 3132 485 3193 truci
506 3133 636 3207 frontes,
659 3142 691 3213 et
712 3133 752 3195 ad
775 3132 902 3197 laevum
922 3135 1094 3197 humerum
1109 3156 1265 3198 conversa

59 3220 206 3292 cervice,
230 3216 320 3300 quod
341 3216 375 3277 iu
397 3188 652 3301 ore'Aleaandri
673 3211 858 3290 notaverat,
881 3217 1048 3292 incedens,
1071 3216 1167 3279 fidem
1188 3218 1264 3281 vul-

59 3310 111 3361 tus
133 3301 288 3364 simillimi
309 3296 521 3384 persuaderet
545 3295 619 3361 sibi·
662 3294 742 3362 Fuit
762 3294 933 3382 impatiens
951 3299 1119 3375 libidinis,
1141 3297 1305 3385 quippei

60 3384 118 3465 qui
136 3406 309 3447 novercam
334 3403 436 3459 suana,
459 3383 553 3467 duait
577 3404 724 3455 uxorem.
768 3384 877 3464 Quum
899 3384 1013 3447 Carras
1033 3386 1098 3448 iter
1117 3386 1259 3461 faceret,
1283 3384 1304 3449 6

60 3466 148 3544 apud
167 3467 320 3531 Edessam
340 3467 491 3531 secedens
511 3466 552 3529 ad
575 3466 677 3529 officia
699 3466 877 3542 naturalia,
899 3468 1063 3544 amilite,
1093 3472 1149 3552 qui
1171 3472 1262 3552 quasi
1291 3522 1296 3533 .

60 3549 103 3608 ad
125 3546 303 3613 custodiam
324 3552 539 3632 sequebatur,
559 3551 752 3623 interiectus
770 3560 839 3617 estt-
872 3551 969 3614 vixit
988 3573 1089 3615 anuos
1108 3555 1178 3616 fara
1196 3554 1263 3618 tri-
1281 3576 1301 3639 7

52 3632 164 3718 ginta.
207 3633 334 3715 Corpus
353 3630 739 3707 eiusltomamralatum
755 3644 820 3701 ¹est.
845 3670 874 3705 ,ι
901 3680 904 3687 -

471 3778 699 3843 CAPUT
745 3778 854 3844 XXll.
940 3784 943 3789 ’

429 3888 586 3946 adeamus
614 3886 652 3944 sd
677 3885 893 3947 arianismum.

101 4001 268 4062 Macrinus
292 4012 364 4060 cum
386 3997 590 4061 Diadunieno
612 3994 695 4072 lilio,
719 3992 924 4063 ab'exerditu
941 3996 1162 4083 'Imperatores
1182 4027 1262 4069 ore-

59 4085 128 4155 sti,
151 4083 393 4165 imperaverunt
415 4096 547 4144 manses·
562 4083 832 4167 qpatuordeoirn3
858 4084 1092 4148 st·al›'eodem
1118 4091 1261 4151 ex'ero'itu

60 4167 383 4249 obtruncanturp'ro
405 4187 465 4238 eo,
487 4169 564 4248 quin
583 4167 749 4229 Macrinus
766 4165 1122 4235 militarem··luxurism
1139 4173 1266 4256 slipen·-

61 4246 180 4330 diuque
199 4251 395 4333 profusiora.
410 4252 653 4332 comprimeret.
745 4280 761 4313 t.
997 4266 1000 4273 '
1092 4270 1096 4279 ’
1223 4264 1226 4271 “

448 4402 495 4464 .'C
515 4400 545 4462 A
563 4400 591 4463 P
612 4403 645 4466 U
666 4404 695 4464 Τ
736 4405 859 4469 xxm.

322 4508 396 4550 Atta.
421 4507 592 4550 astrorum
614 4508 726 4550 vanius
748 4509 993 4553 uzttoontws.

101 4597 254 4665 Aurelius
272 4600 459 4671 Antoninus
479 4603 622 4687 Varius,
646 4602 733 4672 idern
752 4603 985 4695 Heliogabalus
1004 4603 1133 4682 aliatus,
1159 4605 1266 4678 Cara-⁴.

136 4816 182 4893 φ.
