2850 4958
23 39 233 87 *Ἰ

49 270 68 329 ,ι
185 274 264 359 ,n
379 268 451 345 ne
471 261 602 345 uuus
626 260 850 341 musra
879 262 988 341 car.
1009 272 1071 369 m
1093 262 1246 364 sasas.

146 446 167 501 r·
180 436 352 525 deposuit:
381 457 456 497 nam
485 429 660 494 Lentulum
687 438 831 503 mutum,
861 436 895 492 et
923 428 1116 504 Afranium,
1146 437 1183 493 et
1208 426 1372 513 Faustum,

139 526 288 597 toSullae
318 520 439 591 filium,
472 516 569 583 iussit
600 512 719 575 occidi.
770 515 924 575 Dictator
947 514 981 574 iu
1010 522 1212 595 perpetuum
1240 516 1372 581 sactu„

179 612 312 681 Senatu,
342 606 376 665 in
400 602 513 677 curia,
544 598 653 661 Cassio
678 606 710 658 et
733 598 835 658 Bruto
861 595 968 659 caedis
992 596 1205 672 auctoribus,
1228 602 1373 663 trihuset

179 692 296 775 viginti
318 685 505 750 vulneribus
528 683 654 745 occisus
679 689 747 742 est:
770 681 862 743 cuius
882 700 1027 765 corpore
1045 701 1109 769 pro
1125 682 1248 745 rostris
1263 686 1370 769 positu,

101 804 105 813 ·
179 778 230 843 sol
253 774 369 839 orbem
390 791 484 833 suum
506 767 626 830 colasse
646 761 780 827 dicitur.

492 923 496 929 ’
572 942 987 1011 csrurtxxrx.

611 1080 727 1125 cusu
748 1082 958 1129 ocrmutus.

218 1224 336 1289 Caesar
364 1211 584 1290 Octavianus,
615 1236 655 1277 ex
685 1214 821 1277 Octavia
845 1214 969 1278 familia
991 1215 1026 1277 in
1049 1212 1168 1279 luliam
1190 1212 1379 1293 translator,

178 1308 213 1372 in
233 1305 392 1371 ultionem
416 1298 492 1361 Iulii
518 1300 684 1373 Caesaris,
706 1320 724 1358 a
748 1320 814 1383 quo
839 1298 935 1360 heres
958 1300 1066 1362 fuerat
1089 1299 1283 1373 institutus,
1303 1300 1374 1361 Bru·

177 1401 249 1455 tum
275 1397 308 1449 et
330 1382 494 1456 Cassium,
525 1381 631 1444 caedis
655 1382 885 1453 auctores,.in
908 1382 1098 1445 Macedonia
1120 1383 1213 1445 vicit.
1257 1383 1373 1445 Sextum

176 1470 390 1556 Pompeium,
413 1466 510 1529 Cnaei
534 1466 685 1549 Pompeii
708 1464 829 1539 filium,
855 1464 941 1527 bona
965 1474 1100 1547 paterna
1124 1466 1373 1548 repetentem‚in

136 1562 265 1625 efreto
299 1551 411 1615 Siculo
447 1548 622 1631 superavit.
674 1550 821 1610 Marcum
856 1548 1034 1611 Antonium
1063 1550 1238 1613 Consulem
1262 1550 1373 1633 syrim

179 1642 402 1708 obtinentem,
427 1652 539 1694 amore
558 1632 751 1714 Cleopatrae
774 1632 970 1707 devinctum,
992 1633 1026 1693 in
1041 1632 1178 1695 Actiaco
1195 1633 1373 1697 Ambraciae

135 1726 278 1790 Slitore
309 1717 494 1782 debellavit.
541 1714 712 1798 Reliquam
739 1715 829 1777 orbis
855 1724 982 1798 partem
1005 1736 1066 1799 per
1089 1715 1230 1801 Legatos
1251 1716 1373 1779 domuit.

135 1812 158 1889 4
178 1808 264 1871 Huic
287 1801 404 1867 Parthi
428 1802 517 1883 signa
531 1821 646 1883 ,quae
671 1800 785 1861 Crasso
807 1797 1021 1871 sustulerant,
1048 1796 1136 1861 ultro
1159 1800 1371 1863 reddiderunt.

80 1932 86 1943 ·
135 1889 156 1955 5
178 1892 272 1963 ludi,
294 1884 455 1967 Scythae,
477 1882 663 1955 Sarmatae,
686 1884 787 1957 Daci,
809 1903 892 1966 quos
913 1904 979 1943 non
1003 1882 1196 1959 domuerat,
1221 1882 1305 1946 dona
1320 1882 1374 1943 mi-

136 1974 300 2039 6serunt.
344 1966 414 2029 lani
444 1966 562 2048 gemini
591 1973 726 2045 portas,
763 1965 814 2026 bis
844 1974 918 2026 ante
947 1987 981 2026 ae
1012 1963 1157 2041 clausas,
1188 1967 1298 2051 primo
1323 1964 1372 2027 mh

176 2061 303 2127 Numa,
325 2053 446 2115 iterum
464 2057 541 2130 post
559 2049 705 2129 primum
723 2045 886 2110 Punicum
909 2047 1043 2123 bellum,
1065 2069 1123 2111 sua
1141 2070 1243 2111 manu
1263 2049 1372 2118 clausit.

134 2166 158 2233 7
175 2142 326 2205 Dictatar
346 2135 379 2196 in
399 2140 594 2213 perpetuum
623 2130 749 2205 factus,
776 2153 796 2193 a
814 2130 955 2208 Senatu,
984 2130 1028 2196 ob
1054 2154 1108 2198 res
1128 2142 1258 2222 gestas,
1284 2132 1393 2207 Dim¹

19 2214 43 2251 ⁴*
141 2222 342 2309 nAugustus
361 2222 411 2279 est
430 2212 622 2298 appellatus.
1354 2226 1359 2235 ·

584 2340 811 2463 carui
850 2394 979 2460 nm

1407 2378 1415 2417 t

1405 2461 1415 2503 t

630 2534 713 2576 CATO
736 2532 941 2579 PBAHORIUS·
1405 2543 1415 2585 tt

1404 2626 1415 2665 h

218 2673 299 2735 Catu
326 2663 539 2740 Praetorius,
572 2664 704 2727 Catonis
727 2665 875 2729 Censorii
898 2686 1087 2751 pronepos,
1111 2688 1213 2753 quum
1236 2667 1270 2729 in
1290 2664 1371 2729 domo
1404 2686 1415 2748 ὴ

179 2752 329 2819 avunculi
350 2749 450 2812 Drusi
473 2748 683 2822 educaretur,
703 2771 764 2811 nec
784 2752 916 2832 pretio,
941 2772 1001 2813 nec
1022 2751 1118 2812 minis
1139 2752 1254 2833 potuit
1274 2746 1372 2811 adduci

179 2863 197 2901 a
217 2841 260 2919 Q.
281 2830 432 2917 Popedio
454 2831 583 2905 Silone,
607 2835 792 2896 Marsorum
815 2834 989 2916 principe,
1016 2842 1055 2896 ut
1074 2836 1185 2911 farere
1205 2856 1242 2897 se
1263 2850 1372 2909 caussas

139 2945 161 2989 o
181 2924 356 2985 Sociorum
376 2915 511 2976 diceret.
555 2916 719 2994 Quaestor
739 2917 773 2979 iu
796 2915 939 3000 Cyprum
955 2918 1070 2980 missus
1092 2917 1133 2979 ad
1153 2916 1330 2982 vehendam
1345 2933 1373 2975 ex

180 3002 360 3073 Ptolemaei
381 2997 564 3059 hereditate
583 3000 776 3082 pecuniam,
799 3022 873 3063 cum
895 3021 1018 3063 summa
1040 2997 1194 3062 eam-fide
1215 2999 1372 3085 perduxit:

137 3088 348 3174 Spraeterea
383 3082 572 3142 coniuratos
603 3082 785 3165 puniendos
814 3084 950 3148 censuit.
992 3079 1083 3147 Bello
1116 3083 1205 3146 civili
1239 3080 1374 3163 Pompeii

180 3183 289 3257 partes
320 3173 448 3229 secutus
477 3173 544 3224 est:
577 3186 643 3247 quo
674 3167 781 3240 victo,
814 3169 992 3231 exercitum
1023 3189 1084 3250 per
1112 3166 1241 3230 deserta
1261 3166 1376 3230 Africae

180 3256 294 3327 duxit3
317 3250 374 3313 uhi
396 3246 545 3328 Scipioni
568 3248 738 3312 Consulari
761 3248 902 3313 delatum
925 3251 965 3312 ad
980 3251 1204 3334 seimperium
1221 3248 1376 3313 concessit.
1413 3288 1416 3323 ,

139 3338 288 3418 avictu
307 3331 473 3416 partibus,
496 3331 627 3393 Uticam
649 3332 830 3407 concessit;
855 3335 910 3397 ubi
936 3334 1038 3397 filium
1060 3335 1235 3409 hortatus,
1256 3343 1295 3397 ut
1315 3334 1375 3398 cle-
1413 3371 1417 3411 t

140 3414 144 3419 ’
180 3420 333 3485 mentium
361 3413 504 3474 Caesaris
535 3416 763 3498 experiretur,
796 3416 885 3495 ipse,
917 3415 1004 3479 lecto
1032 3418 1181 3482 Plutonia
1201 3417 1313 3495 libro,
1328 3412 1377 3503 qui
1413 3414 1417 3489 ἰ

180 3499 338 3571 debonis
359 3497 474 3569 mortis
496 3505 564 3574 est,
586 3508 689 3563 semet
709 3496 847 3563 occidit.

501 3744 512 3755 ,
583 3676 809 3743 CAPUT
849 3678 997 3746 LXXXI.

622 3803 660 3845 nr.
682 3800 813 3846 rutum
836 3802 960 3856 memo,

224 3939 354 4003 Marcus
378 3935 506 4002 Tullius
527 3934 665 4010 Cicero,
686 3957 804 4019 genere
823 3933 977 4018 Arpinas,
997 3944 1093 4019 patre
1113 3937 1226 4021 equite
1246 3935 1377 3999 Romano

144 4033 298 4096 enatus,
329 4044 428 4106 genus
456 4046 476 4084 a
506 4018 604 4083 Tullo
631 4020 723 4084 Attio
755 4040 832 4105 rege
857 4019 961 4083 duxit.
1005 4021 1203 4084 Adolescens
1230 4019 1378 4086 anciano

186 4106 310 4170 iudicio
332 4105 550 4188 eloquentiam
572 4114 606 4167 et
622 4104 809 4167 libertatem
829 4124 919 4165 suam
940 4103 1093 4167 adversus
1113 4105 1267 4169 Sullanos
1282 4113 1383 4167 osten-

155 4200 158 4205 '
185 4190 256 4253 dit:
280 4210 318 4251 cx
339 4211 403 4271 quo
424 4189 546 4251 veritus
569 4186 745 4262 invidiam,
767 4186 911 4248 Athenas
932 4188 1116 4250 studiorum
1136 4190 1242 4268 gratia
1262 4184 1381 4274 petivit,

184 4275 244 4335 ubi
273 4272 493 4345 Antiochum,
525 4271 755 4333 Academicum
785 4270 1037 4353 philosophum,
1076 4272 1222 4335 studiose
1258 4268 1382 4333 audivit.

184 4355 267 4419 Inde
288 4355 493 4439 eloquentiae
513 4354 616 4437 gratia
637 4352 767 4428 Asiam,
787 4362 865 4435 post
885 4354 1036 4416 Rhodum
1061 4356 1178 4437 petiit,
1201 4356 1259 4418 uhi
1282 4352 1384 4416 Molo-

185 4462 260 4503 nem
278 4442 460 4510 Graecum,
480 4437 648 4500 rhetorem
670 4448 738 4499 tum
761 4438 1030 4510 disertissimum,
1053 4440 1244 4523 magistrum
1266 4435 1384 4505 hahuit3

187 4526 243 4606 qui
265 4523 356 4586 flesse
375 4522 508 4594 dicitur,
531 4520 620 4604 quod
640 4542 702 4599 per
723 4520 809 4581 hunc
831 4521 967 4582 Graecia
990 4521 1196 4613 equuentiue
1209 4518 1388 4602 laudepri-

125 4604 156 4669 5
173 4616 319 4675 raretur.
367 4609 533 4693 Quaestor
553 4603 706 4673 Siciliam
720 4603 850 4671 hahuit.
893 4602 1016 4671 Aedilis
1039 4607 1152 4673 Caium
1172 4606 1310 4671 Verrem
1327 4622 1389 4669 ree
