2850 4958
98 266 168 360 146
520 282 526 295 '
580 258 824 369 ttttttottt

97 429 217 491 verint.
259 424 414 490 Dictator
439 431 549 488 autem
577 423 701 493 Romae
731 425 858 510 primns
887 417 1133 496 init·1.artius;
1160 419 1294 507 stegen
1325 438 1340 499 q

99 513 245 595 equitum
267 509 392 591 primus
412 509 470 592 Sp.
495 508 633 571 Cassius.

136 595 217 653 XII.
250 594 349 654 Sexto
372 592 499 654 decimo
522 612 606 653 anno
628 599 705 675 post
725 608 818 674 reges
841 596 992 660 exactos,
1021 586 1226 651 seditionem
1242 606 1296 672 pos
1328 626 1340 667 Ι

98 677 338 763 pulusltomae
357 677 454 751 fecit,
475 684 640 774 tamquam
662 696 680 734 a
701 673 822 736 Senatu
843 682 941 756 atque
963 670 1164 733 Consulibus
1184 692 1297 755 prons-

92 760 203 821 'retur.
241 761 331 820 'Tum
354 759 477 842 etipse
498 758 561 821 sibr
590 777 801 820 ru1snuos
834 776 1008 826 rnnsrs,
1039 756 1135 837 quasi
1159 756 1340 855 propriu-p

101 842 225 904 iudices
250 852 282 904 et
303 841 512 916 defensores,
534 840 677 915 creavit,
698 861 760 922 per
780 861 863 923 quos
878 847 993 900 eontra
1007 836 1168 899 Senatum
1183 844 1218 900 et
1229 834 1299 901 Con·
1326 864 1335 915 ι

100 925 185 987 sulas
206 935 294 987 tutus
317 946 384 985 esse
404 934 524 1007 posset.
569 924 830 1006 sequentianno
854 919 968 984 Volsci
988 918 1113 985 bellum
1140 940 1298 1005 repsrssrp
1322 932 1340 1000 fl,

101 1016 199 1082 runt,
227 1018 260 1070 et
283 1007 361 1070 victi
385 1008 476 1081 acie,
507 1006 604 1069 etiam
635 1005 808 1083 Coriolos,
831 1005 1009 1078 civitatem,
1031 1025 1134 1088 quam
1153 1003 1297 1075 habebo!
1321 1022 1340 1083 q

102 1092 279 1176 optimam,
307 1089 534 1173 perdiderunt.
1273 1138 1291 1163 .,
1320 1100 1340 1166 t,

143 1175 237 1234 XIII.
260 1173 387 1235 Octavo
410 1171 537 1234 decimo
559 1191 644 1233 anno
665 1178 742 1255 post
762 1170 883 1232 eiectos
896 1189 988 1253 reges
1003 1164 1159 1253 expulsus
1173 1166 1297 1235 eerl!
1318 1188 1340 1249 st

103 1256 145 1333 Q.
169 1256 332 1330 Marcius,
355 1254 420 1316 dux
441 1256 681 1329 Romanorum,
707 1252 765 1339 qui
788 1251 940 1316 Coriolos
954 1260 1098 1336 ceperat,
1116 1250 1294 1319 Volscam
1317 1278 1340 1332 t,

105 1339 288 1414 civitatem,
319 1337 360 1399 sd
387 1337 475 1420 ipsos
507 1337 647 1399 Volscos
667 1336 837 1399 contendit
856 1336 980 1409 iratus,
1001 1344 1034 1396 et
1055 1335 1182 1399 auxilia
1203 1344 1292 1411 costa
1316 1372 1340 1416 ι,

104 1421 269 1483 Romanos
290 1423 438 1502 accepit,
465 1422 694 1502 Romanosque
720 1440 816 1502 saepe
837 1418 927 1480 vicit.
970 1418 1084 1500 Usque
1105 1418 1150 1481 ad
1169 1419 1292 1565 quinta,
1315 1454 1340 1517 ς..

104 1504 296 1567 milliarium
319 1505 423 1566 Urbis
443 1505 589 1577 accessit,
613 1510 859 1586 oppugnaturus
880 1501 979 1563 etism
999 1501 1161 1583 patriam,
1197 1502 1289 1587 egst's,
1338 1548 1340 1575 :

107 1588 163 1671 qui
185 1608 298 1670 pacem
318 1587 494 1671 petebant,
526 1585 728 1669 repudiatis·,
755 1584 819 1648 nisi
842 1582 976 1647 adeum
999 1594 1104 1646 mater
1127 1580 1290 1665 Veturlit
1331 1627 1340 1688 1

106 1690 193 1734 uxor
209 1669 386 1731 Volumnia
409 1690 448 1730 ex
467 1670 561 1731 Urbe
581 1670 761 1731 venisseut:
784 1688 923 1750 quarum
943 1667 1022 1729 fletu
1041 1677 1074 1729 et
1088 1665 1289 1751 deprecatio!¹

108 1761 298 1835 superatus,
335 1754 477 1815 removit
504 1754 710 1829 exercitum„
738 1751 845 1835 Atque
873 1748 929 1812 bic
950 1747 1109 1813 secundus
1131 1761 1212 1835 post
1226 1752 1290 1821 Tan

109 1836 260 1921 quinium
280 1835 362 1909 fuit,
385 1836 442 1918 qni
464 1836 530 1897 dux
552 1845 670 1899 contra
687 1834 827 1917 patriam
849 1854 939 1895 suam
963 1841 1054 1895 esset.

149 1918 241 1979 XIV.
275 1919 417 1979 Caesone
437 1919 541 1979 Fabio
565 1926 597 1978 et
618 1919 696 1979 Tito
719 1916 875 1999 Virgiuio
899 1914 1178 1980 coss.'trecenti
1192 1912 1287 1978 nobile

110 2001 280 2074 bomines,
312 2000 370 2081 qui
400 2020 439 2060 ex
468 2000 570 2061 Fabia
598 1999 723 2063 familia
754 2007 864 2073 erant,
888 2007 1002 2060 contra
1023 2000 1179 2062 Veientes
1199 1997 1288 2061 bellu

110 2083 174 2147 soli
198 2090 432 2164 susceperuut,
453 2081 685 2164 promittentes
705 2080 839 2144 Senatui
863 2090 895 2142 et
916 2083 1064 2165 populo,
1087 2104 1152 2164 per
1170 2104 1205 2146 se
1223 2088 1288 2143 ου’·

110 2175 275 2227 certamen
307 2163 519 2246 implendum.
560 2166 677 2248 Itaque
705 2164 850 2248 pdofecti
882 2185 992 2227 omnes
1023 2166 1174 2243 nobiles,
1204 2172 1234 2227 et
1276 2156 1288 2245 ,⁶

25 2244 28 2253 ’
101 2248 230 2332 singuli
263 2268 455 2332 magnorum
487 2248 690 2310 exercituum
715 2248 814 2309 duces
845 2264 913 2309 esse
937 2247 1110 2325 deberent,
1135 2249 1169 2313 in
1189 2268 1246 2330 pro
1268 2246 1287 2261 ''
1338 2284 1340 2315 ε

111 2330 338 2393 conciderunt.
379 2332 473 2391 Unus
496 2331 630 2394 omnino
652 2330 817 2413 superfuit
838 2349 876 2391 ex
889 2338 979 2391 tanta
992 2332 1135 2407 familia,
1160 2332 1217 2417 qui
1251 2336 1290 2393 to
1311 2334 1340 2398 tt

111 2423 189 2498 pter
208 2424 345 2475 aetatem
365 2412 525 2494 puerilem
547 2412 622 2476 duci
643 2435 710 2477 non
730 2419 886 2496 potuerat
905 2412 945 2475 ad
966 2436 1119 2498 pugnam.
1147 2351 1291 2477 Perelio
1311 2416 1340 2484 l<

111 2517 225 2560 census
246 2498 280 2557 in
301 2496 393 2557 Urbe
415 2495 547 2558 babitus
566 2505 630 2571 est,
653 2506 688 2560 et
708 2497 838 2559 inventa
859 2505 935 2558 sunt
954 2498 1075 2563 cisium
1096 2499 1205 2584 capita
1220 2486 1293 2561 (ΠΕ
1333 2515 1340 2563 t

111 2579 217 2642 suillis
239 2580 406 2641 CCCXIX.
689 2587 692 2594 ‘

156 2662 230 2723 XV.
254 2659 410 2744 Sequenti
432 2679 530 2735 anno,
552 2680 653 2742 quum
673 2661 709 2721 in
729 2657 849 2743 Algido
871 2668 994 2736 monte,
1017 2662 1057 2724 ab
1082 2662 1176 2726 Urbe
1196 2658 1296 2726 dncdt·

114 2742 201 2805 cinno
221 2745 323 2805 ferme
344 2743 522 2817 milliario,
545 2743 708 2806 Romanus
731 2744 939 2805 obsideretur
961 2744 1135 2820 exercitus,
1156 2748 1194 2808 L.
1217 2746 1296 2824 Quis·
1327 2754 1340 2811 ἓ

114 2825 200 2889 etius
217 2828 425 2889 Cincinnatus
439 2827 594 2889 Dictator
608 2836 656 2888 est
670 2828 791 2888 factus:
815 2828 872 2909 qui
887 2848 1001 2911 agrum
1015 2838 1160 2912 quatuor
1174 2831 1297 2915 iugera!
1336 2892 1340 2897 .

115 2909 307 2992 possidens,
339 2909 487 2972 manibus
514 2911 581 2971 suis
612 2910 753 2972 colebat.
797 2911 846 2984 Is,
870 2932 970 2993 quum
992 2910 1026 2972 in
1053 2933 1156 2994 opere
1177 2921 1210 2975 et
1231 2924 1299 2981 am

116 3002 199 3054 esset
227 2993 397 3066 inventus,
429 2992 550 3054 sudore
581 2992 734 3067 deterso,
766 3001 876 3077 togam
898 3002 1100 3075 praetextam
1122 2997 1340 3087 accepit,th

105 3076 217 3138 ccesb
237 3077 387 3138 hostibus
407 3074 560 3136 liberavit
579 3078 770 3138 exercitum.
1286 3102 1290 3111 ¹
1327 3089 1340 3153 t,

112 3191 115 3198 ·
157 3160 250 3220 XVI.
271 3158 366 3221 Anno
390 3159 467 3218 CCC
487 3168 519 3220 et
542 3157 646 3220 altero
669 3159 711 3220 ab
730 3157 824 3220 Urbe
845 3158 989 3233 condita,
1007 3158 1185 3242 imperium
1201 3172 1305 3225 const·

115 3240 186 3304 lare
208 3242 360 3314 cessavit,
383 3249 415 3301 et
436 3263 499 3322 pro
522 3240 651 3303 duobus
673 3262 785 3303 coss.
813 3237 925 3301 decem
945 3243 1024 3303 facti
1046 3251 1132 3318 sunt,
1157 3247 1215 3328 qui
1237 3262 1307 3307 suu·
1331 3276 1340 3316 t

116 3344 203 3384 mum
223 3331 419 3403 patestotem
440 3324 616 3398 habereut,
649 3342 898 3384 nscsuvsns
923 3327 1094 3389 nominati.
1140 3328 1208 3391 Sed
1229 3334 1308 3412 qustt
1335 3361 1340 3400 ι

115 3407 227 3486 primo
249 3425 332 3465 nuno
355 3406 438 3465 bene
459 3407 616 3487 egissent,
647 3405 788 3467 secundo
810 3426 892 3466 uuus
914 3426 953 3467 ex
976 3408 1036 3484 iis,
1067 3408 1198 3493 Appius
1224 3412 1310 3475 Clu·
1337 3422 1340 3482 l

109 3489 212 3559 dius,
237 3485 383 3568 Virginii
409 3487 596 3561 cuiusdam,
621 3488 677 3566 qui
699 3487 846 3549 honestis
866 3488 931 3549 iam
946 3492 1117 3574 stipendiis
1132 3496 1312 3559 contrats·
1339 3532 1340 3551 .

118 3569 205 3630 tinus
238 3567 272 3629 in
293 3577 413 3630 monte
439 3567 559 3653 Algido
591 3568 769 3644 militabat,
798 3568 898 3633 filiam
929 3574 1087 3658 virginem
1112 3588 1312 3662 corrumpsit

117 3651 246 3716 voluit:
269 3674 364 3735 qnam
382 3661 478 3735 puter
499 3651 642 3726 occidit,
664 3676 706 3717 ue
728 3665 877 3736 stuprum
893 3680 911 3718 a
926 3656 1111 3721 decemviro
1133 3663 1311 3725 suctione:

120 3745 152 3798 et
172 3756 336 3819 regressus
357 3735 558 3808 stratilites,
581 3738 685 3800 movit
704 3739 890 3801 tumultum.
933 3740 1067 3804 Sublata
1088 3752 1137 3806 est
1161 3742 1314 3809 decenti·

119 3820 166 3880 ris
189 3827 352 3899 potestas,
374 3820 502 3904 ipsique
523 3818 663 3881 damnati
686 3831 771 3887 scint.
1067 3856 1069 3863 ·

163 3902 273 3965 XVII.
305 3900 402 3967 Anno
429 3904 658 3969 trecentesimo
687 3905 814 3967 decimo
846 3908 961 3988 quinto
994 3907 1034 3969 ab
1056 3909 1151 3972 Urbe
1172 3909 1313 3983 condite,

114 3980 292 4063 Fidenates
315 3996 430 4049 contm
451 3986 613 4049 Romanos
637 3987 887 4051 rebellaverunt.
930 3987 1096 4053 Auxilium
1116 3994 1315 4074 praestabsd

112 4062 174 4155 [bis
195 4067 347 4143 Velentes
369 4079 402 4132 et
421 4091 479 4131 rex
501 4070 690 4131 Veientium
714 4069 918 4133 Tolumnius.
960 4074 1052 4151 Quae
1073 4078 1187 4139 ambae
1207 4078 1315 4141 civito·

112 4158 172 4225 ‚tes
193 4158 259 4215 tom
285 4151 410 4223 vicinae
431 4153 518 4215 Urbi
545 4161 640 4226 sunt,
669 4162 705 4213 ut
731 4153 872 4216 Fidenae
892 4164 1004 4230 sextb,
1033 4158 1190 4223 Veientes
1211 4158 1315 4223 XVIII

97 4228 275 4299 milliario
298 4234 415 4301 absiutt
460 4235 702 4309 Coniuuxerunt
725 4259 759 4299 sc
777 4235 830 4299 bis
850 4247 883 4301 et
904 4238 1028 4303 Volsci.
1072 4241 1138 4303 Sed·
1159 4248 1313 4309 Mamers

114 4310 270 4397 [Aemilio
283 4318 466 4392 Dictatore,
489 4327 523 4389 et
541 4318 578 4380 1..
601 4319 756 4396 Quinctio
774 4320 976 4396 Cincinnato,
992 4323 1149 4406 Magistro
1165 4331 1315 4410 equitnm,

120 4398 216 4479 victi,
241 4400 337 4461 etiam
358 4423 468 4484 regem
488 4400 715 4482 perdiderunt.
758 4401 899 4465 Fidenae
921 4415 1032 4486 captae
1055 4417 1086 4469 et
1108 4412 1248 4475 excisae.

113 4548 116 4552 ,
163 4482 290 4559 XVIII.
322 4485 403 4561 Post
422 4484 484 4543 XX
502 4483 624 4547 deinde
642 4500 743 4545 annos
765 4485 938 4548 Veientani
959 4489 1213 4556 rebellaverunt.
1255 4492 1316 4557 Di·

120 4575 229 4647 etates
250 4576 364 4641 eontra
384 4567 473 4650 ipsos
494 4568 611 4631 missus
629 4577 677 4629 est
696 4567 815 4637 Furius
836 4569 1000 4648 Camillus,
1022 4573 1080 4656 qui
1103 4577 1252 4658 primum
1268 4592 1316 4639 em
