2850 4958
158 438 324 504 daemonii
342 436 433 522 gravi
454 433 541 500 hello
564 433 692 496 Atticos
713 441 922 519 premerent,
945 431 1228 518 respondissetque
1249 434 1374 519 Pythi-

157 546 218 598 us,
241 543 384 607 quorum
408 519 474 584 dux
494 520 535 582 ab
557 518 661 591 hoste¹
676 528 758 580 esset
779 519 918 593 occisus,
944 540 1000 581 cos
1013 519 1143 580 futuros
1164 521 1373 601 superiores:

157 607 308 690 deposita
337 613 426 666 veste
455 604 570 687 regia,
601 603 800 684 pastoralem
830 603 954 663 cultum
985 601 1108 675 induit,
1142 603 1376 689 immixtosque

157 691 272 753 castris
293 688 456 760 hostium,
479 686 519 748 de
541 682 701 747 industria
723 686 827 747 rixam
851 688 950 758 ciens,
974 684 1199 767 imprudenter
1220 686 1376 750 interem-

156 781 234 858 ptus
254 781 313 835 est.
357 771 502 833 Codrum
531 791 606 831 cum
637 777 744 830 morte
769 777 899 830 aeterna
924 768 1051 851 gloria,
1075 769 1289 831 Athenienses
1314 793 1373 832 se-

156 865 233 919 cuta
265 855 407 917 victoria
443 862 502 915 est.
546 853 628 931 Quis
665 873 739 914 eum
771 872 838 912 non
869 852 1028 926 miretur,
1068 855 1124 935 qui
1160 852 1212 913 his
1247 854 1375 916 artibus

156 947 300 1002 mortem
333 937 532 1020 quaesierit,
563 936 682 1020 quihus
710 935 750 996 ab
772 935 895 1019 ignavis
919 936 986 996 vita
1009 936 1122 1017 quaeri
1143 935 1243 998 solett
1269 939 1374 1001 Huius

157 1021 245 1084 filius
283 1021 405 1084 Medon
437 1021 571 1101 plimtss‘
597 1018 1026 1105 aestumatissimus„
1052 1018 1110 1080 -Ah
1147 1018 1212 1080 hoc
1245 1023 1376 1102 posteri

156 1104 246 1189 apud
269 1103 397 1166 Atticos
419 1102 500 1165 dicti
524 1101 755 1174 Medontidae,
778 1100 834 1162 sed
847 1102 896 1175 ii,
919 1100 1188 1185 insequentesque
1217 1101 1375 1167 Archou-

156 1197 207 1251 tes
230 1209 333 1272 usque
355 1187 396 1247 ad
418 1187 623 1269 Charopem,
646 1186 724 1248 dum
745 1185 909 1258 viverent,
937 1208 1011 1247 eum
1032 1185 1195 1247 honorem
1227 1209 1374 1270 usurpa..

155 1272 248 1339 hant.
297 1270 559 1367 Reluponuesii,
595 1268 819 1353 digredientes
852 1268 971 1335 tinibus
1008 1268 1146 1341 Atticis,
1166 1271 1373 1355 Megaram,

96 1421 97 1425 ,
156 1353 298 1418 mediam
321 1353 482 1417 Corintho
505 1351 710 1436 Athenisque
734 1351 862 1425 urhesn,
883 1351 1076 1414 condidere.
1113 1352 1159 1412 Ea
1182 1354 1376 1435 tempestato

158 1449 192 1501 et
212 1439 314 1521 Tyria
342 1437 469 1511 classis,
491 1435 674 1520 plurimum
698 1434 827 1519 pollens
847 1437 951 1510 mari,
985 1436 1019 1496 i'n
1049 1434 1166 1497 ultime
1199 1437 1375 1519 Hispaniae

155 1530 286 1594 tractu,
316 1523 350 1583 in
378 1529 523 1591 extremo
548 1521 658 1595 nostri
686 1519 777 1592 erbis
804 1520 949 1603 termino
979 1520 1116 1593 insulam
1144 1520 1376 1583 circumfusam

158 1607 314 1678 Oceano,
343 1605 524 1687 perexiguo
549 1626 568 1665 a
590 1602 771 1666 continenti
794 1590 1061 1675 divisahi'freto,·
1085 1602 1190 1662 Gades
1212 1605 1373 1667 condidit.

73 1717 78 1730 ·
127 1689 208 1752 *Ab
232 1687 347 1750 iisdem
376 1697 454 1770 post
473 1709 595 1769 paucos
617 1708 718 1749 annos
741 1687 774 1747 in
796 1685 908 1747 Africa
929 1687 1027 1746 Utica
1049 1686 1181 1746 condita
1205 1697 1264 1747 est.
1306 1688 1376 1748 Ex-

157 1772 240 1835 clusi
262 1773 302 1832 ab
325 1771 510 1832 Heraclidis
542 1769 809 1843 Orestis-‚liberm
836 1769 1014 1850 iactatique
1040 1789 1140 1848 quum
1162 1771 1260 1831 variis
1284 1774 1374 1833 casi-

156 1855 231 1928 hus,
252 1862 321 1915 tum
343 1854 477 1914 saevitia
497 1851 617 1927 maris,
641 1850 887 1935 quintodecimo
910 1873 994 1912 anno
1018 1851 1126 1911 sedem
1147 1850 1265 1936 cepere
1288 1855 1376 1917 circa

155 1936 306 2001 Lesbum¹
319 1935 466 1996 insulam.
764 1956 771 1989 ·,
923 1988 927 1993 .
1186 1985 1189 1990 .

198 2022 263 2082 ΙΙΙ.
295 2019 380 2080 Tum
410 2012 546 2080 Graecia
574 2015 722 2077 maximis
747 2036 903 2076 concussa
925 2024 972 2076 est
994 2017 1159 2077 motibus:
1190 2018 1314 2080 Achaei
1338 2041 1377 2082 ex

156 2102 318 2169 hessios
339 2101 425 2197 pulsi
440 2104 526 2175 ,mos
547 2118 750 2182 occupavere
769 2099 873 2172 sedes,
896 2122 976 2183 quas
997 2116 1084 2161 nunc
1107 2101 1279 2169 obtinent:
1309 2103 1378 2165 Pe-

156 2188 238 2270 lasgi
275 2184 418 2252 Athenas
451 2183 734 2266 commigrantem:
776 2203 916 2266 acerque
946 2182 1025 2245 belli
1056 2184 1200 2259 iuvenis,
1242 2188 1378 2249 nomine

158 2269 356 2342 Thessalos,
376 2267 511 2341 natione
531 2266 770 2348 Thesprotius,
790 2287 869 2327 cuin
889 2289 1004 2349 magna
1026 2268 1153 2329 civium.
1170 2291 1265 2331 manu
1279 2316 1287 2343 ‚
1303 2292 1377 2332 eam

157 2355 327 2438 regionem
351 2341 667 2432 armis⁰occnpavit,
690 2371 773 2432 quae
794 2371 881 2414 nuno
901 2351 942 2412 ah
963 2352 1033 2412 eius
1053 2352 1186 2413 nomine
1208 2352 1377 2416 Thessalia
1419 2368 1421 2375 ’

158 2437 364 2522 appelletur,
397 2441 476 2497 ahto
507 2434 754 2517 Myrmidonum
783 2435 1085 2521 vocitatslcivitus.
1137 2438 1212 2513 Quo
1242 2439 1377 2500 nomine
1419 2434 1421 2443 '

155 2521 274 2584 mirari
303 2519 562 2590 consents-eos,
593 2517 777 2601 quixlliaca
804 2529 1037 2600 componentes
1064 2527 1233 2601 tempora,
1266 2520 1308 2582 de
1340 2543 1378 2583 ea

156 2604 318 2688 regione,
342 2610 379 2665 ut
401 2600 585 2675 Thessalia,
605 2610 876 2670 commemorant.
918 2603 1029 2679 Quod.
1042 2625 1142 2685 quum
1158 2603 1220 2663 alii
1241 2603 1377 2682 faciant,

159 2685 293 2769 ffruqioi
314 2683 578 2767 frequentissime
598 2685 767 2761 faciunts.
780 2685 899 2766 quihus
921 2687 1055 2748 minime
1076 2686 1109 2747 id
1131 2685 1379 2751 eoncedendum
1405 2742 1407 2746 ,

146 2778 220 2832 est.
255 2766 351 2845 Nihil
373 2768 520 2831 enimes
540 2789 681 2850 persona
701 2774 843 2850 possae,
858 2767 920 2831 sed
942 2771 1051 2833 omnia
1071 2769 1130 2830 suh
1155 2791 1293 2842 eorum,
1318 2773 1379 2853 qui

159 2853 219 2916 illo
251 2859 403 2934 temporo
431 2851 601 2926 vixerant,
631 2852 811 2914 dixerunt.
849 2852 955 2929 Quod
985 2854 1012 2914 si
1044 2852 1116 2936 quis
1145 2876 1163 2913 a
1195 2853 1377 2930 Thessalo,

157 2935 314 3001 Renoulis
340 2932 428 3008 filio,
462 2954 518 2995 eos
549 2934 730 3018 appellatos
761 2935 934 3001 Thessalos
971 2936 1089 2999 diceto
1119 2935 1283 2997 reddenda
1313 2941 1380 3000 erit

158 3021 193 3083 ei
212 3019 323 3093 ratio,
350 3039 413 3081 cur
441 3027 618 3100 namq-nain
644 3024 719 3082 ante
746 3018 1085 3103 launo-insequentem
1118 3019 1306 3081 Thessalum
1338 3044 1379 3083 aa

134 3120 238 3190 lgrans
259 3101 295 3165 td
315 3100 457 3175 nominis
480 3104 698 3187 usurpaverit.
741 3102 844 3167 Pdulo
863 3108 942 3163 onte
963 3100 1083 3174 Aletes,
1106 3111 1215 3163 sextus
1229 3104 1270 3164 ah
1287 3106 1381 3166 Her-

159 3186 256 3259 cule,
277 3185 434 3268 Hippotis
457 3185 563 3260 fitius,
580 3186 813 3257 Corinthiun,
845 3205 930 3264 quaa
962 3193 1055 3244 antea
1084 3185 1193 3247 fuerat
1222 3186 1378 3271 Ephyre,

159 3269 303 3330 claustra
333 3267 549 3346 Peloponnesi
581 3269 823 3338 continentem,
855 3267 890 3327 in
913 3264 1036 3327 isthmo
1058 3267 1217 3333 condidit.
1262 3273 1381 3356 Neque

158 3359 210 3414 nst
223 3395 232 3423 ‚
263 3351 354 3430 quod
375 3351 535 3415 miremur
556 3350 600 3410 uh
623 3351 769 3423 Homero
794 3348 958 3409 nominari
979 3349 1188 3415 Corinthum.
1232 3357 1315 3418 Nam
1338 3376 1380 3418 ex

160 3452 303 3519 persono
332 3436 453 3512 potitae
481 3441 516 3497 et
536 3431 620 3492 hano
652 3429 768 3491 urbem
789 3437 823 3489 et
839 3431 1008 3512 quasdam
1029 3435 1147 3499 lunum
1168 3438 1315 3500 colonias
1337 3434 1385 3503 iis'

161 3513 351 3578 nomin-ihus
372 3511 533 3595 appellat,
553 3513 676 3595 quibes
688 3513 900 3576 sonabantur
924 3525 1028 3580 aetate
1057 3520 1147 3597 eius,
1172 3522 1277 3585 multo
1300 3532 1381 3606 post

53 3601 57 3606 '
156 3598 261 3662 ilium
282 3606 413 3680 captum
436 3596 599 3665 conditae.
840 3604 846 3614 ⁴
972 3610 974 3615 '
1174 3608 1179 3647 5

78 3676 85 3689 '
158 3724 176 3731 ..
203 3681 268 3746 W.
298 3678 510 3746 Athenienses
532 3682 565 3742 in
589 3679 723 3743 Euboea
745 3681 901 3747 Chslcida
922 3695 954 3748 et
974 3685 1137 3751 Eretriam
1160 3689 1287 3752 colonis
1309 3704 1378 3750 o‘c-

154 3786 346 3849 ·cupavorer
382 3762 631 3831 Lacedaemonii
658 3765 697 3827 in
727 3767 803 3830 Asia
823 3770 1057 3853 Magnesiam*
1083 3773 1276 3834 Noemulto
1298 3784 1379 3850 post

162 3848 409 3919 Chalcidenses,
443 3848 534 3922 orti,
557 3858 605 3912 ‘ut
638 3851 881 3932 praediximus,
908 3853 1027 3916 Atticis
1059 3855 1222 3937 Hippoole
1248 3863 1281 3915 et
1299 3857 1377 3913 Me·-

165 3931 320 4016 gasthcne
345 3928 502 4004 ducibus,
533 3933 648 3994 Cumas
673 3936 706 3995 in
736 3936 831 3998 ltalia
854 3937 1087 4001 condiderunt.
1129 3937 1236 3997 Huius
1264 3933 1376 3997 elassis

162 4034 297 4081 mesum
318 4030 387 4077 asse
408 4011 570 4077 directum
593 4016 842 4093 alii'columhae
863 4016 1219 4161 mm'ssmlm
1239 4017 1374 4096 ferunt,

154 4096 245 4171 „uti-i,
265 4096 439 4163 'nocturno
468 4101 551 4162 aeris
567 4108 676 4176 sunu,
698 4102 804 4184 qualis
830 4101 1022 4173 -Cerealihus
1096 4100 1143 4160 ris
1174 4101 1254 4163 cleri
1276 4102 1373 4166 solet.

152 4177 248 4245 -Pars
268 4178 389 4247 horum
406 4181 530 4248 nivium
559 4204 675 4265 magno
697 4193 773 4264 post
800 4181 974 4245 interpello
1007 4181 1180 4264 Neapolim
1211 4186 1373 4251 condidits

153 4264 349 4347 ‚Utriusque
378 4265 477 4331 urhis·
492 4265 610 4330 arimia
630 4286 758 4349 semper
775 4265 811 4325 in
834 4265 995 4343 Romanos
1024 4266 1106 4327 fides
1134 4259 1214 4329 facit
1227 4288 1287 4331 ⁴eas
1309 4295 1375 4334 uo·-

166 4345 297 4413 hittun
322 4356 421 4430 atque
441 4349 637 4416 amoenitate
655 4369 712 4409 suu
733 4346 936 4430 dignissimas
988 4349 1052 4412 Sed
1079 4350 1152 4411 aliis
1173 4352 1265 4432 [illis]
1288 4355 1375 4417 dili-

152 4430 300 4513 ·gontior
329 4433 412 4493 ritus
439 4431 540 4513 patrii
571 4431 689 4492 mansit
718 4430 885 4491 anamma:
925 4431 1098 4517 Consanos,
1119 4435 1206 4501 Osca
1230 4442 1377 4501 mutavit

166 4513 299 4577 ricinia.
330 4512 428 4580 Vires
449 4521 556 4575 autom
577 4521 701 4577 viseres
723 4534 835 4577 earum
857 4513 988 4580 ushiusu
1002 4517 1169 4602 hodieque
1181 4521 1374 4597 magnitudo

167 4602 312 4664 ostentat
337 4596 517 4665 moenium}
554 4592 780 4679 fiuhsequenti
819 4607 977 4683 tempure·
999 4624 1116 4686 mogus
1147 4605 1214 4669 vis·
1230 4607 1374 4670 &uerso
