2850 4958
454 272 600 347 LIBER
630 268 908 350 SECUNDUS.
1214 295 1289 374 149·

80 436 125 499 Hi
147 434 460 519 Pyrrhum,·=Epiri
490 428 616 519 regem,
650 446 763 498 contra
785 439 947 499 Romanos
967 438 1088 502 auxilio
1112 458 1282 521 poposce-

80 529 178 592 runt,
209 522 266 602 qui
295 540 335 580 ex
365 540 484 604 genere
511 520 648 581 Achillis
675 522 835 601 originem
866 522 1027 586 trahebat.
1075 525 1106 583 Is
1137 545 1213 583 mox
1241 522 1281 584 ad

79 603 208 665 Italiam
238 605 347 676 venit,
375 612 510 685 tumque
531 605 675 685 primum
695 605 831 664 Romani
858 626 931 665 cum
954 605 1166 668 transmarino
1185 606 1282 665 hoste

79 685 328 747 dimicaverunt.
370 687 487 747 Missus
514 696 561 747 est
591 696 704 747 contra
727 708 800 746 eum
822 687 1000 751 Consul'P.
1023 689 1171 749 Valerius
1192 689 1281 748 Lae-

78 769 196 842 vinus,
228 772 286 851 qui
316 791 417 852 quum
447 768 670 850 exploratores
692 769 814 850 Pyrrhi
844 764 1001 852 cepisset,
1033 773 1125 832 iussit
1147 792 1201 832 eos
1223 792 1282 851 per

77 861 185 915 eastra
207 852 303 925 duci,
327 851 453 917 ostendi
476 874 605 912 omnem
625 855 824 923 exercitum,
850 862 983 937 tumque
1006 855 1146 929 dimitti,
1170 864 1205 914 ut
1226 850 1289 913 re'-¹

74 935 272 999 nunciarent
301 935 455 1016 Pyrrho,
488 956 708 1018 quaecumque
728 959 744 994 a
768 936 921 996 Romanis
950 949 1133 1021 agerentur.
1177 939 1283 997 Corn-¹

72 1019 176 1080 missa
206 1040 282 1079 mox
309 1039 436 1101 pugna,
468 1040 568 1101 quum
597 1022 659 1079 iam
685 1019 832 1100 Pyrrhus
860 1021 1007 1107 fugeret,
1036 1022 1286 1102 elephantorum·

72 1100 202 1163 auxilio
223 1103 323 1174 vicit,
346 1122 429 1183 qnos
442 1101 627 1183 incognitas
641 1102 990 1184 Romani'expaverunt
1001 1125 1018 1164 :·
1033 1104 1087 1165 sed
1102 1124 1167 1164 nox
1181 1126 1283 1184 proe-

69 1182 121 1247 lio
144 1183 251 1244 -finem
283 1184 384 1245 dedit.
427 1185 584 1245 Laevinus
614 1192 722 1245 tamen
751 1206 812 1265 per
841 1197 970 1247 noctem
996 1189 1091 1271 fugit.
1134 1186 1283 1266 Pyrrhus

69 1266 239 1331 Romanos
260 1267 351 1329 mille
372 1269 576 1350 octingentos
596 1268 705 1349 cepit,
729 1288 855 1350 eosque·
870 1292 994 1351 summo
1016 1270 1145 1332 honore
1158 1278 1285 1329 tracta-

68 1352 146 1422 vit·‚
171 1350 294 1410 occisos
314 1350 474 1432 sepelivit.
519 1352 609 1428 Quos
633 1373 733 1433 quum
755 1351 889 1412 adverso
912 1354 1045 1414 vulnere
1062 1363 1094 1414 ct
1108 1354 1192 1413 truci
1209 1346 1285 1412 vul-

69 1442 137 1504 tu,
160 1433 256 1493 etiam
278 1442 427 1494 mortuos
450 1434 557 1494 iacere
577 1434 723 1506 vidisset,
747 1433 858 1495 tulisse
879 1437 919 1496 ad
942 1436 1069 1497 eoelum
1090 1452 1201 1496 manus
1222 1434 1281 1495 di-

69 1517 188 1588 eitur,
216 1537 289 1575 curu
310 1515 372 1578 hac
395 1535 496 1591 voce:
528 1538 562 1575 se
582 1523 682 1579 totius
702 1517 789 1578 orbis
808 1518 969 1579 dominum
993 1542 1059 1580 esse
1071 1526 1233 1600 potuisse,
1255 1520 1289 1578 si

69 1600 161 1663 tales
178 1598 242 1657 sibi
260 1600 380 1659 nn'litcs
399 1602 616 1679 contigissent.

71 1730 79 1755 ,
113 1681 194 1743 XII.
214 1681 333 1745 Postea
354 1682 524 1763 Pyrrhus,
547 1679 666 1741 iunctis
684 1681 748 1742 sihi
769 1680 986 1756 Samnitibus,
1013 1684 1167 1756 Lucanis,
1190 1684 1283 1742 Brut-

69 1765 218 1846 tiisque,
239 1764 377 1825 Romam
399 1766 566 1843 perrexit,
591 1764 700 1823 omnia
721 1765 810 1824 ferro
834 1765 973 1847 igneque
993 1767 1147 1827 vastavit:
1181 1764 1287 1847 Cam-¹

95 1851 206 1909 aniam
236 1846 453 1929 depopulatus
479 1857 548 1919 est,
580 1854 678 1927 atque
699 1847 738 1906 ad
758 1847 933 1909 Praeneste
953 1850 1041 1911 venit
1062 1848 1215 1909 milliario
1239 1846 1284 1908 ah‘

69 1868 169 1993 lube
191 1938 304 1990 octavo
329 1931 469 1992 decimo.
514 1931 593 1989 Mox
613 1938 741 1990 terrore
762 1931 944 2004 exereitus,
970 1933 1026 2013 qui
1049 1954 1121 1993 cum
1145 1930 1283 1991 Consule

69 2011 295 2095 loquebatur,
324 2014 359 2074 in
389 2012 597 2093 Campaniam
623 2032 657 2072 se
679 2013 814 2094 recepit.
858 2014 969 2098 Legati
990 2016 1030 2075 ad
1052 2015 1217 2098 Pyrrhum
1241 2013 1281 2075 de

69 2096 271 2161 redimendis
296 2098 433 2177 captivis
456 2096 566 2168 missi,
597 2094 636 2154 ab
661 2116 698 2155 eo
723 2095 905 2157 honorifice
933 2101 1073 2179 suscepti
1098 2107 1191 2158 sunt:
1217 2116 1281 2155 ca-

69 2181 184 2261 ptivos
207 2181 275 2240 sine
295 2180 404 2262 pretio
427 2179 562 2239 Romam
581 2178 681 2237 misit.
725 2180 837 2240 Unum
859 2179 1032 2263 exlegatis
1047 2184 1277 2253 Romanorum,

69 2262 285 2334 Fabricium,
315 2264 363 2323 sic
393 2261 569 2322 admiratus
595 2269 678 2333 est,¹
696 2271 753 2335 ut,
786 2274 984 2345 quum'eurn
1015 2286 1189 2345 pauperem
1215 2283 1281 2322 esse

69 2346 297 2430 cognovisset,
329 2354 445 2426 quarta
476 2354 569 2426 parte
600 2343 692 2425 regni
716 2347 897 2426 promissa,
919 2346 1098 2408 sollicitare
1117 2345 1278 2417 volucrit,

69 2438 112 2493 ut
135 2428 175 2489 ad
196 2448 230 2491 se
250 2432 426 2500 transiret·,
458 2423 705 2509 contemtusque
729 2428 1158 2509 a,Fab1·iei0⁴est.·=Quare
1180 2450 1281 2511 quum

69 2512 222 2595 Pyrrhus
257 2512 379 2592 ingenti
415 2512 636 2571 Romanorum
674 2509 891 2571 admiratione
923 2516 1103 2583 teneretur,
1139 2512 1281 2595 legatum

69 2595 184 2667 misit,
206 2593 263 2674 qui
287 2614 400 2674 pacem
425 2594 537 2674 aequis
560 2592 805 2654 conditionibus
823 2603 970 2675 peteret,
992 2599 1205 2677 praecipuum
1228 2594 1281 2653 vi-

69 2700 166 2745 rum,
189 2676 319 2735 Cineam
340 2675 492 2746 nomine,
517 2675 561 2735 ita
583 2683 619 2735 ut
639 2674 787 2756 Pyrrhus
808 2687 934 2758 partem
953 2678 1079 2754 Italiae,
1098 2690 1192 2763 quarn
1216 2677 1280 2738 inm

71 2759 177 2822 armis
201 2766 433 2835 occupaverat,
457 2759 632 2817 obtineret.
1102 2798 1105 2803 -
1193 2796 1196 2801 -
1269 2776 1277 2791 ··

116 2840 211 2899 XIII.
238 2839 305 2898 Pax
337 2839 521 2918 displicuit:
552 2838 838 2919 reinaudatumque
867 2840 998 2922 Pyrrho
1023 2843 1180 2906 aSenatu
1212 2853 1277 2918 est,

69 2945 148 2988 eum
172 2944 242 2983 cum
266 2923 442 2994 Romanis,
464 2921 526 2981 nisi
549 2941 587 2980 ex
608 2920 703 2981 Italia
724 2922 925 2995 recessisset,
946 2945 1059 3006 pacem
1077 2925 1198 2987 habere
1211 2950 1280 2989 nun

69 3027 180 3094 posse.
226 3005 312 3065 Tum
343 3004 478 3067 Romani
506 3006 668 3063 iusserunt
692 3003 839 3083 captivos
865 3027 990 3078 omnes,
1023 3026 1104 3085 quos
1133 3008 1279 3086 Pyrrhus

69 3087 286 3161 reddiderat,
316 3088 451 3165 infames
480 3086 619 3160 haberi,
650 3086 740 3166 quod
761 3088 876 3147 armati
899 3091 969 3168 capi
991 3089 1191 3168 potuissent}
1220 3112 1281 3152 nec

71 3183 151 3234 ante
173 3192 229 3231 eos
249 3171 290 3231 ad
311 3180 454 3232 veterem
474 3178 592 3229 statum
620 3168 763 3239 reverti,
795 3171 936 3250 quamsi
958 3170 1112 3232 binorum
1136 3171 1281 3235 hostiuin

72 3256 262 3319 occisorum
293 3253 399 3335 spolia
427 3252 625 3313 retulissent.
665 3252 716 3311 lta
745 3248 882 3334 legatus*-
898 3252 1021 3335 Pyrrhi
1049 3274 1195 3316 reversus
1221 3264 1280 3317 est.

69 3340 101 3401 Δ
123 3359 190 3420 quo
212 3359 313 3419 quum
333 3344 507 3419 quaereret
528 3334 697 3417 Pyrrhus,
727 3337 856 3415 qualem
885 3344 1025 3397 Romam
1053 3344 1285 3420 comperisset-5,

69 3422 189 3483 Cineas
216 3421 316 3493 dixit,
345 3442 459 3502 regum
483 3441 518 3480 se
542 3423 690 3500 patratam
710 3418 842 3491 vidisse,
871 3421 994 3481 scilieet
1015 3422 1096 3481 tales
1122 3424 1279 3502 z'llr'cfcm

70 3526 204 3576 omnes,
227 3504 332 3587 qualis
352 3525 432 3562 unus
452 3502 596 3582 Pyrrhus
615 3499 704 3582 apud
708 3505 1083 3594 ‘Eprruna-etseliquam
1109 3510 1280 3567 Graeciam

69 3598 276 3670 putaretur..
299 3585 389 3646 Missi
418 3595 494 3661 sunt
519 3593 632 3649 contra
652 3583 954 3663 -Pyr1·hum='duces
988 3587 1026 3644 P.
1058 3586 1221 3667 Sulpicius
1246 3598 1279 3650 et

69 3670 195 3733 Decius
220 3672 309 3742 Mus,
343 3667 508 3729 Consules.
553 3668 734 3729 Certamine
755 3669 927 3729 commisso
948 3665 1096 3749 Pyrrhus
1120 3670 1277 3729 vulnera..
1344 3680 1346 3690 ·

69 3762 128 3813 tus
152 3761 218 3825 est,
253 3750 416 3831 elephanti
441 3752 633 3821 interfecti,¹
658 3749 721 3807 XX
745 3750 848 3810 millia
878 3771 967 3811 caesa
999 3750 1164 3824 hostium,
1187 3761 1278 3813 etex

69 3836 230 3899 Rornanis
252 3842 376 3892 tantum
396 3834 540 3916 quinque
560 3832 675 3895 millia.
715 3829 867 3909 Pyrrhus
885 3833 1062 3893 Tarentum
1083 3834 1221 3916 fugatus.

69 3952 75 3981 ι
116 3918 210 3981 XIV.
241 3917 419 3978 Interiectu
441 3938 544 3989 anno,
566 3924 680 3977 contra
701 3910 865 3994 Pyrrhum
886 3914 1057 3975 Fabricius
1074 3926 1125 3975 est
1146 3918 1275 3979 missus:

73 4004 132 4087 qui
158 4003 249 4084 prius
282 4000 368 4067 inter
399 3998 521 4081 legatos
550 3996 721 4059 sollicitari
746 4015 813 4054 nou
842 4004 1014 4075 potuerat,
1046 4002 1161 4078 quarta¹
1184 4010 1279 4082 parte

71 4089 167 4168 regni
188 4084 361 4167 promissa.
405 4082 511 4155 Tum,
532 4102 631 4163 quum
652 4077 884 4141 vicinaeastra
908 4078 976 4159 ipse
991 4089 1023 4139 et
1037 4100 1094 4141 rex
1107 4082 1276 4157 haberent,

70 4168 220 4229 medicus
255 4164 377 4225 Pvrrhi
413 4164 454 4225 ad
482 4186 556 4225 eum
585 4170 681 4224 nocte
709 4160 1060 4240 venit,·pronaittens‚
1091 4184 1124 4225 se
1154 4187 1277 4225 veneno

69 4250 241 4330 Pyrrhum
263 4234 467 4319 occisurum,
490 4249 517 4307 si
539 4247 601 4307 sibi
626 4244 994 4325 aliquidpolliceretur.
1038 4247 1141 4323 Quem
1165 4248 1279 4307 Fabri·

70 4335 146 4396 cius
169 4333 309 4393 vinctum
337 4330 450 4392 reduci
475 4328 568 4389 iussit
589 4326 628 4386 ad
649 4326 838 4396 «lominum,
869 4324 1064 4409 Pyrrhoque
1087 4328 1172 4399 dici,
1197 4352 1280 4411 quae

73 4425 192 4479 contra
225 4424 320 4494 caput
346 4413 414 4473 rius
446 4412 589 4473 medicus
618 4408 857 4489 spopondisset.
902 4411 994 4469 Tunc
1024 4432 1081 4472 rex
1102 4410 1279 4475 aduriratu's

73 4520 174 4571 cunr,
200 4496 317 4557 dixisse
339 4499 465 4557 sertur:
487 4497 547 4557 Ille
569 4504 613 4553 est
636 4494 823 4563 Fabricius,
838 4498 907 4574 ,qai
934 4493 1093 4571 difficilius
1112 4495 1153 4553 ab
1174 4492 1278 4553 lame.

73 4594 171 4657 state,
193 4602 290 4664 quam
309 4583 361 4642 sol
377 4602 399 4639 a.
420 4602 516 4641 cursu
536 4600 594 4641 suo
615 4582 720 4640 averti
735 4586 855 4659 potest.
896 4577 986 4641 Tum
1002 4600 1069 4643 rex
1081 4577 1124 4639 'tn
1140 4576 1303 4641 h'xc'xixam
