2850 4958
114 290 224 370 ,H

160 430 1377 513 W,

478 717 520 792 c
544 713 741 825 vesunu
774 714 1058 791 raraacum

162 903 758 1025 nrsronmn
827 876 1317 1021 ROMANAE
1399 909 1415 979 ν

502 1103 569 1178 AD
595 1103 647 1178 Μ.
673 1100 906 1182 VINICIUM
934 1100 1038 1177 COS.

645 1326 829 1403 arnan
856 1327 903 1402 11.
1004 1282 1010 1289 ’

586 1459 961 1487 nna-*⁸¹-

164 1596 195 1660 1.
217 1538 415 1667 Potentiae
439 1596 663 1677 Romanorum
682 1599 783 1682 prior
811 1599 924 1680 Scipio
946 1596 1034 1659 vlam
1055 1602 1254 1677 aperuerat,
1276 1595 1380 1659 luxu·

165 1682 237 1744 riae
273 1682 441 1765 posterior
482 1681 622 1763 aperuit.
680 1683 813 1764 Quippe
852 1688 981 1743 remoto
1025 1677 1228 1761 Carthaginis
1266 1688 1380 1751 metu,

165 1762 359 1847 sublataque
381 1764 512 1844 imperii
535 1762 659 1825 aemula
672 1811 681 1839 ,
711 1787 778 1826 non
799 1764 919 1847 gradu,
948 1760 1003 1822 scd
1025 1760 1199 1844 praecipiti
1223 1782 1322 1837 cursu
1335 1780 1381 1837 ,a

166 1847 291 1906 virtute
314 1846 483 1918 descitum,
506 1844 546 1907 ad
568 1845 648 1907 vitia
669 1855 910 1918 transcursum3
933 1853 1024 1905 retus
1046 1843 1216 1926 disciplina
1241 1843 1395 1916 deserta„

166 1949 252 1989 nova
274 1927 428 2000 inductam,
452 1928 485 1987 in
506 1950 656 1990 somnum
680 1952 698 1989 a
726 1927 859 2011 vigiliis,
883 1929 922 1988 ab
946 1927 1043 1987 armis
1066 1926 1106 1988 ad
1127 1926 1334 2008 voluptates,
1365 1948 1381 1985 a

166 2010 309 2094 negotiis
332 2011 366 2070 in
390 2011 494 2071 otium
525 2033 680 2073 conversa
703 2012 828 2073 civitas.
872 2011 956 2070 'sum
978 2009 1091 2092 Scipio
1115 2010 1230 2071 Nasica
1264 2010 1298 2070 in
1322 2012 1382 2071 Ca-

167 2092 289 2176 pitolio
326 2094 497 2175 porticus,
529 2102 627 2169 tum,
663 2116 742 2178 quas
775 2093 1004 2174 praediximus,
1042 2092 1213 2167 Metellus,
1250 2093 1382 2171 tum-iu

169 2177 267 2238 Circo
284 2176 342 2236 Cn.
359 2175 515 2238 Octavius
536 2177 639 2240 multo
662 2175 1060 2249 amoenissimammoliti
1084 2184 1176 2236 sunt:
1199 2176 1383 2256 publicam·

169 2279 233 2343 que
257 2258 530 2341 magnificentiam
560 2270 670 2321 secuta
698 2261 828 2343 privata
853 2259 983 2322 luxuria
1012 2268 1069 2320 est.
1115 2260 1224 2320 Triste
1246 2258 1382 2330 deinde,

169 2351 204 2404 et
225 2341 497 2404 contumeliosum
530 2343 652 2404 bellum
685 2345 719 2404 in
751 2344 927 2424 Hispania,
958 2341 1041 2403 duce
1071 2341 1239 2404 latronum
1269 2338 1383 2402 Viria-

169 2422 254 2500 tho,
276 2434 423 2501 secutum
446 2432 505 2499 cst,
528 2427 617 2509 quod
639 2427 684 2487 ita
705 2426 795 2488 varia
816 2429 949 2487 fortuna
971 2434 1096 2508 gestum
1119 2435 1177 2498 est,
1201 2433 1238 2490 ut
1258 2424 1382 2507 saepius

126 2571 128 2585 ,
168 2506 394 2569 Romanorum
415 2518 585 2592 gereretur
606 2509 749 2570 adversa.
792 2507 857 2569 Sed
881 2510 1054 2569 interemto
1079 2507 1248 2582 Viriatho,
1271 2506 1384 2569 fraude

169 2590 274 2688 magis
294 2610 392 2674 quam
412 2591 534 2653 virtute
554 2591 686 2653 Servilii
709 2591 892 2673 Caepionis,
915 2593 1147 2652 Numantinum
1170 2592 1299 2675 gravius
1322 2611 1383 2650 ex-

171 2679 263 2733 arsit.
306 2675 396 2735 Haec
417 2674 495 2736 urbs
523 2696 699 2758 numquam
728 2673 824 2756 plura
849 2695 945 2755 quam
967 2674 997 2733 X
1017 2674 1119 2736 millia
1150 2675 1308 2757 propriae
1332 2673 1389 2737 iu-.

170 2756 314 2816 ventutis
345 2757 506 2832 armavit,
536 2756 611 2832 sed,
642 2757 694 2821 vel
714 2759 838 2819 ferocia
863 2758 1001 2840 ingenii,
1025 2758 1076 2820 rel
1100 2757 1226 2819 inscitia
1248 2763 1385 2818 nostru-

171 2856 248 2900 rum
278 2837 417 2916 ducum,
447 2840 500 2903 rel
526 2843 679 2902 fortunae
706 2840 927 2924 indulgentia,
951 2863 1051 2924 quum
1075 2842 1156 2902 alios
1179 2839 1294 2914 duces,
1317 2847 1385 2901 tum

171 2921 391 3004 Pompeium,
424 2924 531 3007 magni
561 2924 703 2985 nominis
729 2925 858 2995 virum,
881 2923 921 2984 ad
943 2925 1129 3006 turpissima
1157 2922 1291 2984 deduxit
1312 2922 1385 2983 foe-

172 3003 274 3081 dera,
311 3005 379 3084 (hic
408 3007 534 3088 primus
556 3028 573 3067 e
594 3008 760 3089 Pompeiis
780 3007 900 3068 Consul
920 3008 1015 3085 fuit,)
1037 3027 1095 3065 nec
1117 3005 1284 3067 minusad
1305 3015 1384 3067 tur-

172 3089 230 3189 pia
254 3100 291 3149 a'c
312 3089 516 3151 detestabilia
540 3091 727 3153 Mancinum
758 3090 940 3151 Consulem.
982 3087 1045 3148 Sed
1066 3088 1260 3169 Pompeium
1284 3089 1386 3173 gratia

174 3173 374 3250 impunitum
404 3173 540 3234 habuit:
577 3175 762 3234 Mancinum
784 3169 997 3241 uerecundia,
1022 3170 1136 3252 culpae
1157 3192 1298 3252 poenam
1320 3193 1385 3233 non

175 3254 369 3328 recusando,
392 3255 547 3334 perduxit
567 3254 643 3326 huc,
667 3263 703 3312 ut
723 3273 784 3333 per
805 3250 943 3312 Fetiales
963 3250 1079 3326 nudus,
1104 3274 1140 3312 ac
1161 3264 1238 3336 post
1258 3263 1386 3339 tergum

174 3331 323 3414 religatis
352 3335 522 3409 manibus,
555 3333 731 3394 dederetur
756 3332 918 3395 hostibus.
963 3335 1067 3412 Quem
1098 3334 1148 3395 illi
1178 3339 1328 3422 recipere
1355 3358 1386 3399 se

175 3421 392 3497 negaverunt,
423 3415 508 3477 sicut
529 3413 691 3497 quondam
716 3414 852 3477 Caudini
873 3417 1042 3493 fecerunt,
1074 3417 1240 3495 dicentes,
1267 3423 1384 3504 publi·

175 3518 252 3558 cam
271 3498 479 3571 rr'olatr'onem
487 3499 576 3578 fidei
596 3519 659 3557 non
678 3497 790 3558 debere
814 3505 908 3571 unius
926 3501 976 3559 lui
995 3506 1162 3582 sanguine.

221 3579 266 3639 ΙΙ.
297 3580 475 3642 Immunem
505 3579 629 3642 deditio
664 3582 807 3643 Mancini
843 3582 983 3643 civitatis
1013 3584 1117 3645 movit
1141 3585 1384 3649 dissensionem.

175 3661 408 3747 QuippeTib.
430 3663 607 3737 Gracchus,
630 3664 706 3726 Tib.
731 3666 871 3727 Gracchi
892 3665 1062 3728 clarissimi
1085 3677 1181 3751 atque
1196 3670 1389 3732 eminentis-

178 3745 254 3809 cim'i
284 3747 348 3807 viri
377 3745 485 3823 filius,
516 3747 555 3810 P.
578 3748 705 3809 Afriani
737 3770 779 3810 ex
804 3749 872 3808 filia
904 3770 1026 3831 nepos,
1045 3773 1124 3834 ¹quc
1151 3753 1333 3830 Quaeatcre
1357 3761 1389 3815 et

144 3830 149 3839 “
178 3836 315 3890 auctore
335 3826 369 3891 id
396 3829 511 3891 foedus
532 3832 633 3892 ictum
660 3839 741 3905 crat,
762 3853 848 3893 nunc
869 3835 1013 3915 graviter
1033 3836 1139 3895 ferens
1168 3833 1290 3916 aliquid
1312 3856 1328 3892 a
1353 3856 1390 3898 se

178 3911 304 3973 sactum
328 3910 498 3987 infirmari,
519 3937 605 3976 nunc
627 3913 740 3975 similis
761 3915 812 3976 rel
834 3915 948 3977 iudicii
962 3916 1014 3978 vel
1027 3938 1152 3999 poenae
1165 3926 1308 3979 metuens
1324 3915 1390 3980 dis·
1424 3921 1425 3942 ¹

180 3993 318 4077 crimen,
338 3991 505 4058 Tribunus
518 3997 625 4080 plebis
643 4004 791 4072 creatus,
821 3996 888 4075 (vir
907 3993 1040 4084 alioqui
1062 4000 1127 4060 vita
1148 3999 1387 4067 innocentissi.

181 4097 274 4151 mus,
307 4076 437 4160 ingenio
463 4078 731 4154 florentissimus,
752 4083 927 4169 proposito
949 4081 1188 4157 sanctissimus,
1210 4082 1309 4161 tantis
1327 4084 1387 4146 de-

180 4158 281 4242 nique
303 4159 479 4223 adornatus
499 4163 698 4237 virtutibus,
730 4171 864 4246 quantas
893 4166 1038 4246 perfecta
1071 4174 1103 4228 et
1133 4172 1244 4226 natura
1273 4175 1305 4227 et
1327 4168 1386 4229 in·-

181 4240 306 4304 dustria
334 4243 482 4307 mortalis
504 4245 650 4308 conditio
680 4246 814 4327 recipit)
842 4246 880 4308 P.
905 4247 1015 4309 Mucio
1044 4246 1218 4323 Scaevola,
1241 4248 1280 4310 L.
1314 4250 1389 4312 Cal-

179 4326 302 4409 purnio
339 4326 426 4389 Coss.
458 4326 578 4390 abhinc
608 4351 708 4393 annos
736 4330 851 4391 CLXII
883 4328 1019 4392 descivit
1051 4354 1069 4392 a
1097 4332 1204 4393 bonis.
1246 4332 1401 4395 Pollici-'

78 4437 83 4446 ¹
179 4414 232 4469 tur
280 4428 298 4468 e
328 4409 390 4470 toti
418 4410 534 4473 Italiae
555 4412 740 4486 civitatem,
770 4411 866 4474 siniul
895 4412 991 4471 etiam
1016 4412 1230 4495 promulgatis
1252 4417 1388 4495 agrariis

179 4430 327 4672 legiJut,
349 4493 499 4555 ornatibus
521 4495 630 4555 statim
652 4495 802 4579 [statum]
824 4495 1131 4575 concupiscentibus
1152 4500 1389 4580 [concutienti-

179 4570 240 4670 bus
268 4619 278 4647 ,
299 4593 421 4637 summa
444 4576 516 4641 imis
538 4577 746 4653 miamin-et
765 4579 798 4641 in
818 4587 1033 4663 praeruptum
1051 4583 1389 4666 atqucancepsperi-

179 4672 312 4735 lsi-‘crta
336 4701 339 4709 ·
