2850 4958
340 307 585 389 suttona
632 300 740 393 Ctlt
768 330 830 392 n.
854 332 910 395 rs.
1004 370 1011 384 .
1168 319 1251 418 275·
1320 358 1324 363 -

37 472 130 543 Urbi
160 478 404 563 provinciisque
435 480 605 554 intulerit,
637 478 719 544 adeo
749 491 787 544 at
817 503 891 544 sum
918 478 1048 544 delicias
1080 481 1248 566 publicas,
1336 472 1341 483 ’

35 564 127 627 sieut
157 563 318 637 diximus,
345 564 569 645 appellantes,
606 567 697 648 quasi
728 576 890 651 perpetuo
925 567 1062 629 custode
1097 567 1250 630 orbatum

29 652 201 710 terrarum
226 648 341 713 orbem
364 646 534 713 deflerent.
634 696 638 703 .

484 829 709 939 carun
749 831 809 915 xa.

454 968 486 1009 r.
510 944 602 1010 uuir.
625 934 833 1029 nonssssnus.

83 1094 305 1172 Domitianus,
326 1091 519 1181 Vespasiani
541 1110 574 1163 et
593 1095 785 1162 Domitillae
803 1098 943 1161 libertae
964 1097 1061 1176 lilius,
1083 1121 1255 1187 germanus

21 1172 107 1263 'riti
122 1191 136 1254 ,'
155 1181 329 1261 imperavit
351 1204 452 1244 annos
474 1184 672 1269 quindecim.
714 1180 776 1241 Ille
795 1183 906 1264 primo
932 1182 1136 1246 clementiam
1156 1188 1254 1250 simu·
1275 1198 1295 1251 t

20 1254 128 1337 lans,
161 1284 267 1346 neque
298 1264 379 1327 adeo
409 1267 495 1328 iners
517 1268 629 1342 domi,
659 1262 815 1347 belloque
838 1265 1037 1329 tolerantior
1056 1268 1250 1333 videbatur:

22 1338 232 1427 idcircoque
264 1348 373 1410 Cattos
402 1351 646 1435 Germanosque
677 1347 819 1424 devicit,
854 1349 904 1409 ius
933 1348 1126 1432 aequissime
1157 1351 1254 1415 dixit.

18 1425 161 1507 Itomae
182 1426 281 1492 multa
303 1428 450 1492 aedificia
471 1433 523 1496 vel
547 1441 684 1519 coepta,
706 1429 758 1493 vel
779 1452 796 1491 a
816 1430 1034 1494 fundamentis
1056 1428 1252 1498 construxit.
1274 1435 1297 1498 3

18 1510 285 1590 Bibliothecas,
318 1515 469 1578 incendio
502 1526 706 1592 consumtus,
732 1514 846 1595 petitis
872 1512 1037 1598 undique,
1060 1519 1297 1600 praesertimn

17 1592 259 1670 Alexandria,
291 1594 469 1679 exemplis,
498 1594 673 1682 reparavit.
717 1598 917 1683 Sagittarum
938 1606 1005 1658 tam
1029 1598 1146 1661 doctus
1170 1599 1297 1677 fuit,5

19 1685 75 1753 ast
100 1680 186 1739 inter
205 1689 352 1760 patentes
372 1678 492 1766 digitos
515 1692 663 1744 extentae
687 1703 798 1742 manus
823 1681 888 1741 viri
911 1679 1031 1761 procul
1053 1683 1154 1765 positi
1177 1684 1253 1767 spi·

23 1758 111 1823 cula
134 1762 382 1828 transvolarent.
427 1765 556 1828 Dehinc
588 1775 683 1828 atrox
705 1763 878 1836 caedibus,
906 1765 1073 1826 bonorum
1092 1762 1297 1849 supplicisli

26 1856 136 1946 agere
160 1845 290 1946 coepit,
322 1870 381 1923 ac,
404 1862 497 1911 mor'e
520 1851 555 1911 C.
579 1847 758 1933 Caligulae,
787 1847 967 1909 Dominum
992 1870 1061 1911 sese
1082 1851 1255 1936 Deumque
1286 1926 1291 1931 Ι

27 1926 105 1991 daci
137 1931 263 2012 coligit:
296 1933 468 2015 segnisque
500 1932 659 2011 ridicule,
692 1929 828 1993 remotis
861 1930 1033 2006 omnibus,
1070 1955 1257 1997 muscarum
1284 1970 1290 1983 =

29 2010 166 2097 agmina
187 2015 455 2096 persequebatur.
499 2015 624 2077 Furens
644 2012 800 2076 libidine:
830 2013 922 2074 cuius
942 2015 1077 2077 foedum
1099 2018 1301 2104 exerciti-7

26 2117 94 2161 nm
126 2090 327 2158 Graecorum
350 2098 461 2182 lingua
492 2096 701 2167 absconditas
729 2095 878 2158 vocabat.
929 2096 1016 2161 Hinc
1045 2103 1298 2183 percontanti8

25 2176 189 2252 cuidam,
221 2180 433 2266 quisquamne
464 2181 498 2242 in
530 2180 652 2267 palatio
685 2190 786 2254 esset,
820 2200 1035 2263 responsum:
1067 2188 1257 2248 Nemeseo
1369 2250 1372 2256 ,

32 2261 175 2349 quidem.
219 2264 279 2324 llis
309 2264 377 2325 eius
406 2263 570 2339 saevitiis,
603 2284 640 2325 ac
661 2262 801 2324 maxime
823 2263 944 2324 iniuria
960 2265 1166 2342 verborum,
1190 2290 1297 2357 qua9

35 2353 186 2408 scortum
206 2347 317 2409 vocari
330 2345 497 2422 dolebat,
534 2367 686 2407 accensus
707 2344 887 2417 Antonius,
911 2367 1028 2408 curans
1050 2349 1261 2415 Germaniam

36 2427 266 2510 superiorem,
291 2430 466 2514 imperium
488 2429 665 2512 corripuit.
709 2430 783 2506 Quo
805 2426 868 2507 'per
896 2427 1089 2492 Norbanum
1111 2433 1301 2519 Appiumso
1407 2432 1408 2439 '

38 2514 112 2574 acie
133 2522 261 2585 strato,
284 2514 492 2574 Domitianus
511 2512 608 2595 longe
630 2510 762 2582 tetrior,
784 2510 817 2570 in
840 2530 936 2570 omne
955 2509 1127 2573 bominum
1145 2535 1257 2596 genus,
1284 2524 1287 2531 '

37 2596 140 2658 etiam
162 2595 194 2656 in
216 2617 314 2668 suos,
337 2597 482 2659 ferarum
503 2616 596 2657 more
617 2594 835 2677 grassabatur.
877 2590 986 2676 lgitu'r
1005 2605 1094 2659 metu
1116 2597 1299 2662 crudeli-11

35 2683 116 2739 tatis
147 2687 180 2737 et
212 2678 430 2739 conscientiae
460 2698 536 2739 suae
568 2678 781 2739 coniuravere
812 2666 986 2759 plerique,
1019 2676 1256 2762 impulsoribus
1300 2686 1304 2693 '

34 2758 243 2834 Parthenio,
275 2768 476 2844 procurante
507 2758 714 2833 cubiculum,
749 2767 781 2820 et
804 2758 993 2841 Stephano,
1027 2769 1178 2841 et,tum
1210 2762 1255 2828 ob

36 2844 188 2907 fraudem
211 2842 410 2926 interceptae
430 2844 588 2927 pecuniae
609 2842 807 2928 supplicium
830 2851 1051 2926 suspectante,
1077 2845 1256 2923 Clodiano,

38 2926 164 2991 adscita
192 2926 290 2988 etiam
311 2925 345 2987 in
367 2928 540 3009 consilium
564 2928 694 3012 tyranni
716 2936 821 2989 uxore
849 2926 1018 3001 Domitia,
1042 2926 1085 2988 ob
1108 2936 1255 2994 amorem
1279 2924 1285 2945 ⁸

36 3007 170 3074 Paridis
189 3008 360 3071 histrionis
382 3011 570 3095 aprincip'e
592 3013 755 3073 cruciatus
774 3007 983 3073 formidante.
1027 3006 1296 3089 Domitianumta

37 3092 152 3158 multis
171 3092 361 3156 vulneribus
382 3094 588 3167 confodiunt,
611 3103 688 3174 post
709 3104 827 3181 annus'u
849 3092 1054 3177 quintum-et
1071 3093 1255 3197 quadrage-

38 3177 156 3240 simum
178 3177 275 3239 vitae.
320 3177 365 3238 At
384 3178 520 3240 Senatus
541 3176 731 3255 gladiatoris
753 3198 846 3239 more
866 3176 1105 3253 iunus'efferrs,
1128 3177 1298 3259 reden-13

38 3260 182 3344 dumque
195 3282 316 3322 nomen
330 3259 487 3323 decrevit.
530 3262 635 3325 Huius
647 3254 806 3343 ¹tempore
819 3260 1000 3323 saeculares
1012 3260 1082 3322 ludi
1098 3260 1297 3342 celebratir'd

35 3344 127 3407 'sunt
169 3343 332 3407 Hactenus
351 3344 503 3420 Romae,
518 3367 575 3407 seu
595 3367 669 3428 per.
681 3342 899 3425 Italiamjorti
921 3342 1096 3426 imperium
1116 3346 1292 3412 rexeretsb

37 3426 120 3490 bine
141 3425 291 3489 advenae.
333 3427 430 3492 Unde
451 3438 656 3511 compertum
679 3436 738 3503 est,
760 3426 876 3489 urbem
889 3426 1026 3489 Romam
1042 3430 1253 3491 externorum

39 3507 164 3568 virtute
192 3510 340 3573 crevisse.
384 3510 473 3590 Quid
502 3512 588 3575 enim
610 3515 716 3576 Nerva
738 3508 932 3594 prudentius
945 3518 1010 3572 ‘aut
1032 3510 1255 3577 moderatius?

42 3589 125 3677 quid
147 3590 290 3655 Traiano
313 3591 477 3660 divinius?
509 3597 590 3681 quid
610 3594 828 3683 praestantius
852 3589 1040 3658 Hadriano?
1072 3610 1075 3615 ·
1143 3610 1146 3615 ·
1238 3604 1241 3609 ’

460 3740 703 3879 'carun
743 3732 821 3879 au:

512 3926 664 3970 COCCEIM
684 3922 799 3967 NERVA·

85 4055 242 4121 Cocceius
263 4056 391 4131 Nerva,
415 4053 538 4140 oppido
559 4056 733 4121 Narniensi
754 4056 901 4142 genitus,
934 4055 1109 4141 imperavit
1130 4062 1254 4123 menses

45 4139 207 4217 sedecim,
241 4140 311 4204 dies
340 4139 463 4203 decem.
507 4141 573 4202 Iste
604 4160 705 4223 mam
735 4140 911 4219 imperium
939 4141 1152 4223 suscepisset,
1177 4163 1256 4204 mox
1273 4161 1296 4205 a

43 4241 178 4284 rumore
199 4234 287 4301 orto,
309 4223 420 4286 vivere
440 4233 537 4308 atque
558 4223 675 4287 adfore
695 4223 932 4298 Domitianum,
947 4223 1084 4305 perinde
1098 4224 1253 4304 trepida-

42 4305 113 4378 vit,
136 4315 174 4366 ut
196 4309 308 4372 colore
328 4316 477 4382 mutato,
505 4307 615 4371 serbis
641 4307 783 4382 amissis,
814 4307 870 4369 six
900 4308 1105 4369 consisteret.
1146 4309 1211 4370 Sed
1233 4332 1279 4370 a·-

42 4385 224 4453 Parthenio
245 4391 475 4465 confirmatus,
503 4399 636 4474 recepta
659 4391 799 4466 fiducia,
822 4391 862 4453 ad
883 4390 1028 4453 talemne
1048 4390 1271 4454 delenimen-·

41 4480 113 4534 tum
140 4493 313 4538 consessas
343 4485 404 4543 est,
443 4474 509 4555 Qui
536 4476 705 4558 quum:'in
735 4476 910 4537 curiam-a
941 4474 1061 4535 Senatu
1092 4476 1297 4557 gratanterb

44 4563 200 4639 exceptus
222 4568 326 4634 esset,
348 4558 436 4623 solus
457 4580 496 4621 es
517 4557 669 4620 omnibus
688 4557 807 4623 Arrius
827 4556 1004 4631 Antonius,
1031 4557 1084 4616 vir
1103 4578 1180 4619 ocor
1199 4559 1279 4619 ei·-

43 4660 112 4725 qus
131 4639 355 4718 amicissimus,
376 4640 1050 4789 conditionemissperautiumzprudenter
1062 4641 1258 4724 exprimam,
