2850 4958
107 273 178 357 186
536 350 539 355 ,
590 270 835 349 sussortt
882 286 889 301 '

104 445 231 507 motura
250 434 538 523 praetorianorum
558 442 657 517 atque
676 434 834 497 Maxentii
861 431 1001 495 Severus
1022 430 1166 507 Caesar,
1191 429 1245 495 ua
1297 512 1303 521 ῃ

104 522 220 583 missus
249 542 268 591 a
299 519 431 583 Galerio
445 566 455 595 ,
471 522 562 581 scum
593 519 740 579 exercitu
769 518 880 579 venit:
918 516 1143 599 obsidensque
1177 516 1254 579 Urb

104 604 246 667 militum
270 624 404 665 suorum
424 601 547 665 scelere
569 601 717 662 desertus
739 609 799 663 est.

133 688 208 759 ,111.
239 686 364 747 ductae
384 686 550 748 Maxentio
573 705 675 766 opes,
704 684 997 765 confirmatumque
1023 682 1218 765 imperium.

103 791 199 835 serus
219 770 346 854 fugiens
366 770 535 833 Ravennae
557 768 748 830 interfectus
769 776 828 829 est.
872 764 1047 827 Herculius
1070 774 1185 827 tamen

103 854 230 927 mianus
250 852 427 937 posthaec
447 854 481 913 in
502 851 664 913 concione
686 853 848 914 exercitus
870 849 974 910 filium
995 850 1203 911 Maxentium
1272 856 1275 865 '

104 935 183 999 dare
215 945 366 1010 conatus,
396 935 592 997 seditionem
622 943 656 995 et
685 935 834 997 convicia
865 933 1007 995 militurn
1035 932 1125 995 tulit.
1171 934 1281 997 Inde'
1353 966 1355 987 =

103 1018 226 1089 Gallias
254 1022 424 1103 profectus
451 1026 518 1092 est,
549 1016 628 1079 dolo
657 1021 865 1100 composito,
893 1026 1059 1100 tamquam
1090 1037 1107 1077 a
1133 1012 1209 1080 illio

106 1102 278 1186 expulsus,
317 1112 356 1175 ut
390 1102 603 1164 Constantino
640 1122 761 1183 genero
793 1104 1001 1184 iungeretur:
1039 1099 1183 1163 moliens
1217 1109 1248 1163 ta

104 1186 353 1247 Constantinum
383 1196 514 1266 reperta
547 1186 719 1249 occasione
751 1184 957 1258 interficere,
988 1180 1046 1268 qui
1077 1183 1113 1245 in
1146 1182 1264 1248 Galliis

103 1268 247 1333 militum
275 1279 308 1329 et
333 1267 588 1351 provincialium
618 1267 742 1350 ingenti
770 1270 834 1331 iam
866 1269 980 1329 favore
1008 1266 1193 1350 regnabat,
1225 1290 1260 1331 ca

103 1351 241 1421 Francis
261 1360 359 1435 atque
378 1349 588 1423 Alemannis,
610 1351 781 1434 captisque
802 1372 916 1415 eorum
936 1350 1087 1432 regibus,
1119 1372 1210 1433 quos
1229 1351 1311 1423 etitu

102 1434 240 1509 bestiis,
260 1455 362 1518 quum
382 1434 588 1519 magnificum
609 1434 831 1516 spectaculum
852 1434 997 1496 muneris
1010 1443 1172 1515 parasset,
1190 1434 1310 1503 obiesitt

102 1517 249 1597 Retectis
279 1519 382 1603 igitur
409 1518 538 1581 insidiis
565 1536 627 1599 per
659 1518 809 1581 Faustam
841 1516 958 1590 filiain,
990 1516 1225 1601 quaedolum
1252 1518 1311 1583 viso

102 1602 330 1675 nuntiaverat,
359 1602 510 1685 profugit
534 1597 727 1675 Herculius,
760 1602 989 1683 Massiliaeque
1011 1606 1267 1683 oppressus‚(ex
1284 1624 1313 1671 ee

106 1686 224 1748 etenim
255 1686 407 1768 navigare
435 1688 476 1749 ad
508 1684 611 1747 filium
633 1686 866 1767 praeparabat)
886 1704 1008 1766 poenas
1030 1684 1123 1745 dedit
1145 1682 1312 1748 iustissimo*

104 1769 211 1832 exitu:
244 1768 297 1829 vir
318 1768 358 1829 ad
380 1790 509 1833 omnem
531 1767 740 1849 asperitatem
761 1769 1000 1853 saevitiamque
1020 1766 1220 1851 proclivus,
1244 1768 1314 1831 int-

104 1852 186 1926 dus,
209 1851 457 1927 incommodus,
480 1850 647 1912 civilitatis
670 1852 800 1932 penitus
822 1870 948 1933 expers.
993 1870 997 1875 ·

146 1936 209 2000 lv,-
238 1934 304 1995 Per
328 1934 394 1995 boc
417 1944 542 2015 tempus
564 1956 582 1994 n
605 1932 737 1995 Galerio
762 1954 966 1996 nscsnsus
988 1933 1182 2012 Imperator
1203 1942 1253 1997 est
1271 1935 1314 1995 fa·

104 2027 199 2092 etus,
219 2016 322 2079 Dacia
343 2017 522 2090 oriundus,
544 2024 642 2077 notus
665 2018 694 2077 ei
710 2016 842 2099 antiqua
857 2016 1105 2091 consuetudine,
1123 2026 1160 2078 et
1174 2018 1212 2079 in
1225 2018 1315 2093 bellet

106 2101 197 2187 quod
219 2099 371 2162 adsessos
391 2098 550 2161 Narseum
570 2109 727 2182 gesserat,
746 2102 886 2163 strenuis
908 2100 1077 2163 laboribus
1094 2108 1128 2161 et
1142 2100 1316 2163 officiisao·

104 2193 230 2268 ceptus.
251 2182 343 2244 Mors
355 2183 478 2247 Galerii
494 2182 665 2245 confestim
680 2193 786 2244 secuta
800 2192 858 2247 est.
882 2182 1325 2267 ltaqueltespublicatunce¹

103 2269 198 2331 novis
244 2274 363 2328 uatuor
383 2265 642 2350 Imperatoribus
660 2268 844 2341 tenebatur,
862 2268 1074 2330 Constantino
1091 2276 1125 2329 et
1138 2267 1316 2343 Maxentio,

103 2351 180 2415 filiis
215 2287 463 2433 {agnatorum
504 2349 632 2411 Licinio
670 2359 703 2411 et
738 2351 945 2424 Maximino,
985 2350 1079 2413 novis
1115 2350 1317 2417 bominibust

104 2435 230 2514 Quinto
260 2442 368 2497 tamen
400 2433 629 2494 Constantinus
662 2433 794 2515 imperii
822 2435 874 2495 sui
898 2454 982 2495 anno
1005 2433 1128 2497 bellurn
1151 2434 1318 2505 adversust

104 2516 308 2582 Maxentium
328 2516 424 2579 civile
444 2517 644 2589 commovit,
678 2519 789 2600 copias
818 2517 886 2578 eius
912 2515 1022 2578 multis
1048 2516 1193 2601 proeliis
1215 2518 1317 2581 {adite

104 2601 212 2684 ipsum
232 2608 400 2684 postremo
421 2599 545 2661 Rornae
570 2598 721 2661 adversus
745 2599 872 2662 nobiles
900 2601 1049 2662 omnibus
1074 2598 1188 2663 exitiis
1213 2602 1319 2663 saevi·

106 2693 234 2758 eutem,
256 2682 343 2765 apud
364 2691 499 2766 pontem
519 2680 678 2743 Mulvium
699 2685 797 2757 vicit,
820 2683 980 2766 Italiaque
1002 2692 1049 2745 est
1069 2685 1214 2767 potitus.
1248 2686 1318 2747 Iton

102 2766 208 2833 multo
231 2765 384 2849 deinceps
404 2766 439 2827 in
462 2765 599 2828 Oriente
621 2787 751 2851 quoque
771 2766 922 2829 adversus
944 2767 1106 2829 Licinium
1121 2768 1318 2833 Maximinus

103 2870 157 2919 res
190 2871 290 2912 novas
324 2849 488 2924 molitas,
528 2848 672 2914 vicinum
710 2851 847 2915 exitium
879 2851 1019 2913 fortuita
1054 2850 1143 2933 apud
1183 2852 1318 2915 Tarsum

103 2942 214 2997 morte
232 2934 414 3015 praevenit.
455 3003 458 3010 ,
496 2930 500 2937 ’
1107 2942 1110 2947 “
1313 2976 1318 2997 .

110 3072 114 3079 .
146 3017 190 3081 V.
228 3019 558 3079 consumans
590 3025 721 3092 tamen,
751 3014 804 3078 vir
830 3016 964 3100 ingens,
997 3024 1028 3077 et
1060 3018 1173 3079 omnia
1194 3016 1318 3081 efficere

104 3100 233 3174 nitens,
257 3121 340 3184 quac
360 3100 469 3161 animo
489 3110 733 3184 praeparasset,
754 3100 850 3163 simul
872 3098 1092 3182 principatum
1107 3100 1215 3163 totius
1230 3102 1320 3165 orbis

104 3182 280 3257 adfectans,
302 3181 429 3244 Licinio
452 3183 573 3245 bellum
596 3184 727 3257 intulit3
749 3185 894 3267 quamvis
915 3183 1118 3245 necessitudo
1142 3194 1179 3246 et
1194 3184 1318 3249 'adlini-

103 3272 154 3327 tas
173 3278 249 3327 eum'
269 3285 308 3326 eo
330 3275 428 3325 esset:
451 3287 525 3327 nam
546 3286 643 3328 soror
665 3268 851 3329 Constantia
873 3276 975 3350 nupta
995 3266 1124 3329 Licinio
1148 3278 1235 3332 erat.
1271 3268 1321 3331 Ao

103 3349 213 3430 primo
235 3367 307 3407 eum
329 3346 363 3406 in
384 3347 551 3410 Pannonia
573 3349 733 3424 secunda,
756 3350 878 3433 ingenti
901 3358 1060 3434 apparatu
1082 3349 1210 3413 bellum
1224 3350 1346 3435 apud.

105 3428 233 3499 Cibalae
260 3427 493 3503 instruentem,
525 3433 715 3511 repentinus
745 3435 923 3514 oppressit,
948 3434 1100 3518 omnique
1120 3434 1319 3511 Dardanis,

103 3510 251 3583 Moesia,
273 3509 463 3572 Macedonia
478 3513 633 3592 potitus,
654 3536 841 3579 numerosas
862 3517 1267 3602 provincias‘occupavit.
1317 3534 1325 3583 t

149 3592 210 3655 VI.
252 3590 354 3655 Varia
384 3592 536 3679 deinceps
576 3597 662 3659 inter
702 3619 757 3661 eos
795 3597 902 3673 bella,
943 3611 976 3662 et
1005 3622 1069 3683 pax
1103 3602 1328 3669 reconciliata

104 3685 267 3760 ruptaque
287 3685 346 3738 est.
388 3677 560 3740 Postremo
583 3680 727 3745 Licinius
746 3681 852 3744 navali
877 3693 910 3744 et
929 3685 1078 3745 terrestri
1100 3683 1238 3766 proelio
1261 3686 1328 3751 vim

106 3767 198 3833 ctus,
218 3760 304 3839 apud
323 3758 548 3822 Nicomediam
570 3783 604 3825 se
625 3764 769 3839 dedidit,
799 3772 832 3827 et
853 3775 968 3828 contra
990 3766 1188 3851 religionem
1210 3788 1329 3843 ascesi,

105 3843 207 3904 menti
228 3842 475 3907 Thessalonicae
494 3844 641 3926 privatus
663 3850 785 3911 occisus
808 3857 867 3911 est.
907 3848 956 3915 Eo
984 3842 1134 3933 tc'mpore
1165 3874 1231 3915 res·
1246 3852 1328 3923 Em,

106 3944 202 3985 mana
227 3926 285 3989 sub
313 3946 379 3988 ano
407 3928 553 4008 Augusto
585 3939 617 3992 et
642 3932 747 3993 tribus
780 3934 979 4006 Caesaribus,
1000 3933 1105 4033 (quod
1134 3954 1331 4020 numquam

107 4003 222 4086 aliani
234 4009 319 4084 fuit,
343 4032 443 4092 quam
462 4010 561 4074 liberi
584 4015 785 4076 Constantini
808 4014 942 4090 Galliae,
968 4016 1117 4091 Orienti„
1133 4018 1331 4103 Italiaeque·

8 4135 10 4139 >
104 4101 301 4170 praeessent.
354 4094 478 4155 Verum
508 4095 678 4158 insolentia
714 4119 824 4159 rerum
859 4099 1072 4163 secundarum
1108 4099 1334 4185 aliquantum·

106 4173 352 4235 Constantinum
373 4197 412 4237 ex
432 4176 487 4239 illa
507 4177 682 4241 favorabili
711 4180 810 4241 animi
842 4180 1009 4245 docilitate
1040 4186 1193 4250 mutavit.
1236 4186 1331 4255 Pet-t

104 4276 194 4316 mum
208 4258 671 4343 necessitudinespersecutus,
694 4265 872 4347 [Crispum]
884 4265 1001 4342 filium,
1011 4267 1181 4351 egregium
1195 4270 1332 4343 virumn

105 4345 139 4397 ct
158 4342 282 4403 sororis
304 4341 405 4417 filium
418 4389 426 4417 ,
440 4344 638 4406 commodae
665 4346 784 4409 indolis
811 4349 985 4426 iuvenem,
1017 4350 1209 4427 insensatu
1238 4370 1333 4423 mox.

103 4439 268 4496 uxoremp
288 4434 363 4503 post
383 4434 573 4488 numerosos
598 4429 749 4493 amicos·
784 4460 810 4485 ·.
1326 4478 1332 4503 ,

147 4503 226 4565 Vll.
256 4506 448 4590 Virpriano
472 4509 602 4594 imperii
625 4522 775 4596 tempure
788 4513 929 4596 optim-is
951 4514 1172 4598 principibus,
1197 4516 1328 4585 ultimo

98 4585 222 4655 mediis
240 4590 490 4678 comparandos.
534 4595 968 4663 innumerae-insenanimi
997 4600 1222 4688 corporisque
1242 4603 1333 4677 sien

549 4724 552 4729 .
570 4702 585 4731 't
