2850 4958
174 281 250 359 226
390 274 492 371 ¹Illi·
504 275 632 351 VIRIS
655 276 879 356 lucusta.
905 276 1099 359 CAP.'65.
1121 278 1188 361 66,
1237 294 1244 307 ’

124 432 129 441 ’
593 438 715 534 ω
736 442 768 505 u
790 442 818 507 a
862 442 967 503 axv..

668 598 696 641 C.
722 596 895 641 GRACCHUS.

212 728 306 791 Caius
328 730 517 806 Gracchus,
537 730 744 816 pestilentem
760 731 943 795 Sardiniam
966 731 1130 807 Quaestor
1150 729 1303 803 sortitus,
1316 751 1368 791 non

129 834 150 877 2
170 814 318 875 veniente
339 836 544 890 successore,
576 836 632 877 sua
653 824 771 897 sponte
797 816 945 879 decessit.
987 814 1167 885 Asculanae
1191 822 1225 874 et
1246 814 1371 897 Fregel-¹

127 896 260 959 Slunae
281 897 474 959 desectionis
495 897 652 961 invidiam
673 900 837 960 sustinuit.
881 899 1049 960 Tribunus
1069 896 1177 980 plebis
1193 897 1367 978 agrariaset

140 984 398 1063 ‘frumentarias
428 983 515 1059 leges
547 983 640 1043 tulit:
672 982 810 1043 colonos
841 985 938 1044 etiam
972 983 1113 1064 Capuam
1145 989 1180 1041 et
1205 983 1369 1050 Tarenton

127 1072 151 1139 4
169 1063 346 1126 mittendos
368 1070 503 1127 censuit.
550 1065 756 1127 Triumviros
777 1066 863 1150 agris
885 1065 1071 1128 dividendis
1091 1086 1147 1137 ss,
1181 1074 1215 1125 et
1236 1064 1371 1125 Fulvium·

126 1142 343 1220 bl‘laccuan,
376 1156 408 1208 et
434 1151 469 1212 C.
493 1150 642 1211 Crassum
672 1150 855 1210 constituit.
909 1149 1056 1211 Minucio
1087 1149 1196 1221 Rufo,
1234 1148 1371 1209 Tribuno·

169 1230 295 1314 piebis,
318 1230 446 1317 legibus
467 1234 532 1295 suis
554 1234 755 1313 abrogante,
785 1233 817 1294 in
840 1233 1039 1315 Capitolium
1060 1232 1171 1292 venit:
1205 1230 1267 1293 ubi
1289 1232 1370 1314 quud

170 1314 356 1395 Aatyllius,
383 1337 504 1397 praeco
528 1316 655 1399 Opimii
679 1316 1018 1393 Consulis„in.turha
1041 1316 1153 1377 luisset
1177 1318 1325 1389 occisus,
1341 1316 1366 1375 in
1412 1322 1415 1392 ξ

170 1401 281 1460 sorum
303 1396 472 1462 descendit
488 1409 520 1463 et
541 1400 728 1484 imprudens
751 1401 943 1461 concionem
966 1422 983 1459 a
1006 1400 1154 1460 Tribuno
1177 1398 1287 1480 plebis
1306 1421 1366 1459 aro·
1413 1444 1415 1474 ,

168 1482 275 1555 cavit,
298 1504 362 1565 qua
383 1504 420 1543 re
445 1488 633 1556 arcessitus,
657 1506 756 1566 quum
780 1484 813 1543 in
833 1493 979 1544 senatum
1000 1506 1066 1544 non
1087 1483 1242 1553 venisset,
1267 1492 1365 1545 mnata

167 1566 293 1629 seruilia
321 1565 518 1629 Aventinum
549 1569 732 1649 occupavit.
773 1568 843 1629 Ubi
877 1568 916 1626 ab
950 1567 1085 1647 Opimio
1108 1566 1238 1635 victus,
1272 1566 1365 1627 duma

167 1650 292 1735 templo
322 1650 431 1711 Lunae
464 1652 605 1725 desiliit,
638 1651 739 1712 talum
762 1651 914 1725 intorsit,
946 1660 977 1713 et
998 1650 1187 1732 Pomponio
1213 1650 1365 1728 [Pontino]
1413 1700 1415 1725 ,

170 1728 277 1795 arntso
298 1732 386 1817 apud
406 1744 537 1817 portam
560 1735 795 1820 Trigeminam,
819 1736 856 1795 P.
880 1734 1034 1794 Laetorio
1058 1734 1091 1793 in
1113 1742 1217 1815 ponte
1234 1722 1369 1803 sublicio,¹

27 1828 31 1839 '
126 1812 438 1899 &persequentibus
462 1819 652 1893 resistente,
684 1818 718 1879 in
748 1818 859 1879 lucum
888 1819 1028 1878 Furinae
1049 1818 1216 1899 persenit.
1264 1814 1367 1876 lbirel

168 1920 245 1973 sua,
277 1899 327 1962 vel
357 1902 442 1961 servi
474 1902 601 1983 Eupori
624 1924 718 1961 manu
742 1903 953 1963 interfectus:
988 1908 1085 1983 caput
1107 1922 1123 1959 a
1146 1899 1366 1982 Septimuleio,

136 2016 140 2025 ·
166 1982 274 2043 arnico
307 1982 470 2063 Graccbi,
501 1986 542 2047 ad
565 1980 734 2067 Opimium
757 1985 920 2058 relatum,
954 2006 1035 2043 auro
1059 2003 1239 2064 expensum
1259 1986 1367 2056 fertur,

167 2074 309 2151 propter
328 2066 500 2131 avaritiam
524 2070 631 2131 infuso
653 2067 790 2151 plumbo
812 2070 943 2155 gravius
963 2067 1122 2129 effectum.

579 2264 808 2331 CAPUT
847 2264 967 2329 LXVI.

595 2404 654 2455 ,1.
674 2400 783 2447 usurus
806 2402 938 2447 nuusus.

212 2528 342 2591 Marcus
363 2528 475 2591 Livius
495 2530 644 2601 Drusus,
667 2548 786 2609 genere
808 2538 840 2589 et
861 2528 1047 2610 eloquentia
1072 2549 1219 2610 magnus,
1245 2527 1297 2591 sed
1319 2528 1374 2586 am·

170 2610 325 2681 bitiosus¹
341 2621 375 2675 st
404 2612 587 2697 superbus,
610 2612 734 2677 Aedilis
758 2634 874 2673 munus
906 2612 1263 2693 magnificentissimum
1286 2611 1372 2673 dedit.

128 2714 148 2755 2
170 2694 211 2754 Et
233 2696 278 2756 ibi
301 2696 448 2758 Remmia
471 2695 636 2778 collegae,
659 2694 816 2783 quaedam
838 2696 879 2758 de
903 2697 1043 2757 utilitate
1065 2696 1282 2777 Reipublicae
1303 2716 1388 2777 sug-·

127 2776 316 2861 dgerenti,
350 2781 435 2861 Quid
455 2780 534 2849 tihi,
558 2780 684 2861 inquit,
707 2801 780 2839 cum
800 2780 979 2860 Republica
997 2782 1135 2841 nostra?
1165 2781 1332 2857 Quaestor
1350 2781 1379 2838 in

170 2860 246 2923 Asia
279 2863 376 2923 nullis
406 2863 586 2946 insignibus
618 2865 665 2924 uti
693 2861 821 2936 voluit,
853 2862 995 2944 nequid
1017 2864 1087 2945 ipso
1107 2873 1192 2945 psset
1221 2865 1376 2946 insignius.

128 2944 158 3088 g·
171 2946 337 3009 Tribunus
357 2947 463 3030 plebis
487 2945 610 3007 Latinis
634 2946 822 3018 civitatem,
848 2946 937 3028 plebi
960 2968 1079 3028 agros,
1102 2947 1275 3027 equitibus
1291 2947 1377 3009 curi-

171 3052 243 3107 am,
268 3031 401 3093 Senatui
435 3028 558 3090 iudicia
588 3031 746 3109 permisit.
797 3028 925 3089 Nimiae
957 3028 1285 3106 liberalitatisfuit:
1319 3032 1383 3111 ipse.

171 3114 268 3175 etiam
290 3116 476 3197 professus,
508 3114 630 3173 nemini
661 3136 694 3175 se
724 3111 765 3172 ad
796 3112 999 3194 largiendum
1030 3122 1163 3194 praeter
1193 3116 1324 3176 coelum
1354 3122 1379 3173 et

171 3219 311 3259 coenum
336 3196 526 3279 reliquisse,
551 3196 692 3280 ideoque
714 3219 814 3279 quum
836 3199 973 3277 pecunia
996 3204 1122 3279 egeret,
1145 3197 1252 3258 multa
1275 3205 1379 3260 contra

128 3278 361 3362 lidignitatem
383 3281 477 3341 fecit
517 3281 717 3362 Magulsam,
749 3281 972 3341 Mauretaniae
1002 3279 1211 3361 principem,
1238 3283 1281 3342 ob
1305 3281 1381 3364 regis

168 3364 366 3424 simultatem
386 3365 584 3444 profugum,
613 3372 745 3445 accepta
766 3363 904 3444 pecunia
928 3364 1060 3423 Boccho
1083 3363 1258 3442 prodidit:
1294 3385 1382 3448 quem

126 3445 224 3530 7ills
254 3446 428 3528 elephanto
460 3444 596 3515 obiecit.
637 3445 880 3518 Adherbalem,
902 3446 1018 3506 'filium
1042 3446 1128 3527 regis
1149 3447 1382 3517 Numidarum,

170 3529 317 3591 obsidem
339 3528 428 3591 domi
450 3550 532 3598 suae,
547 3529 682 3602 sumsit,
715 3528 952 3589 redemtionem
973 3530 1043 3600 eius
1066 3530 1232 3593 occultam
1255 3556 1274 3593 a
1296 3540 1386 3614 patre

126 3608 147 3673 8
168 3633 311 3694 sperans.
357 3614 554 3696 Caepionem
579 3612 768 3684 inimicum,
796 3611 980 3675 actionibus
1002 3614 1067 3675 suis
1088 3613 1311 3689 resistentem,
1331 3617 1382 3683 ait,

127 3716 203 3779 9se
225 3697 363 3767 deuexo
391 3696 534 3777 Tarpeio
559 3694 864 3777 praecipitaturum.
911 3696 1065 3769 Consuli,
1096 3695 1228 3779 legibus
1252 3698 1385 3781 agrariis

170 3783 355 3855 resistenti,
387 3782 432 3841 ita
461 3778 584 3841 collum
614 3777 648 3839 in
679 3780 816 3840 comitio
850 3778 1016 3854 obtousit,
1047 3787 1084 3839 ut
1112 3779 1237 3843 multus
1262 3781 1383 3861 sanguis
1412 3786 1415 3907 p

171 3866 316 3925 efflueret
341 3886 358 3927 e
379 3863 534 3935 naribus:
567 3884 664 3944 quam
689 3862 766 3935 ille,
800 3861 963 3923 luxuriam
994 3862 1215 3944 exprobrans,
1249 3865 1381 3927 muriam
1413 3918 1415 3947 Ι

130 3945 211 4007 rode
234 3947 340 4007 turdis
362 3968 430 4008 esse
452 3944 607 4015 dicebat.¹
636 3944 764 4007 Deinde
787 3967 825 4006 ex
847 3948 950 4029 gratia
973 3947 1078 4007 nimia·
1095 3947 1127 4006 in
1151 3948 1307 4011 invidiam
1323 3966 1385 4007 ve·
1413 3964 1415 3993 Ι

59 4080 61 4085 ,
169 4029 230 4089 nit.
284 4032 375 4091 Nam·
398 4029 491 4112 plebs
525 4028 668 4110 acceptis
699 4028 785 4111 agris
821 4029 1002 4112 gaudebat3
1044 4030 1169 4110 expulsi
1208 4032 1382 4095 dolebant:

169 4113 308 4195 [equites
330 4113 364 4173 in
385 4120 497 4177 senatu
518 4110 595 4177 lecti
619 4112 841 4188 laetabantur,
867 4114 923 4175 sed
944 4114 1116 4192 praeteriti
1132 4116 1385 4197 querebanturz]

139 4238 143 4245 ·
168 4195 305 4258 Senatus
326 4196 491 4278 permissis
514 4194 645 4256 iudiciis
668 4195 868 4270 exsultabat,
898 4197 954 4259 sed
974 4199 1165 4267 societatem
1185 4220 1266 4261 cum
1287 4201 1386 4282 equi·-

130 4279 258 4340 11tibus
280 4301 376 4362 aegre
396 4279 534 4349 ferebat.
577 4277 672 4341 Unde
693 4280 808 4341 Livius·
826 4281 959 4349 anxius,
987 4290 1024 4341 ut
1044 4282 1241 4345 Latinorum
1263 4293 1383 4367 postu«

167 4361 232 4423 lata
256 4363 422 4435 differret,
452 4364 511 4444 qui
538 4361 734 4441 promissam
764 4362 930 4426 civitatem
952 4364 1161 4447 flagitabant,
1192 4377 1333 4450 repente
1351 4366 1385 4425 in·

167 4446 302 4526 publico
326 4446 499 4518 concidit,
513 4445 578 4505 sive
600 4447 715 4508 morbo
739 4447 919 4520 comitiali,
943 4471 999 4511 seu
1021 4448 1137 4517 hausto
1154 4453 1296 4530 caprino
1312 4472 1380 4513 san-

124 4531 284 4609 raguiae,
316 4530 515 4595 semianimis
544 4528 677 4591 domum
700 4528 832 4591 relatus.
879 4531 968 4593 Vota
997 4553 1061 4609 pro
1093 4530 1151 4591 illo
1174 4556 1238 4615 per
1261 4535 1380 4595 ltaliam

145 4611 294 4688 publice
323 4622 478 4701 suscepta
512 4623 613 4681 suut..
651 4611 697 4689 Et
726 4634 827 4701 quum
853 4614 964 4685 Latini
993 4613 1168 4685 Consulem
1194 4617 1233 4681 in
1256 4618 1375 4683 suano

1112 4844 1185 4921 ἢ,
