2850 4958
366 192 371 201 ’
472 242 618 323 nruaa
651 240 837 326 nouus.
1041 245 1044 257 ·
1189 247 1316 333 raa·

63 407 200 473 'ulminis
219 406 332 493 periit.
373 426 623 471 scansurus
650 429 798 491 quoque,
823 406 1009 485 filius-sius,
1031 425 1258 491 quem-secum

63 490 96 553 id
117 494 230 555 Persas
252 492 405 565 duxerat,
427 488 612 552 adolescens
633 494 782 575 egregiae
803 490 942 565 indolis,
963 512 1063 573 quum
1084 490 1258 566 oculorum

63 568 171 641 lolore
199 584 371 659 correptus
396 574 429 635 in
455 573 607 635 lecticula
635 574 828 647 veheretur,
862 572 1040 657 impulsore
1057 574 1168 654 Apro,
1201 575 1259 658 qui

63 674 149 721 socer
170 661 237 721 eius
263 668 348 733 erat,
377 679 438 743 per
461 657 594 719 insidias
620 658 745 719 occisus
767 666 829 719 est:
862 667 894 718 et
916 657 1115 740 quumdolo
1144 659 1260 721 occul·
1360 696 1362 701 .

63 742 180 803 teretur
206 742 305 824 ipsius
328 763 436 815 mors,
459 761 629 823 quousque
647 738 737 821 Aper
757 738 910 801 invadere
931 748 1041 824 posset
1064 741 1256 823 imperium,

63 820 183 887 foetore
211 824 375 901 cadaveris
405 824 538 907 prodita
566 833 633 901 est„
669 818 791 885 Milites
820 824 926 897 enim,
957 824 1013 905 qui
1042 845 1113 893 eum
1142 846 1260 909 seque-

63 900 193 981 bantur,
222 910 352 969 soetore
378 906 555 977 commoti,
583 904 724 968 diductis
746 905 915 968 lecticulae
935 907 1065 987 palliis,
1089 918 1165 991 post
1189 908 1258 971 alin

63 1001 135 1071 quot
156 990 225 1053 dies
249 1001 389 1053 mortem
412 990 480 1050 eius
501 996 611 1050 notam
632 989 753 1050 habere
774 999 964 1071 potuerunt.
1161 1058 1166 1069 1

65 1074 68 1079 ’
93 1074 183 1134 ΧΙΧ.
215 1070 357 1137 Interea
377 1093 585 1144 crassus,
616 1094 711 1154 quem
741 1073 907 1134 Caesarem
931 1074 963 1135 in
989 1070 1130 1141 Parthos
1151 1074 1260 1155 profi-

63 1154 174 1218 tiscens
198 1158 297 1227 Carus
320 1157 352 1217 in
374 1148 529 1239 Illyrico,
555 1154 680 1229 Gallia,
707 1154 802 1217 Italia
824 1156 1024 1239 reliquerat,
1054 1158 1203 1218 omnibus
1224 1180 1258 1222 ss

63 1240 228 1301 celeribus
258 1239 502 1323 coinquinavit:
535 1237 696 1318 plurimos
723 1239 895 1312 innoxios,
926 1240 1008 1301 fictis
1043 1240 1257 1317 criminibus,

66 1324 191 1384 ecidit:
215 1320 422 1395 matrimonia
443 1320 568 1385 nobilia
590 1321 759 1402 corrupit:
784 1323 1015 1405 condiscipulis
1037 1346 1178 1407 quoque,
1201 1326 1259 1409 qui

63 1424 125 1465 um
156 1407 189 1466 in
222 1404 384 1467 auditorio
416 1404 468 1466 rel
498 1403 561 1467 levi
597 1405 787 1491 fatigatione
816 1414 1020 1480 taxaverant,
1054 1407 1258 1488 perniciosus

63 1487 125 1547 sit.
176 1488 229 1549 Ob
263 1508 345 1567 quae
373 1487 524 1549 omnibus
555 1487 651 1548 honis
681 1488 822 1560 invisus,
852 1510 920 1549 nou
948 1489 1050 1551 multo
1078 1499 1155 1571 post
1173 1513 1259 1573 poe-

63 1591 108 1631 ns
132 1569 232 1631 dedit.
263 1572 343 1631 Nam
367 1570 406 1631 ds
419 1570 556 1631 Perside
572 1571 658 1631 victa
681 1571 841 1633 exercitus
856 1570 1000 1644 rediens,
1024 1595 1121 1655 quum
1141 1574 1259 1639 Carum

63 1663 234 1733 ‚ugustum
261 1654 414 1727 fulmine,
444 1653 678 1726 Numerianum
703 1655 869 1715 Caesarem
894 1654 1017 1717 insidiis
1041 1655 1256 1738 perdidisset,

72 1756 388 1798 1ocnar1srusr
419 1736 657 1817 Imperatorem
691 1736 833 1808 creavit,
870 1734 1026 1799 Dalmatia
1064 1738 1258 1815 oriundum,

62 1816 156 1878 irum
190 1818 419 1880 obscurissime
442 1829 572 1891 natum,
600 1817 680 1879 adeo
707 1818 744 1880 ut
768 1841 785 1878 a
810 1816 975 1901 plerisque
999 1820 1125 1881 scribae
1149 1822 1258 1898 lilius¹

89 1902 265 1973 nonnullis,
283 1901 416 1963 Anulini
441 1900 609 1975 Senatoris
630 1900 804 1963 libertinus
818 1902 926 1963 fuisse
949 1904 1110 1965 credatur.

84 1984 161 2045 XX.
195 1985 227 2051 Is
250 1984 357 2069 prima
387 1982 528 2059 militum
558 1980 719 2045 concione
735 1982 878 2057 iurarit,
908 1985 1259 2061 Numerianumnullo,

63 2078 115 2128 uo·
137 2067 214 2129 dolo
237 2062 465 2143 interfectum,
492 2066 524 2128 et
548 2088 647 2149 quum
667 2064 756 2127 iuxta
778 2088 850 2127 eum
871 2066 1056 2153 ripen-qui
1080 2070 1257 2134 Numeria-

65 2168 92 2208 ο
121 2150 253 2212 insidias
276 2148 419 2227 fecerat,
449 2148 666 2229 constitisset,
690 2149 725 2210 in
750 2160 926 2233 conspectu
951 2154 1131 2229 exercitus,
1157 2178 1255 2219 manu

63 2232 273 2308 ttoctetiani,
308 2230 419 2315 gladio
439 2253 613 2317 ‚percussus
642 2239 700 2295 est.
721 2238 725 2243 '
748 2232 865 2295 Postea
903 2234 1071 2308 Carinum,
1108 2239 1254 2301 omnium

63 2311 128 2376 dio
162 2326 194 2376 et
225 2315 439 2378 detestatione
462 2316 641 2389 viventem,
677 2315 762 2396 apud
795 2318 941 2397 Margum
971 2318 1093 2401 ingenti
1122 2322 1260 2402 proelio,

63 2392 140 2471 icit,
166 2399 334 2481 proditum
355 2397 395 2457 ab
416 2399 560 2462 exercitu
582 2420 653 2472 suo,
677 2418 772 2481 quem
794 2399 967 2461 fortiorem
982 2400 1255 2476 habebata'certe

63 2476 231 2554 esertum,
250 2484 336 2544 inter
358 2474 577 2542 Viminacium
605 2490 702 2564 atque
722 2480 865 2543 Aureum
888 2492 1042 2544 montem.
1076 2484 1124 2544 lta
1142 2507 1255 2550 rerum

63 2585 265 2626 omanarum
291 2565 434 2647 potitus,
457 2586 557 2647 quum
577 2563 752 2625 tumultum
774 2565 985 2643 rusticaniuin
1006 2565 1110 2627 Gallia
1133 2570 1253 2632 conoi-

63 2656 192 2725 tssent,
211 2656 243 2706 et
263 2647 401 2708 factioni
425 2668 499 2707 suae
521 2644 741 2729 bagaudarum
764 2668 882 2709 nomen
908 2647 1131 2728 imponerent,
1155 2650 1252 2717 duces

63 2740 156 2789 utem
176 2729 336 2790 haberent
361 2728 541 2805 Amandum
563 2736 596 2789 et
616 2728 803 2803 Aelianum,
826 2730 865 2791 ad
887 2730 1080 2813 subigendos
1103 2754 1157 2796 eos
1179 2738 1254 2809 Ma,-

62 2807 225 2871 imianum
247 2810 438 2883 Herculium
460 2811 625 2873 Caesarem
651 2882 656 2895 Ι
682 2812 753 2885 isit,
777 2813 833 2894 qui
853 2811 979 2875 levibus
998 2813 1135 2895 proeliis
1155 2841 1254 2905 agre-

63 2911 112 2953 ’.οε
137 2893 284 2966 domuit,
309 2903 472 2975 etpaeem
495 2893 618 2955 Galliae
639 2834 841 2973 rbbfornravit.
1101 2892 1104 2897 ’
1148 2896 1168 2971 J
1249 2968 1259 2977 .

87 2978 179 3038 XXI.
212 2977 277 3038 Per
297 2974 546 3055 ha'cotempora
569 2976 664 3055 etiam
688 2976 870 3049 Carausius,
892 2976 949 3057 qui
970 2975 1124 3039 vilissime
1144 2991 1249 3058 natus,

63 3074 196 3120 :renuas
221 3058 369 3135 ‚militiae
404 3058 519 3141 ordine
553 3060 670 3139 famam
701 3058 862 3141 egregiam
898 3062 1004 3135 fuerat
1038 3056 1261 3145 consecutus„

63 3160 146 3203 uum
167 3141 253 3226 apud
279 3141 468 3223 Bononiam
486 3161 548 3223 per
579 3149 717 3201 tractum
737 3142 889 3227 &Belgicae
917 3150 949 3223 et
974 3140 1260 3229 Armoricae-pa..

63 3225 181 3287 andum
206 3246 294 3287 mare
320 3224 512 3306 accepisset,
543 3220 632 3307 quod
652 3222 775 3297 *Franci
804 3233 836 3309 et
863 3222 1263 3311 saxones-intestatus„

63 3308 156 3370 tultis
183 3308 447 3389 barbarissaepe
469 3308 593 3388 captis,
612 3308 673 3373 neo
692 3304 812 3388 praeda
835 3306 1264 3394 integraautprovincia„

65 3386 129 3452 bas
151 3390 288 3465 reddita,
310 3401 366 3453 aut
387 3389 645 3474 imperatoribus
667 3390 780 3473 missa,
803 3390 1066 3481 quum=suspiqio
1086 3416 1152 3477 esse
1167 3390 1263 3463 coess'

65 3470 165 3549 isset,
197 3473 345 3547 consulto
378 3474 417 3535 ab
450 3495 488 3535 eo
520 3472 648 3534 'admitti
678 3472 858 3555 barbaros,
875 3486 928 3555 ,ut
948 3476 1265 3559 transeuntescum.

64 3556 367 3637 raeda-exciperet,
390 3565 486 3639 atque
506 3554 569 3618 hac
589 3577 624 3617 se
640 3550 816 3618 'occasione
842 3556 983 3632 ditaret3
1007 3581 1024 3618 a
1046 3560 1263 3645 Maximiano,

63 3657 148 3702 rasus
171 3640 300 3714 occidi,
322 3661 502 3722 purpuram
523 3640 656 3719 sumsit,
675 3650 712 3711 ‘et
732 3641 914 3723 Britannias
929 3644 1120 3727 oeeupauit.
1143 3704 1152 3723 ,
1179 3640 1187 3705 L
1209 3686 1215 3703 .·

84 3722 193 3785 XXII.
225 3724 275 3782 Ita
300 3743 397 3803 quum
419 3744 480 3802 per
502 3721 614 3782 orbem
633 3714 871 3803 'terrarum'res'
893 3725 1042 3787 turbatae
1070 3720 1262 3809 essentjet¹

63 3804 269 3869 anastasin
292 3803 465 3867 Britanniis
487 3803 688 3883 rebellaret,
706 3802 1123 3891 Achilleusindegppto,
1146 3808 1262 3891 Afri-25.

63 3906 112 3951 sm
134 3888 429 3971 Quinquegentiani
451 3888 656 3961 infestarent,
678 3884 818 3964 Narseus
841 3886 970 3961 Orienti
991 3889 1118 3971 bellum
1133 3884 1264 3971 inferss‘„

63 3982 115 4035 et:
156 3971 380 4035 Diocletianus
419 3990 706 4031 nsxrnrarurs
743 3970 1078 4037 annonarum-ex
1111 3973 1259 4057 Caesare]

63 4056 122 4119 scit
143 4056 341 4133 Augustum,
364 4053 587 4135 Constantium
610 4061 642 4112 et
663 4048 1075 4131 Maximianum'Caesares':
1104 4056 1261 4143 quorum

63 4140 247 4201 onstantius
269 4159 329 4219 per
350 4137 448 4197 liliam
469 4156 570 4217 nepos
600 4134 724 4197 Claudii
746 4131 910 4198 traditur:
938 4137 1148 4217 Maximianus
1162 4134 1245 4219 ,Ga-

63 4221 143 4284 ·rius
164 4220 197 4283 in
216 4223 317 4284 Dacia
338 4218 426 4280 haud
447 4218 543 4300 longe
564 4239 582 4277 a
604 4216 737 4299 Sardica
757 4226 862 4280 natus.
906 4217 1013 4303 Atque
1027 4232 1063 4285 ut
1077 4220 1132 4293 asos
1147 4220 1245 4299 ctiam

63 4302 207 4369 lfiuitate
228 4305 462 4388 coniungeret,
486 4300 690 4362 Constantius
710 4302 893 4387 privignam
914 4302 1061 4369 Herculii
1085 4300 1259 4379 'simodo-¹

63 4412 108 4451 tm
132 4387 279 4465 accepit,
301 4410 337 4448 ex
362 4410 424 4471 qua
444 4391 558 4468 postea
579 4403 633 4443 sex
653 4382 789 4457 liberos,
812 4386 1013 4449 Constantini
1038 4390 1167 4463 fratres,
1189 4386 1263 4461 ba·,

63 4474 132 4545 uit3
157 4468 305 4532 Galerius
327 4470 427 4532 filiam
447 4466 647 4531 Dialectiani
669 4466 856 4537 Valeriam:
889 4469 984 4533 ambo
1000 4494 1124 4547 ‚uxores
1136 4468 1264 4557 „quaes

63 4556 243 4628 abuerunt,
276 4552 451 4641 repudiare
474 4548 647 4637 compulsi.
690 4548 771 4617 Cum
803 4550 955 4617 Canusio
986 4562 1116 4630 tamea,
1144 4554 1261 4641 qaum,
1306 4592 1310 4602 ·
