2850 4958
150 283 227 363 „a
399 277 472 354 oa
492 276 620 356 vnrs
646 273 871 353 nnusra
894 277 1016 360 mr.
1033 278 1070 376 4.
1092 282 1132 363 5.

143 446 339 512 Pontificem
364 446 541 510 maximum
574 449 719 519 creavit·,
748 454 862 531 portas
895 446 975 506 lano
1005 447 1137 528 gemino
1161 447 1340 515 aedificavit

104 534 275 597 ttAnnum
298 530 333 591 in
351 527 416 590 Xll
440 552 563 594 menses
584 531 774 605 distribuit,
798 529 917 591 additis
939 531 1093 591 Ianuario
1110 541 1144 593 et
1158 532 1340 597 Februario.

145 618 245 699 Leges
266 636 398 698 qunque
417 612 528 695 plures
553 623 585 675 et
603 616 700 677 utiles
716 615 807 678 sulit:
834 614 965 686 omnia,
991 630 1075 695 quae
1097 616 1250 697 gerebat,
1273 621 1342 681 ium

144 698 280 783 Egeriae
307 699 496 779 Nymphae,
522 701 634 761 uxoris
657 721 755 771 suae,
781 718 815 757 se
841 699 948 757 secere
973 697 1139 760 simulans.
1189 702 1245 763 Ob
1273 703 1340 765 han

100 777 265 844 sstsntem
288 782 446 842 iustitiam
465 781 587 843 bellum
608 783 638 845 ei
656 800 753 849 tremo
776 780 898 841 intulit.
943 781 1061 841 Morbo
1087 781 1219 845 solutus
1242 786 1275 846 in
1295 786 1340 845 le-

142 863 254 927 niculo
277 863 422 948 sepultus
446 872 510 939 cst,
537 866 593 927 ubi
613 875 690 949 post
713 864 833 927 multos
857 884 958 924 annos
986 863 1098 925 arcula
1121 887 1201 928 cum
1226 867 1340 929 librisa

141 945 299 1009 Terentio
324 950 464 1031 quodam
490 958 641 1010 exarata:
675 949 731 1032 qui
759 947 860 1020 libri,
893 947 970 1029 quia
998 946 1086 1009 leves
1114 951 1273 1032 quasdam
1294 972 1338 1013 ss·

141 1052 277 1097 crorum
297 1052 424 1119 mussas
441 1033 665 1108 continebant,
691 1053 731 1095 ex
748 1030 945 1093 auctoritato
957 1030 1095 1094 Petrum
1112 1036 1253 1097 cremati
1270 1042 1337 1098 sunt

575 1210 919 1303 carnr1u

368 1346 485 1393 ructus
513 1346 701 1404 aosrrmns,
734 1346 937 1391 nonnosus
969 1344 1030 1388 nex
1058 1325 1123 1391 111.

142 1494 146 1507 ¹
174 1476 297 1561 ¹'l‘ullus
320 1476 503 1550 Hostilius,
526 1479 602 1561 quia
624 1480 745 1541 bonam
767 1500 901 1560 operam
929 1476 1099 1541 adversum
1122 1478 1263 1541 Sabinos
1281 1482 1326 1539 nsi
1350 1482 1371 1540 p

139 1572 290 1639 tereret,
313 1581 370 1624 rex
392 1568 539 1633 creatus,
563 1562 685 1625 bellum
707 1563 841 1631 Albanis
864 1561 1003 1633 indixit,
1036 1562 1128 1647 quod
1153 1562 1323 1641 trigemino,-
1349 1550 1369 1602 le

96 1670 120 1711 a
140 1668 213 1711 rum
243 1646 420 1708 certamine
450 1643 567 1705 finivit.
610 1646 726 1709 Albam
763 1655 903 1728 propter
933 1646 1106 1727 perfidiam
1139 1646 1231 1708 ducis
1260 1644 1329 1709 steti·

98 1730 262 1793 3Fufetii
284 1729 407 1790 diruit:
443 1726 586 1791 lllbenos
607 1730 744 1792 Romam
765 1729 905 1790 transire
926 1730 1031 1791 iussit.
1077 1730 1211 1791 Curiam
1235 1728 1323 1789 Hosti,
1347 1714 1367 1767 ll

139 1919 226 1959 mam
244 1895 446 1975 Pompilium
471 1896 638 1956 sacrificiis
660 1888 805 1958 imitatus
834 1895 905 1956 Iovi
928 1896 1035 1957 Elicio
1064 1895 1165 1959 litare
1196 1918 1259 1957 nou
1276 1916 1323 1979 pa·
1349 1893 1371 1932 ΠΙ)

98 1972 119 2041 5
140 1980 220 2053 tuit,
245 1978 380 2040 fulmine
406 1979 488 2038 ictus
511 1996 584 2038 cum
606 1980 696 2062 regia
716 1976 939 2065 conflagravit.
982 1979 1091 2057 Quum
1116 1982 1207 2040 inter
1226 1979 1322 2065 bons·
1351 1955 1371 2016 ll

139 2083 198 2123 nos
220 2069 253 2122 et
273 2061 415 2122 Albanos
437 2057 560 2120 bellum
580 2062 694 2123 fuisset
715 2069 878 2134 exortam,
902 2061 1040 2123 ducibus
1062 2063 1210 2125 Hostilio
1233 2071 1262 2122 et
1278 2062 1324 2121 Fa·

98 2144 118 2209 6
139 2145 242 2217 fetio,
264 2142 388 2227 placuit
409 2162 478 2203 rem
499 2163 681 2222 paucorum
702 2144 884 2207 certatione
905 2145 1011 2207 finire.
1052 2146 1157 2206 Erant
1171 2140 1267 2229 'apud
1282 2144 1324 2205 lto·

139 2237 251 2288 man'os
282 2224 447 2311 trigemini
476 2224 623 2299 Horatii,
654 2234 721 2289 tres
751 2226 840 2308 apud
859 2227 1002 2289 Albanos
1024 2228 1188 2290 Curiatii:
1217 2228 1325 2313 quibas,
1364 2293 1368 2305 ,

138 2310 273 2372 foedere
294 2311 379 2382 icto,
402 2311 696 2386 concurrentibus,
726 2310 837 2372 statim
869 2309 934 2372 duo
969 2312 1194 2374 Romanorum
1220 2310 1326 2373 cecide·

98 2402 217 2485 7runt
228 2396 244 2469 ,'
259 2402 326 2455 tres
346 2391 553 2471 Albanorum
579 2393 752 2455 vulnerati.
797 2396 889 2455 Unus
920 2394 1100 2468 Horatius,
1127 2394 1327 2479 quanrvisia·
1356 2395 1371 2470 l}

114 2482 117 2487 '
140 2484 253 2561 teger,
276 2479 353 2560 quia
375 2475 481 2537 tribus
503 2476 610 2558 impar
632 2478 854 2561 erat,'fugam
876 2476 1052 2552 simularit,
1076 2487 1109 2540 et
1129 2478 1272 2559 singulos
1288 2494 1329 2563 per
1356 2479 1371 2517 '¹

96 2559 122 2627 8·
139 2560 327 2634 intervalla,
351 2568 388 2621 ut
406 2557 576 2620 vulnerum
598 2569 668 2620 erat
692 2560 807 2634 dolor,
831 2560 1058 2644 insequentes,
1092 2562 1268 2625 interfecit.
1302 2558 1331 2621 tt

140 2667 241 2727 quum
261 2644 375 2726 spoliis
398 2652 531 2704 onustus
561 2642 701 2717 rediret,
734 2664 884 2705 sororem
913 2645 1044 2706 obviam
1072 2644 1212 2719 babuit,
1248 2665 1329 2728 quae,
1359 2643 1371 2683 ‘³

139 2729 210 2787 visu
241 2727 472 2809 paludamento
503 2726 614 2807 sponsi
637 2727 705 2800 sui,
740 2727 797 2809 qui
819 2747 901 2787 unus
924 2749 963 2788 ex
986 2728 1141 2789 Curiatiis
1166 2738 1256 2802 erat,
1276 2728 1331 2789 sseu

32 2820 35 2827 '
97 2809 262 2909 pcoepit.
303 2811 420 2870 Frater
452 2830 521 2868 eam
553 2809 686 2871 occidit.
709 2811 803 2893 :Qua
831 2830 869 2871 re
890 2811 978 2892 apud
1006 2813 1211 2889 Duumviros
1234 2812 1332 2872 condo·

104 2940 108 2945 .
140 2903 288 2968 mnatus,
310 2894 350 2954 ad
370 2890 529 2976 populum
552 2894 764 2972 provocavit:
799 2893 855 2974 ubi
876 2895 981 2973 patris
1007 2894 1154 2956 lacrimis
1178 2894 1330 2956 condona·

101 2968 106 2985 ¹
140 2985 211 3050 tus,
244 2976 283 3040 ab
310 2999 371 3048 eo,
405 2973 554 3057 expiandi
583 2979 709 3059 gratia,
739 2976 798 3038 sub
821 2977 963 3061 tigillum
987 2977 1124 3051 missus3¹
1157 2979 1249 3059 quod
1269 2997 1331 3040 nunc

103 3080 294 3145 1oquoque,
326 3060 396 3120 viae
428 3058 651 3139 suppositum,
682 3060 858 3123 Sororium
891 3060 1086 3142 appellatur.
1132 3063 1254 3123 Metius
1286 3064 1333 3122 Fu-

140 3146 258 3218 fetius,
281 3144 346 3204 dux
368 3140 592 3216 Albanorum,
615 3166 715 3227 quum
738 3166 772 3206 se
795 3143 993 3205 invidiosum
1013 3144 1099 3226 apud
1114 3144 1202 3205 cives
1217 3146 1332 3215 videret
1364 3193 1371 3233 t

141 3227 230 3311 quod
251 3226 371 3288 bellum
393 3224 463 3286 solo
488 3226 740 3307 trigeminorum
764 3228 941 3289 certamine
965 3226 1104 3303 finisset,
1128 3236 1166 3288 ut
1188 3249 1258 3289 rem
1278 3228 1335 3291 cor·
1369 3238 1371 3254 ¹

103 3312 285 3393 rs'rigeret,
310 3302 460 3369 Veientes
484 3318 515 3368 et
536 3310 707 3371 Fidenates
730 3310 899 3371 adversum
914 3308 1076 3371 Romanos
1094 3310 1255 3372 incitavit.
1283 3312 1335 3394 ipo

96 3438 101 3451 .
143 3394 182 3454 eb
205 3393 301 3453 Tullo
325 3392 358 3451 in
379 3393 534 3467 auxilium
557 3395 749 3467 arcessitus,
782 3393 883 3454 aciem
913 3394 946 3454 in
977 3393 1094 3455 collem
1119 3394 1337 3470 subduxit,ul
1370 3448 1371 3463 ,

101 3478 308 3537 infortunam
330 3486 531 3558 sequeretur.
577 3476 648 3552 Qua
670 3496 707 3536 re
727 3474 844 3537 Tullus
865 3474 1029 3537 intellecta
1055 3498 1169 3559 magna
1192 3500 1272 3540 voce
1294 3476 1335 3543 ait,

143 3580 202 3621 suo
230 3558 310 3620 illud
340 3561 426 3620 iussu
458 3558 596 3621 Metium
620 3560 739 3619 facere.
784 3560 855 3638 Qua
888 3580 924 3619 re
948 3559 1060 3621 hostes
1081 3562 1192 3621 territi
1219 3572 1251 3621 et
1278 3556 1337 3621 victi

110 3641 232 3706 13sunt.
276 3643 411 3703 Postera
432 3636 485 3700 die
507 3641 624 3701 Metius
645 3663 746 3723 quum
767 3643 808 3704 ad
829 3641 1058 3727 gratulandum
1081 3643 1179 3704 Tullo
1206 3645 1336 3713 venisset,

148 3727 235 3789 iussu
257 3727 357 3812 ipsius
379 3722 544 3807 quadrigis
565 3722 721 3815 religatus
743 3734 775 3788 et
796 3727 830 3788 iu
852 3725 979 3788 diversa
1001 3726 1177 3789 distractus
1201 3738 1261 3790 est.

598 3904 825 3969 CAPUT
868 3906 911 3970 V.

408 4044 504 4088 arcus
534 4047 694 4100 arsamus,
719 4047 920 4111 noanneane
946 4048 1007 4089 anx
1032 4026 1093 4091 IV.

142 4212 148 4219 ·
188 4177 296 4240 Ancus
316 4176 478 4249 Marcius,
505 4179 629 4238 Numae
650 4176 808 4260 Pompilii
834 4200 872 4243 ex
899 4178 966 4241 iilia
988 4202 1109 4262 nepos,
1135 4182 1341 4267 aequilateri

109 4261 307 4345 oreligiune
328 4282 393 4321 ava*
412 4261 547 4332 similis,
573 4260 705 4322 Latinos
728 4261 817 4323 bello
844 4263 981 4325 domuit.
1024 4264 1222 4329 Arentinum
1246 4278 1277 4328 et
1301 4267 1342 4324 la·

149 4346 296 4415 niculum
320 4351 445 4405 montes
456 4342 548 4404 Urbi
570 4343 717 4405 addidit:
746 4367 829 4406 nova
843 4348 969 4408 moenia
987 4349 1112 4432 oppido
1125 4346 1342 4411 circumdedit

146 4429 250 4490 Silvas
274 4424 314 4486 ad
338 4449 429 4488 usum
455 4426 584 4487 navium
609 4426 799 4509 publicavit.
842 4430 1025 4492 Salinarum
1046 4432 1186 4515 vectigal
1204 4430 1342 4493 institnit.

106 4511 127 4571 5
148 4514 316 4574 carcerem
339 4512 462 4594 primus
488 4509 699 4572 aedificarit·
723 4512 868 4585 Ostiam,
894 4513 1054 4575 coloniam
1072 4517 1244 4577 maritimis
1259 4536 1342 4577 coin«

98 4594 127 4668 4
140 4596 305 4658 meatibus
336 4600 561 4680 opportunam
589 4590 744 4656 inustio
774 4594 925 4672 Tiberis,
958 4596 1103 4664 deduxit.
1145 4600 1202 4662 Ius
1224 4597 1341 4668 fetiale,
