2850 4958
146 307 221 366 m
339 280 414 358 aa·
431 274 561 357 vura
585 276 807 397 nauare
836 258 1029 357 cuasa.
1051 242 1204 357 tejas

137 449 266 533 plebeia
296 468 397 531 quum
427 466 577 509 sororem
605 442 781 519 salutaret,
813 442 905 506 cuins
933 444 987 507 vir
1005 441 1176 507 'l'rlbnnns
1195 440 1333 509 milliaris

138 532 301 596 consulari
323 537 484 613 potestate
505 536 596 601 erat,
617 530 719 591 fasces
738 527 891 590 lictorius
911 526 1039 590 foribus
1058 527 1235 611 appositos
1253 526 1334 591 inde·

98 623 251 679 necuter
271 614 412 695 expauit.
455 611 485 673 Α
504 632 618 673 sorore
638 611 756 684 irrisa,
777 611 897 672 marito
918 616 1050 694 quaesta
1071 618 1142 671 est:
1178 609 1260 693 qui,
1285 610 1346 673 ad-=

140 699 270 759 iuvante
300 716 437 771 socero,
468 703 507 756 ut
533 695 677 776 primum
707 693 909 755 tribunatum
938 692 1044 776 plebis
1075 692 1252 776 adgressus
1275 700 1333 771 ed,

137 779 242 863 legem
264 777 357 853 tulit,
379 787 416 839 ut
435 777 519 839 alter
539 776 660 839 Consul
680 775 833 858 explebe
854 784 1033 837 crearetur.
1072 774 1154 850 Lex,
1179 777 1336 855 resistente

139 862 248 944 Appio
275 860 433 932 Claudio,
464 860 530 922 lata
558 868 687 932 tameu·,
720 867 752 920 et
771 860 897 941 primus
923 857 1068 920 Licinius
1093 856 1195 920 Stolo
1232 856 1334 923 Gaul

97 943 254 1008 binetus.
297 943 387 1005 ldem
416 942 522 1029 legem
551 942 664 1016 scirit,
691 962 734 1003 ua
759 941 813 1003 eni
833 941 963 1024 plebeio
984 940 1059 1022 plus
1077 950 1219 1004 cantum
1238 941 1333 1027 iugera

96 1024 354 1109 alagribabere
372 1024 499 1090 liceret.
542 1024 584 1087 Et
606 1025 675 1108 ipse
694 1046 795 1107 quum
817 1025 928 1115 ingerp
951 1025 1193 1109 quinquaginta
1222 1032 1336 1089 emis!

140 1109 298 1184 baberet,
323 1107 479 1170 etaltera
506 1107 700 1190 emancipati
722 1107 782 1170 filii
805 1107 939 1170 uomina
957 1107 1167 1191 possideret,
1200 1107 1236 1172 in
1255 1106 1337 1173 ludi·

9 1206 12 1211 ·
140 1192 228 1254 cium
251 1200 384 1257 vocatus
407 1199 441 1252 et
456 1192 584 1275 primns
606 1190 752 1254 omnium
771 1209 829 1253 sna
847 1189 920 1277 lega
939 1190 1073 1275 punitus
1093 1197 1158 1256 est.
1193 1274 1199 1281 ι

565 1368 640 1431 CA
659 1368 686 1433 P
706 1368 740 1434 U
760 1368 791 1432 Τ
829 1367 923 1431 m.

459 1505 489 1548 a.
512 1504 752 1550 vsnarnrus
786 1501 1021 1548 cnsrunro.

179 1637 327 1723 Populus
347 1638 510 1701 Romanus
530 1659 632 1719 qnam
651 1636 823 1715 seditiosos
844 1636 1049 1722 magistratus
1069 1637 1162 1701 ferre
1181 1657 1251 1700 aon
1269 1654 1335 1717 pos-
1369 1630 1371 1668 ³

140 1729 210 1795 sat,
239 1722 450 1785 Decemviros
475 1720 602 1808 legibus
628 1719 809 1785 scribendis
840 1721 982 1795 creavit,
1010 1721 1167 1805 quiens,
1196 1741 1237 1783 ex
1256 1718 1333 1789 libris
1368 1773 1371 1785 .

100 1803 273 1867 uSolonis
302 1803 488 1877 translatas,
519 1804 694 1868 duodecim
722 1802 842 1865 tabulis
873 1811 1105 1886 exposuerunt.
1151 1802 1221 1865 Sed
1250 1824 1332 1885 quun
1368 1820 1371 1834 ¹

109 1904 112 1909 ·
139 1896 238 1970 paeto
270 1886 501 1949 dominationis
527 1888 757 1971 magistratum,
774 1885 838 1947 sibi
867 1895 1104 1987 prorogarunt,
1131 1908 1218 1949 unus
1239 1906 1277 1948 ex
1293 1884 1331 1947 bis
1370 1878 1371 1904 ¹

141 1970 268 2050 Appius
290 1968 442 2031 Claudius
462 1968 647 2054 Virgiaiam
659 2013 668 2043 ,
691 1968 837 2053 Virgiuii
859 1971 1066 2033 (lentus-sonis
1086 1968 1210 2045 filiam,
1234 1968 1267 2031 in
1285 1966 1332 2029 bl·
1369 1962 1371 2002 ³

138 2051 218 2133 gido
239 2050 429 2125 militantis,
451 2051 622 2115 adamavit.
664 2052 772 2129 Quam
792 2072 893 2133 quum
914 2072 1127 2135 corrumpere
1141 2073 1211 2114 nou
1227 2056 1341 2135 posset,¹
1369 2047 1371 2123 ξ

142 2132 294 2195 clientem
315 2133 507 2195 subornavit
518 2152 532 2209 ,·
558 2135 616 2218 qui
640 2154 711 2196 eam
742 2133 777 2194 iu
806 2134 975 2197 servitium
1003 2135 1221 2216 deposceret3
1253 2132 1330 2195 facila
1369 2148 1371 2170 ⁴

99 2214 121 2277 5
140 2215 302 2288 victurus,
325 2237 425 2298 quum
446 2217 516 2299 ipse
538 2226 621 2280 esset
636 2223 808 2279 accusator
822 2225 856 2279 et
874 2217 983 2283 iudex.
1024 2218 1136 2291 Pater,
1153 2237 1192 2279 re
1205 2218 1327 2301 cognita,

141 2319 243 2380 quum
264 2298 335 2380 ipso
357 2297 410 2360 die
435 2300 548 2364 iudicii
573 2299 812 2384 supervenisset
835 2310 868 2362 et
891 2300 991 2363 liliam
1019 2301 1085 2363 inm
1110 2299 1273 2361 addictam
1287 2298 1329 2359 si·

142 2383 250 2456 deret,
282 2381 399 2443 ultimo
431 2384 498 2445 cius
525 2382 671 2468 alloquio
701 2383 895 2464 impetrato,
918 2406 1018 2465 quum
1040 2406 1110 2445 earu
1132 2382 1168 2444 iu
1189 2384 1330 2453 secretuln

142 2463 344 2537 abduxisset,
368 2464 507 2541 occidit3
529 2470 700 2548 et'corpus
723 2466 791 2529 eius
813 2466 950 2530 humero
972 2488 1084 2553 gemas
1107 2464 1149 2526 ad
1171 2465 1330 2527 exercitans

140 2548 308 2632 profugit,
331 2552 365 2608 et
386 2547 506 2611 milites
527 2549 568 2611 ad
587 2547 818 2612 vindicandum
841 2551 965 2611 facinus
987 2548 1151 2613 accendit:
1176 2550 1253 2632 qui,
1273 2553 1331 2610 crs·

106 2664 112 2677 .
143 2632 204 2692 atis
225 2631 337 2692 decem
358 2629 534 2707 Tribunis,
561 2631 757 2695 Aventinum
780 2643 993 2714 occuparunt,
1014 2632 1228 2695 Decemviros
1249 2628 1330 2717 nb'di·

141 2733 216 2773 care
236 2734 271 2775 se
291 2713 480 2795 magistratu
502 2724 761 2798 praeceperunt,
794 2736 915 2799 eosque
946 2736 1055 2779 «amnes
1087 2723 1144 2775 aut
1165 2726 1274 2779 morte
1290 2718 1332 2777 aul
1369 2769 1371 2775 .

100 2793 256 2872 {dessilio
275 2797 466 2880 punierunt.
505 2799 631 2883 Appius
654 2797 806 2862 Claudius
827 2800 862 2860 in
882 2803 1014 2864 carcere
1034 2807 1167 2862 uecatus
1190 2809 1252 2865 est.
1370 2876 1371 2882 ἵ

559 2977 785 3042 CAPUT
824 2978 932 3041 xxu.

467 3115 676 3161 suscuumut
698 3115 816 3157 lon!
837 3116 1013 3161 ADVECTUS·

179 3242 317 3305 Romani
338 3241 381 3304 ob
402 3245 638 3323 pestilentiam,
670 3267 828 3329 responso
851 3257 1022 3320 monento,
1047 3244 1097 3307 ‘ad'
1120 3244 1335 3330 Aesculapium

138 3323 305 3406 Epidauro
332 3328 555 3391 arcessendum
577 3328 686 3390 decem
709 3330 852 3415 legatos,
875 3334 1026 3414 principe
1047 3330 1090 3407 Q·
1110 3328 1270 3413 Ogulnio,
1283 3326 1336 3391 mi·

98 3415 261 3467 asserant.
304 3404 369 3483 Qui
392 3429 491 3490 quum
513 3433 552 3472 eo
575 3412 754 3486 venissent,
779 3423 810 3474 et
832 3414 1045 3477 simulacrum
1066 3413 1178 3496 iugens
1195 3410 1336 3474 miraren-

139 3497 194 3549 tur
204 3533 216 3568 Ι,
239 3489 351 3568 anguis
372 3491 541 3552 enodibus
563 3493 632 3553 eius
654 3492 798 3574 elapsus,
820 3496 1034 3568 venerabilis,
1062 3515 1129 3557 nou
1154 3494 1354 3575 horribilis,¹

138 3591 200 3653 per
219 3571 359 3633 mediam
381 3571 496 3634 urbem
518 3596 592 3637 cum
614 3572 832 3641 admiratione
843 3580 999 3641 'omnium
1020 3576 1061 3638 ad
1081 3598 1197 3640 navem
1225 3579 1353 3639 Romam

97 3644 119 3709 5
139 3675 213 3716 nam
233 3655 400 3737 perrexit,
422 3664 455 3717 et
474 3677 509 3718 se
530 3657 563 3718 iu
586 3655 722 3740 Ogulnii
749 3661 959 3725 uberetaculo
983 3660 1196 3742 conspiravit.
1227 3656 1338 3744 Legati,

138 3740 245 3834 Deum
266 3737 437 3814 vehentes,
459 3738 593 3803 Antium
611 3745 761 3821 provecti
780 3754 874 3820 sunt3
897 3746 955 3808 ubi
976 3765 1038 3827 per
1058 3741 1230 3806 malaciam
1255 3740 1338 3806 maris
1369 3782 1371 3831 ;

139 3839 252 3960 apguss
281 3822 469 3967 pmffilin
499 3823 686 3908 Aesculapii
707 3827 817 3889 fanum
838 3830 953 3912 petiit,
982 3836 1015 3890 et
1037 3834 1114 3909 post
1136 3848 1262 3909 paucos
1280 3824 1336 3886 dies

138 3922 156 3961 a
212 3923 274 3962 nav
469 3925 477 3965 t
912 3913 919 3928 ¹
985 3911 993 3930 ’
1308 3905 1315 3920 ’

136 3914 480 4132 ptrlpgpniriijnsuiifn
497 3908 1341 4140 ίέἷῆῗιῗῐέωᾶὶῗίἀἓξὲξ]υᾘδὲηοοᾝξῆῑξεξξυζὲρῖ

251 4089 283 4128 sa
304 4090 386 4132 mara
408 4092 506 4135 ceers
556 4096 573 4139 e
594 4097 629 4140 se
651 4097 668 4136 a
726 4097 786 4141 es.

544 4254 667 4362 oar
689 4258 722 4361 u
744 4257 773 4319 r
813 4259 937 4323 xxur.

502 4389 539 4431 ss.
563 4365 721 4437 roaros
753 4394 983 4438 cauranus.

128 4511 131 4517 ’
176 4511 298 4613 Furius
330 4515 483 4616 Cpmi'llns
511 4541 612 4601 quum
637 4518 783 4589 Faliscos
815 4524 1002 4600 obsideret,
1032 4520 1072 4605 aa
1095 4508 1168 4588 ludi
1196 4515 1343 4587 litterarii

122 4605 287 4680 magister
303 4620 495 4686 principum
521 4604 608 4668 lilios
629 4605 670 4669 ad
694 4630 769 4671 eum
788 4605 991 4682 adduxisset,
1022 4609 1176 4672 vinctum·
1189 4630 1263 4671 enm
1282 4604 1344 4665 iis-
