2850 4958
104 290 154 389 48

105 450 270 527 victoria,
301 446 337 515 in
355 454 498 515 mortem
524 446 753 519 dimicabatur.
799 450 936 524 Caesar,
964 466 1048 535 quos
1068 452 1160 515 ferro
1186 462 1328 537 poterat

106 538 318 609 interimere,
338 535 448 611 serbis
468 532 612 597 mulcere
633 536 787 619 cupiens,
816 534 1049 619 clamitansqus
1069 544 1103 597 et
1123 538 1328 615 ostendens,

93 620 231 703 fugasse
250 620 450 692 Antonium,
481 620 678 699 quaerebat,
705 641 852 701 proquo
873 629 906 677 st
929 639 1002 679 suna
1026 626 1329 703 propugnarent?

107 703 232 776 atilli,
256 723 356 785 quum
378 701 435 762 diu
454 721 517 781 pro
541 702 672 765 absente
696 700 903 763 dimicassent
929 700 1033 773 duce,
1055 722 1151 781 aegre
1175 706 1331 768 submis-

107 783 150 849 sis
172 787 271 847 armis
292 804 417 846 cessere
447 785 641 849 victoriam:
673 786 836 867 citiusque
863 787 963 846 sitnm
989 786 1181 867 veniamque
1206 790 1330 853 Caesar

105 868 283 955 promisit,
306 889 404 949 quam
426 866 510 941 illis,
533 877 571 929 ut
592 891 628 931 ea
649 878 885 951 precarentur,
908 890 1098 952 persuasum
1119 880 1178 931 est.
1226 872 1329 935 Fuit-

107 975 172 1039 que
192 954 226 1015 in
248 957 415 1025 confesso,
444 952 564 1014 milites
592 954 711 1035 optimi
739 953 968 1033 imperatoris,
1000 953 1240 1034 imperatorem
1271 960 1330 1020 l'u-

106 1030 269 1121 gacissimi
292 1036 405 1099 militis
427 1036 576 1097 functum
598 1037 716 1099 officio·
749 1038 830 1114 Quis
856 1036 1004 1111 dubitet,
1028 1058 1108 1111 suo,
1130 1060 1170 1097 an
1187 1039 1270 1103 Cleo
1298 1064 1332 1103 a·

106 1130 179 1183 trae
199 1120 340 1181 arbitrio
369 1120 543 1181 victoriam
573 1127 815 1204 temperaturus
840 1120 962 1193 fuerit,
993 1120 1049 1202 qui
1075 1120 1116 1179 bd
1138 1122 1209 1184 eius
1231 1064 1330 1187 arbi*

106 1204 210 1266 trium
242 1202 365 1265 direxit
396 1199 526 1286 fugam?
566 1202 658 1265 Idem
687 1202 825 1268 locatus.
844 1206 877 1265 in
907 1211 997 1264 terra
1024 1201 1106 1265 fecit
1138 1208 1328 1285 exereitus,

108 1290 209 1373 quum
231 1308 264 1347 se
286 1284 438 1348 Canidius
460 1287 636 1368 praecipiti
663 1289 740 1370 iuga
760 1290 921 1369 rapuisset
947 1282 987 1346 ad
1009 1287 1202 1353 Antonium.

149 1366 330 1433 LXXXVI.
362 1368 451 1445 Quid
475 1368 529 1430 ille
560 1370 628 1432 dies
658 1378 822 1431 terrarum
847 1371 922 1431 orbi
944 1362 1169 1453 praestiterit,
1192 1393 1326 1459 exque

108 1451 144 1517 in
166 1476 264 1537 quem
284 1462 402 1517 statum
423 1454 612 1535 pervenerit
631 1456 764 1515 fortuna
784 1453 917 1537 publica
930 1499 939 1528 ,
976 1454 1049 1534 quis
1072 1454 1104 1515 in
1126 1454 1192 1517 boc
1214 1466 1329 1521 mans-

107 1558 205 1600 cursu
227 1547 294 1599 tam
324 1536 421 1599 artati
454 1535 564 1618 operis
594 1538 778 1621 exprimere
799 1538 940 1599 audeat?
986 1538 1134 1599 Victoria
1157 1554 1239 1603 vero
1261 1544 1328 1605 fuit

108 1622 376 1684 clementissima:
398 1640 458 1680 nec
480 1620 651 1719 quisquam
674 1622 865 1683 interemtus
888 1628 952 1695 est,
975 1621 1038 1681 nisi
1059 1623 1270 1703 paucissimi,
1295 1634 1327 1687 et

106 1700 164 1780 bi,
186 1707 243 1788 qui
265 1727 307 1767 ne
328 1704 497 1784 deprecari
520 1703 653 1785 quidem
674 1726 736 1786 pro
759 1726 793 1766 se
814 1706 1023 1767 sustinerent.
1066 1706 1200 1788 Exque
1229 1706 1325 1771 leni-

106 1796 175 1849 tate
197 1789 289 1850 ducis
309 1784 421 1869 colligi
445 1788 576 1866 potuit,
609 1809 706 1889 quem
726 1796 783 1847 aut
805 1789 900 1850 initio
922 1788 1148 1850 triumviratus
1171 1792 1248 1865 sui,·
1269 1800 1327 1855 aut

10 1896 13 1901 ·
108 1872 142 1932 in
164 1868 285 1955 eampis
315 1864 512 1951 Philippiis,
544 1871 571 1939 si
602 1890 649 1935 stc
678 1870 845 1945 licuisset,
878 1869 1039 1933 victoriae
1069 1892 1145 1933 suae
1176 1868 1325 1939 salmurus

105 1952 210 2015 fuerit
231 1953 376 2015 modum.
419 1952 463 2015 At
483 1954 613 2015 Sosium
634 1954 671 2013 L.
694 1953 844 2029 Arantii,
867 1955 976 2036 prisca
997 1957 1156 2038 gravitate
1173 1958 1327 2023 celeber-

106 2032 207 2111 rimi,
230 2037 328 2111 iidcs,
351 2056 429 2098 mox
449 2032 506 2099 diu
530 2040 630 2117 [cum]
651 2035 821 2099 elementia
842 2037 984 2099 luctatus
1005 2060 1062 2099 sus
1085 2036 1224 2115 Caesar,
1245 2064 1325 2105 ser-¹·

105 2121 195 2183 ravit
226 2118 434 2183 incolumem.
478 2121 553 2182 Non
584 2127 811 2203 praetereatur
831 2114 937 2181 Asinii
963 2112 1126 2183 Pollionis
1146 2124 1328 2189 factum-et

107 2204 233 2267 dictum
255 2202 480 2265 memorabile.
521 2204 671 2288 Namque
690 2224 793 2287 quum
812 2226 847 2267 se
867 2212 944 2288 post
964 2202 1194 2267 Brundisinam
1209 2230 1327 2290 pacem

107 2287 322 2351 continuisset
343 2287 376 2347 in
397 2287 515 2363 Italia,
537 2309 644 2370 neque
665 2299 722 2349 aut
742 2287 875 2350 vidisset
897 2302 1050 2373 umquam
1078 2290 1243 2369 reginam,
1267 2302 1325 2355 sut

106 2380 184 2457 post
210 2380 397 2433 enervatum
429 2388 540 2432 amore
568 2374 638 2434 eius
667 2366 805 2433 Antonii
831 2372 1177 2455 animum-partibus
1199 2376 1270 2436 eius
1291 2396 1325 2441 ss

106 2456 306 2529 miscuisset,
330 2452 466 2537 rigante
487 2456 640 2530 Caesare,
671 2466 709 2516 ut
728 2478 835 2517 secum
861 2455 907 2515 ad
927 2455 1044 2517 bellum
1062 2462 1327 2539 preficimus-etur

105 2540 303 2612 Actiacum,
326 2541 420 2611 Mea,
444 2537 564 2621 inquit,
587 2544 622 2601 in
638 2538 818 2601 Antonium
841 2544 971 2599 maiora
990 2550 1109 2601 merita
1128 2554 1215 2616 stent,
1238 2544 1327 2605 silaus

107 2628 142 2685 ia
163 2647 215 2683 me
237 2622 394 2699 beneficia
415 2628 568 2683 notior-ua
592 2626 705 2707 itaque
722 2622 903 2684 discr-mum·
918 2633 1025 2687 aestro
1046 2648 1097 2685 ms
1116 2624 1325 2703 subtraham,

108 2719 141 2767 et
162 2728 217 2767 ero
237 2704 362 2781 praeda
383 2706 528 2767 victoris.
1108 2782 1111 2787 ⁴

148 2788 345 2851 LXXXVII.
378 2786 537 2851 Proximo
565 2783 683 2851 deinde
709 2810 794 2850 anno
822 2799 1012 2872 persecutus
1040 2790 1185 2876 reginam
1210 2791 1327 2856 Anto-

106 2872 264 2957 nIumque
285 2870 532 2946 Alexandriam,
556 2872 704 2935 ultimum
723 2871 819 2933 bellis
840 2874 993 2937 civilibus
1009 2876 1166 2961 imposuit
1179 2898 1324 2941 manum.

106 2956 270 3019 Antonius
292 2977 324 3017 se
347 2956 415 3035 ipse
436 2977 503 3017 non
526 2956 669 3040 segniter
691 2956 878 3031 interemit,
901 2957 983 3021 adeo
1005 2969 1042 3021 at
1063 2958 1162 3021 multa
1182 2952 1328 3023 desidiae
1370 3024 1372 3029 ,

108 3040 247 3103 crimina
269 3062 334 3101 una
359 3048 467 3099 morte
494 3040 683 3101 redimeret.
727 3038 771 3102 At
792 3038 988 3122 Cleopatra,
1020 3038 1184 3105 frustratis
1206 3053 1328 3105 eusto-

109 3124 223 3199 dibus,
252 3122 342 3185 illata
370 3118 501 3203 aspide,-
532 3140 661 3187 morsus
683 3121 771 3196 eius,
793 3135 871 3183 saue
891 3136 1006 3204 expers
1027 3126 1197 3188 muliebris
1220 3136 1326 3209 metus

109 3209 264 3290 spiritum
290 3202 447 3269 reddidit.
491 3207 633 3287 Fuitque
656 3214 689 3266 et
707 3206 842 3267 fortuna
865 3214 897 3267 et
918 3208 1089 3271 elementia
1112 3209 1258 3272 Caesaris
1272 3210 1329 3274 di·-

109 3313 227 3375 guum,
261 3282 351 3371 quod
374 3310 472 3371 ¹uersae
504 3311 543 3350 ex
569 3288 639 3362 bis,
671 3288 728 3370 qui
755 3295 872 3371 contra
895 3306 968 3352 eum
990 3306 1078 3353 arma
1100 3292 1262 3375 tulerant,
1284 3294 1327 3357 ab

111 3396 149 3435 eo
186 3374 314 3433 iussure
346 3370 414 3431 eius
443 3371 487 3431 sit
518 3372 721 3451 interemtus.
765 3373 808 3431 D.
830 3372 970 3435 Brutum
1001 3375 1137 3437 Antonii
1159 3376 1331 3439 interemit

110 3452 297 3517 crudelitas.
341 3452 414 3512 Sex.
438 3452 652 3536 Pompeium,
675 3452 715 3513 ab
741 3453 854 3514 eodem
876 3456 1017 3534 rictum,
1040 3459 1127 3521 idem
1142 3458 1329 3537 Antonius,

61 3584 64 3589 -
110 3560 212 3623 qaum
234 3534 401 3622 dignitatis
430 3548 563 3619 quoque
586 3534 763 3597 servandae
787 3535 928 3602 dedisset
949 3542 1063 3618 fidem,
1088 3541 1185 3603 ctiam
1206 3542 1331 3625 spiritu

110 3620 264 3708 privarit.
307 3621 426 3681 Brutus
453 3628 486 3681 et
513 3619 660 3694 Cassius,
690 3628 764 3680 aute
794 3636 891 3705 quam
912 3625 1077 3709 victorum
1098 3617 1332 3709 experirentur

111 3706 273 3779 animum,
313 3701 498 3766 voluntaria
533 3712 641 3765 morte
674 3703 840 3768 obierunt.
894 3708 1031 3772 Antonii
1056 3708 1331 3793 ,Cleopatraeque

113 3789 186 3875 quis
215 3789 331 3853 fuisset
360 3788 486 3859 exitus,
526 3787 740 3850 narravimus.
796 3790 949 3855 Canidius
984 3792 1131 3855 timidius
1167 3791 1328 3870 decessit,

113 3895 210 3955 quam
232 3871 431 3955 professioni
457 3870 543 3945 eius,
566 3894 629 3954 qua
651 3888 779 3954 semper
799 3888 874 3935 usus
898 3884 987 3951 erat,
1012 3877 1225 3955 congruebat.
1268 3876 1333 3939 Ul-

112 3956 211 4018 timus
233 3963 341 4017 autem
364 3974 403 4015 en
425 3954 693 4019 interfectoribus
715 3959 861 4020 Caesaris
873 3958 1058 4022 Parmensis
1073 3960 1200 4023 Cassius
1219 3968 1331 4025 morte

112 4060 235 4125 poenas
254 4036 363 4109 dedit,
385 4045 423 4099 ut
443 4036 579 4101 dederat
600 4041 758 4122 [primus]
784 4042 983 4105 Trebonius.

102 4120 105 4125 ’
154 4121 370 4201 LXXXVIII.
402 4125 489 4185 Dum
510 4122 658 4185 ultimam
679 4124 768 4185 bello
790 4124 925 4188 Actiaco
947 4125 1235 4212 Alexandrinoque
1254 4130 1334 4192 Cae-

114 4229 168 4271 sar
188 4207 331 4287 imponit
348 4228 500 4282 manum,
523 4208 568 4267 Μ.
592 4205 732 4291 Lepidus
747 4205 880 4269 iuvenis
900 4212 1006 4271 forma
1024 4233 1119 4292 quam
1134 4222 1244 4274 mente
1257 4234 1334 4275 me·-

104 4290 201 4363 .lior,
222 4288 339 4371 Lepidi
361 4290 448 4365 eius,
470 4289 528 4373 qui
551 4288 720 4351 Triumsir
742 4286 850 4353 fuerat
870 4292 1083 4375 Reipublicae
1108 4296 1332 4359 constiduen-

105 4370 194 4446 dae,
226 4372 331 4447 filius,
364 4373 459 4435 lunia
485 4372 580 4433 Bruti
607 4393 723 4435 sorore
752 4381 867 4447 natus,
898 4376 1135 4452 interficiendi,
1169 4381 1268 4442 simul
1296 4380 1333 4442 iu

115 4458 244 4521 Urbem
266 4457 476 4529 revertisset,
500 4456 642 4519 Caesaris
663 4454 800 4515 consilia
821 4457 950 4521 inierat.
989 4460 1081 4522 Tunc
1096 4463 1199 4525 Urbis
1213 4473 1333 4525 custo·-

117 4540 181 4603 diis
210 4541 418 4624 praepositus
443 4536 479 4599 C.
501 4540 690 4613 Maecenas,
724 4540 889 4622 equestri,
921 4541 978 4605 sed
1004 4544 1177 4626 splendido
1210 4568 1335 4629 genere

106 4619 232 4699 'uatus,
254 4624 325 4699 vir,
349 4622 475 4699 ubi-res
490 4619 641 4707 sigilium
658 4621 922 4709 exigerat,·sane
943 4628 1117 4704 exsomnis,
1138 4630 1332 4714 providens,
