2834 4950
266 1110 269 1115 ¹
393 1011 433 1087 c.
458 964 658 1087 raanan
692 1008 979 1090 sarnacum

144 1261 683 1384 Hrsroama
738 1265 1225 1390 ROMANAE
1273 1206 1276 1212 ’
1408 1410 1412 1423 k

378 1533 458 1637 ,an
496 1531 551 1611 u.
566 1661 570 1667 ,
587 1527 825 1609 ammon
865 1529 975 1609 uos.

446 1774 451 1783 “
561 1744 868 1869 marai.¹
961 1849 962 1852 γ

522 1959 851 1989 w

119 2082 151 2146 1.
177 2084 221 2121 ⁴*
253 2081 387 2169 [Epeos]
423 2092 617 2171 tempestate
653 2082 828 2147 distractus
863 2105 882 2146 a
912 2081 996 2147 duce
1030 2078 1102 2150 suo*
1132 2056 1292 2165 liestore,

73 2169 306 2251 Metapontum
327 2168 487 2231 condidit.
532 2171 677 2243 Teucer,
702 2191 770 2229 non
791 2177 943 2249 receptus
960 2181 1089 2252 apatre
1103 2170 1294 2248 Telamone,

75 2252 123 2314 oh
144 2252 317 2336 segnitiam
348 2274 415 2313 non
435 2254 618 2321 vindicatae
640 2254 752 2313 fratris
775 2252 936 2325 iniuriae,
962 2253 987 2312 C
1010 2276 1111 2335 prum
1129 2256 1294 2337 adpulsus,

73 2333 307 2418 cognominem
327 2337 454 2417 patriae
468 2358 545 2399 suae
559 2337 720 2398 Salamina
735 2336 918 2397 constitnit.
961 2273 1132 2418 Plyirrhus,
1156 2339 1296 2400 Achillis

74 2419 186 2493 tilius,
230 2421 369 2502 Epirum
400 2421 594 2504 occupavit,
629 2419 815 2501 Phidippus
836 2419 1005 2504 Ephyram
1027 2420 1062 2482 in
1083 2423 1295 2506 Thesprotia.

73 2503 123 2563 At
142 2523 202 2565 rex
222 2525 338 2588 regum
359 2502 602 2586 Agamemnon,
623 2511 816 2584 tempestate
838 2506 871 2565 in
894 2505 1022 2564 Cretam
1047 2504 1185 2568 insulam
1214 2507 1299 2568 raia-

79 2595 174 2661 ctus,
197 2595 263 2648 tres
284 2587 333 2647 ibi
365 2589 463 2648 urbes
491 2588 626 2649 statuit:
659 2586 738 2647 duas
769 2608 787 2645 a
816 2586 944 2670 patriae
974 2589 1129 2665 nomine,
1158 2610 1298 2652 anama

77 2671 239 2732 victoriae
281 2671 468 2744 memoria,
511 2674 691 2753 Mycenas,
733 2671 902 2751 Tegeam,
943 2668 1150 2752 Pergamum.
1202 2671 1297 2734 Ideni

79 2773 160 2813 mox
187 2753 307 2819 scelere
340 2754 498 2836 patruelia
519 2755 631 2816 fratris
658 2751 828 2835 Aegisthi,
851 2753 1091 2817 hereditarium
1116 2759 1298 2818 exercentis

82 2835 119 2896 in
148 2856 222 2897 cum
245 2836 375 2910 odium,
408 2847 440 2898 et
464 2838 613 2899 facinore
637 2838 750 2898 uxoria
773 2858 947 2918 oppressus
973 2839 1150 2901 occiditur.
1191 2839 1298 2922 Regni

78 2919 214 3002 potitur
237 2919 409 3002 Aegisthus
432 2940 494 3003 per
521 2941 622 2981 annos
646 2919 727 2981 VII.
769 2921 1042 2996 Hunctorestes,
1070 2932 1296 3002 matremque,

77 3004 168 3064 socia
186 3006 398 3067 consiliorum
422 3003 568 3065 omnium
589 3002 706 3064 sorore
726 3001 877 3075 Electra,
900 3001 1006 3065 virilis
1030 3006 1296 3077 animi-femina,

78 3088 268 3148 obtruncat.
312 3090 448 3149 Factum
478 3084 545 3170 ejus
575 3108 593 3145 a
618 3085 691 3146 Diis
717 3086 989 3168 comprobatum,
1021 3088 1125 3167 spatio
1149 3087 1235 3147 vitae
1265 3095 1299 3146 et

76 3170 239 3233 felicitate
271 3172 402 3253 imperii
435 3170 608 3253 apparuit:
655 3167 778 3251 quippe
808 3168 892 3229 vixit
919 3172 1011 3230 annis
1038 3171 1113 3243 XC,
1149 3169 1300 3250 regnavit

78 3253 187 3328 Lxx,
211 3255 268 3337 qui
289 3275 323 3315 se
345 3255 442 3315 etiam
464 3276 484 3313 a
504 3252 661 3335 Pyrrho,
686 3249 825 3313 Achillis
848 3250 940 3323 filio,
963 3252 1085 3315 virtute
1105 3253 1315 3324 vindicavit„

76 3337 163 3397 Nam
184 3338 276 3420 quod
296 3346 411 3420 pactae
433 3337 512 3409 eius,
536 3334 676 3397 Menelai
696 3344 795 3419 atque
815 3334 958 3396 Helenae
973 3336 1070 3411 filiae,
1087 3337 1296 3410 Hermiones,

77 3422 212 3502 nuptias
233 3429 470 3503 occupaverat,
493 3420 632 3503 Delphis
644 3440 718 3479 enm
733 3419 910 3482 interiecit.
952 3419 1019 3483 Per
1038 3421 1121 3482 haec
1143 3429 1297 3503 tempora

80 3503 191 3584 Lydus
211 3513 244 3564 et
265 3504 457 3586 Tyrrhenus
477 3505 597 3565 fratres
627 3524 726 3584 quum
752 3505 989 3587 regnarent·in
1018 3504 1142 3586 Lydia,
1171 3503 1299 3565 sterili-

83 3594 150 3647 tate
169 3589 301 3670 frugum
324 3587 506 3670 compulsi,
530 3587 640 3648 sortiti
661 3594 747 3659 sunt,
770 3597 940 3648 uter-cum
961 3595 1056 3668 parte
1076 3586 1298 3647 multitudinis

81 3671 191 3751 patria
212 3670 395 3732 decederet.
440 3670 520 3732 Sors
543 3670 752 3753 Tyrrhenum
774 3670 926 3751 contigit.
968 3670 1146 3731 Persectus
1166 3669 1199 3729 in
1221 3668 1298 3733 Ita-

78 3754 181 3827 liam,
216 3763 250 3816 et
278 3754 355 3816 loco
389 3761 422 3815 et
451 3753 569 3815 incolis
602 3762 634 3815 et
664 3752 747 3813 mari
776 3753 889 3813 nobile
920 3773 958 3813 ac
987 3761 1232 3836 perpetuumu
1262 3771 1300 3814 se

79 3860 205 3901 nomen
231 3837 333 3903 dedit„
365 3837 447 3898 Post
473 3837 601 3898 Orestis
631 3836 821 3908 interitum,
851 3834 911 3899 filii
941 3837 1032 3913 eius,
1066 3831 1240 3899 Penthilus
1264 3843 1300 3898 aa

78 3921 294 3995 Tisamenus,
315 3940 493 4003 regnavere
513 3920 671 3982 triennio.
1323 3974 1325 3978 ,

122 4006 168 4066 ll.
204 4006 309 4077 Tum,
341 4006 412 4067 fere
432 4024 517 4065 anno
549 4001 751 4086 octogesimo
778 4006 856 4082 post
885 3999 1022 4066 Troiam
1048 4009 1175 4084 captam
1188 4044 1204 4074 ‚-
1217 4020 1300 4065 cera*

84 4090 200 4150 tesimo
223 4096 257 4150 et
277 4087 433 4149 vicesimo
445 4133 454 4162 ,
477 4107 573 4168 quam
596 4083 754 4148 Hercules
774 4081 815 4145 ad
836 4087 925 4144 Deos
945 4094 1141 4160 excesserat,
1163 4082 1300 4168 Pelopis

83 4173 275 4255 progenies,
299 4192 382 4254 quae
403 4174 491 4233 omni
513 4170 579 4231 hoc
600 4178 768 4245 tempore,
790 4167 893 4250 pulsis
915 4167 1115 4244 Heraclidis,
1134 4165 1302 4247 Pelopon-

81 4256 156 4316 nesi
185 4256 362 4339 imperium
396 4255 610 4326 obtinuerat,
649 4254 689 4316 ah
726 4251 877 4313 Herculis
916 4251 1075 4332 progenie
1113 4249 1302 4335 expellitum

79 4340 193 4403 Duces
213 4338 430 4422 recuperandi
452 4339 583 4420 imperii
603 4339 717 4409 luere,
740 4335 918 4407 Temenus,
951 4334 1187 4416 Cresphontes,
1220 4335 1303 4397 Ari-

79 4424 267 4497 stodemus,
291 4444 433 4507 quorum
458 4425 576 4483 abavus
596 4422 715 4483 lucrat.
758 4418 883 4480 Eodem
898 4420 967 4479 fere
988 4425 1139 4501 tempore
1153 4417 1301 4483 amma·

79 4506 141 4569 suh
161 4509 311 4587 regibus
336 4528 404 4569 esse
429 4506 619 4568 desierunt:
651 4523 791 4587 quarum
817 4501 953 4565 ultimus
978 4521 1038 4562 rex
1064 4501 1129 4565 fuit
1153 4500 1311 4568 Codrus,

81 4584 244 4657 Nslsnthi
264 4590 370 4673 filios,
396 4590 450 4656 vir
469 4611 537 4660 uon
556 4586 830 4713 praetereundus.
875 4584 1044 4672 Quippe,
1079 4604 1193 4670 quum
1211 4583 1333 4642 haas-

731 4697 747 4738 a
