2850 4958
158 265 228 341 55
253 261 384 342 vasu
399 260 767 396 55555555.
794 265 854 341 55.
868 263 1005 364 5557.
1021 264 1082 342 aa
1179 280 1253 354 225

483 426 820 529 5555555

414 566 473 609 cn.
494 532 697 610 Ι5555555
736 562 887 608 55555.

91 701 217 762 Gnaeus
236 698 377 762 Manlius
399 697 504 760 Vulso
521 697 668 777 [Consul]
682 698 796 760 missus
811 698 851 761 ad
867 697 1079 764 ordinandam
1093 703 1258 787 Scipionis

40 783 186 846 Asiatici
207 785 432 869 provinciam,
456 782 609 864 cupidine
629 783 790 865 triumphi
810 782 933 846 bellum
953 784 1073 846 Pisidia
1094 797 1126 848 et
1148 791 1257 852 Gallo-

38 868 186 955 graecis,
210 868 266 951 qui
288 866 454 929 Antiocho
478 866 659 940 adfuerant,
684 865 808 928 intulit.
854 868 915 930 His
936 866 1032 930 facile
1050 871 1155 946 victis,
1173 876 1260 937 inter
1280 897 1301 940 a

41 952 197 1033 captivos
217 972 303 1014 uxor
325 950 412 1033 regis
434 949 640 1034 Ortiagontis
661 949 847 1011 centurioni
868 951 998 1013 cuidam
1023 952 1056 1013 in
1077 957 1257 1021 custodiam

42 1033 140 1096 data:
171 1055 277 1118 aquo
298 1034 331 1095 51
353 1042 517 1117 stuprata,
548 1031 589 1093 de
609 1031 729 1094 iniuria
751 1034 872 1109 tacuit3
906 1044 1053 1116 etpost,
1086 1037 1259 1125 impetrata

40 1116 272 1195 redemtione,
294 1118 413 1181 marito
435 1115 621 1182 adulterum
641 1113 901 1181 interficiendum
921 1118 1070 1184 tradidit.

459 1284 869 1379 ,capuanus

280 1489 283 1495 ¹
340 1432 371 1475 la.
392 1431 543 1477 arsamus
564 1430 701 1476 PAULWS
723 1433 957 1479 UACEDOMCUS·

91 1565 212 1630 Lucius
232 1564 365 1631 Paullus
385 1562 557 1638 Aemilius,
579 1560 664 1626 filius
690 1563 771 1638 eius,
795 1567 852 1648 qui
874 1565 960 1647 apud
983 1564 1105 1629 Cannas
1127 1568 1259 1646 cecidit,

42 1653 160 1735 primo
184 1650 370 1723 consulatu,
394 1670 489 1733 quem
511 1655 590 1729 post
610 1655 676 1707 tres
698 1648 843 1729 repulsas
865 1649 1001 1733 adeptus
1024 1661 1113 1725 erat,
1136 1652 1260 1721 daLi.

44 1735 186 1819 guribus
208 1728 434 1814 triumphavit.
475 1728 597 1791 Rerum
619 1730 781 1810 gestarum
798 1731 947 1793 ordinem
962 1734 994 1793 in
1009 1733 1117 1795 tabula
1127 1736 1263 1818 piatum
1279 1760 1299 1802 a

43 1817 182 1901 publice
204 1816 327 1899 posuit.
370 1816 495 1876 lterum
519 1814 640 1874 Consul
660 1814 803 1888 Persen,
831 1814 979 1898 Philippi
1003 1814 1126 1889 filium,
1149 1812 1264 1902 regem‘

45 1901 287 1973 Macedonum,
319 1898 405 1980 apud
429 1897 657 1958 Samothraces
686 1897 792 1976 cepit,
824 1919 919 1981 quem
948 1900 1071 1961 victum
1107 1900 1196 1962 flevit
1227 1913 1260 1965 et

10 1976 22 1987 ”
45 1983 197 2045 adsidere
211 1983 273 2044 sibi
294 1981 408 2042 iussit:
432 1979 595 2055 tamenin
619 1978 822 2059 triumphum
845 1981 949 2042 duxit.
993 1984 1030 2042 ln
1053 1984 1115 2044 hac
1134 1984 1258 2049 laetitia
1279 1987 1301 2050 5

45 2066 131 2129 duos
152 2066 238 2127 filios
260 2066 385 2127 amisit:
418 2073 451 2125 et
471 2082 663 2145 progressus
690 2063 730 2125 ad
750 2062 927 2145 populum,
951 2067 1070 2147 gratias
1093 2067 1258 2133 Fortunae

46 2148 272 2234 egit,'quod,
304 2148 330 2209 51
358 2147 438 2230 quid
470 2144 596 2231 adversi
617 2146 832 2230 Reipublicae
862 2147 1071 2225 imminebat,
1095 2172 1151 2211 sua
1176 2163 1259 2215 esset

45 2233 231 2296 calamitate
259 2231 414 2311 decisum.
460 2229 514 2290 Ob
544 2228 633 2313 15555,
657 2228 765 2315 omnia
797 2230 827 2291 ei
849 2253 867 2290 a
887 2233 1013 2313 populo
1041 2234 1300 2314 5158555154

46 2337 237 2377 eoncessum
269 2310 345 2387 551,
360 2323 398 2376 51
426 2312 512 2376 155115
541 2312 746 2394 Circensibus
774 2313 965 2396 triumphali
988 2325 1076 2378 55515
1097 2327 1256 2383 uteretur.

48 2399 102 2459 Ob
125 2398 222 2459 buius
242 2397 408 2460 licentiam
430 2405 462 2459 et
482 2405 708 2479 paupertatem
730 2402 807 2478 p'ost
830 2406 971 2463 mortem
990 2399 1058 2463 eius
1073 2399 1132 2462 dos
1147 2403 1255 2478 uxori,
1276 2396 1303 2464 5

10 2484 18 2491 “
44 2481 110 2545 nisi
130 2480 269 2547 venditis
287 2480 568 2566 possessionibus,
590 2498 658 2541 555
678 2478 791 2563 potuit
808 2478 943 2555 exsolvi.

438 2628 835 2731 ,55555555

421 2793 485 2835 m·
507 2793 700 2841 smnomus
723 2796 895 2840 GRACCHUS·

87 2925 242 2989 Tiberius
262 2923 475 3011 Sempronius
497 2924 675 3000 Gracchus,
697 2925 900 2989 nobilissima
920 2924 1043 2989 familia
1063 2937 1166 3004 ortus,
1180 2929 1257 2995 Sci-s
1295 2912 1301 2924 ’

41 3012 179 3098 pionem
208 3009 409 3084 Asiaticum,
443 3010 589 3092 quamvis
619 3011 806 3083 inimicum,
838 3009 913 3072 duci
942 3011 976 3071 in
1003 3033 1166 3075 carcerem
1188 3035 1257 3075 non

35 3104 95 3161 [est
114 3115 236 3178 passus.
270 3093 421 3155 Praetor
441 3092 580 3155 Galliam
605 3088 746 3168 domuit,
770 3093 890 3155 Consul
910 3095 1125 3174 Hispaniam,
1149 3095 1294 3173 altero-'a

42 3179 215 3240 consulatu
243 3175 445 3238 Sardiniam:
478 3184 669 3260 tantumque
690 3177 898 3259 captivorum
919 3178 1074 3252 adduxit,
1098 3187 1134 3240 ut
1156 3179 1252 3260 longa

41 3263 231 3324 venditione
252 3282 304 3321 res
326 3259 359 3320 iu
380 3258 595 3342 proverbium
618 3261 766 3334 veniret,
788 3259 885 3321 Sardi
901 3262 1035 3326 venales.
1066 3263 1188 3324 Censor
1208 3261 1294 3325 li-3

10 3396 12 3403 .
41 3344 212 3420 bertinus,
244 3343 301 3426 qui
322 3344 460 3405 rusticas
493 3340 600 3411 tribus
632 3351 852 3430 occuparant,
886 3341 920 3404 15
966 3355 1090 3408 551555
1113 3347 1252 3408 urbanas

42 3427 176 3488 divisit:
210 3426 251 3489 ob
281 3426 371 3509 quod
403 3450 421 3487 a
448 3424 574 3511 populo
606 3426 732 3511 collega
763 3427 832 3490 eius
863 3367 1014 3490 Claudius
1034 3431 1123 3510 (nam
1143 3431 1252 3514 ipsum

10 3518 14 3619 ἰ
43 3508 223 3570 auctoritas
243 3510 410 3590 tuebatur)
431 3530 506 3573 reus
526 3510 652 3587 factus3
675 3518 708 3573 et
729 3531 830 3594 quum
851 3529 925 3583 eum
944 3511 1027 3589 duae
1040 3512 1155 3577 classes
1168 3504 1253 3577 coia-

43 3591 263 3665 damnassent,
294 3592 449 3656 Tiberius
478 3594 616 3669 1555511,
644 3614 679 3657 55
698 3615 774 3657 cum
793 3592 853 3656 illo
875 3593 909 3656 in
931 3595 1080 3657 exsilium
1104 3600 1248 3659 iturumt
1288 3612 1296 3637 ⁸

41 3676 89 3738 ita
115 3695 189 3735 raus
211 3674 384 3738 absolutus
417 3682 475 3738 est.
518 3677 628 3756 Quum
660 3677 695 3737 ln
721 3674 824 3739 'domo
852 3675 981 3742 Tiberii
1003 3677 1068 3739 duo
1091 3700 1209 3763 angues
1231 3681 1292 3758 554

41 3757 163 3845 geniali
185 3765 261 3820 toro
282 3759 474 3841 repsisseut,
496 3778 654 3844 responso
676 3757 776 3834 dato,
793 3767 873 3823 ‘eum
894 3758 935 3823 de
955 3756 1097 3824 dominis
1118 3761 1251 3847 perito-3·

41 3864 143 3915 rum,
162 3840 253 3902 cuius
274 3860 367 3904 sexus
388 3842 500 3925 anguis
521 3845 635 3907 fuisset
656 3840 801 3919 55515555
833 3848 946 3920 amore
966 3842 1252 3916 0555515555--

36 3925 127 4015 iugis
145 3944 270 3990 marem
290 3924 387 3989 iussit
407 3924 562 3990 interfici.
960 3940 985 3953 ’·
1117 3952 1120 3957 ·

946 3498 950 3505 ι

10 3628 12 3645 Ι

10 3652 14 3671 ΙΙ

399 4074 842 4189 ·55555555

387 4206 420 4251 5.
449 4198 916 4254 55551551555155555.

83 4341 221 4406 Publius
241 4342 353 4427 Scipio
377 4339 589 4416 Aemilianus,
609 4334 716 4407 Paulli
731 4342 936 4408 Macedonici
951 4343 1047 4421 111155,
1063 4343 1248 4428 aScipiono

37 4425 189 4491 Africani
211 4428 280 4490 filio
303 4427 492 4510 adoptatus,
518 4425 552 4488 15
573 4426 764 4490 Μ555515515
786 4448 859 4490 cum
880 4438 975 4513 patre
998 4451 1105 4513 agens,
1128 4431 1249 4494 5151555

37 4512 164 4573 Persen
185 4519 249 4573 tam
270 4510 484 4594 pertinaciter
504 4520 694 4592 persecutus
714 4518 779 4584 est,
802 4520 839 4573 ut
858 4512 964 4575 media
984 4522 1083 4575 nocte
1097 4514 1130 4575 in
1144 4518 1248 4577 castra

38 4593 190 4660 redierit.
215 4594 352 4659 Lucullo
374 4594 409 4659 15
428 4594 620 4687 {disparuisse
640 4596 791 4684 Legatos,
811 4596 902 4685 apud
920 4594 1140 4663 lutenat‘xum
1156 4598 1264 4681 opus·
1282 4617 1310 4658 5

422 4690 446 4743 ‘'-l
