2850 4958
153 274 202 356 ss
660 265 870 345 vacans
920 218 949 343 ᾗ..

154 440 288 501 modum
311 438 344 499 in
365 437 540 499 voluntate·
553 434 687 497 babent.
706 484 712 501 .
730 430 970 495 Dissuadebent
991 426 1186 516 optlmates3
1208 428 1267 493 scd
1291 448 1376 493 ceu·

154 522 227 585 silia
249 524 374 603 impetu
395 522 480 581 victa
501 525 587 580 sunt.

196 621 334 681 XXXII.
364 619 472 703 Digna
504 628 552 680 est
581 619 740 680 memoria
770 618 813 695 Q.
832 610 943 677 Catuli
964 636 1065 698 quum
1086 614 1280 689 auctoritas,
1303 624 1377 679 tum

153 702 364 765 verecundia:
388 703 445 785 qui
466 698 567 785 quum
588 700 897 784 dissuadens'legcm
911 698 946 760 in
966 698 1127 760 concione
1142 696 1290 773 dixisset,
1306 716 1377 761 esus

155 782 506 870 quadem'prueclur'um
526 790 632 850 uirum
656 787 710 846 Cn.
735 787 927 864 Pompeium
938 826 948 857 ,
970 782 1027 843 sed
1044 783 1178 843 nimium
1201 788 1271 841 ιἀηι
1292 783 1378 843 libs-

154 892 214 930 rae
234 870 462 951 Reipublicae,
485 890 584 952 neque
610 872 719 928 onznia
744 872 779 928 its
805 888 868 927 uiro
889 865 1093 947 reponendas
1114 862 1378 949 adiecissetque,

154 961 186 1016 εἰ
203 954 282 1037 quid
298 952 372 1013 huic
392 951 570 1025 acciderat,
602 972 695 1035 quem
715 955 750 1011 in
770 954 838 1011 esus
858 950 965 1009 locum
985 949 1205 1011 substituitdt?
1245 948 1378 1012 sucula·-¹

154 1037 256 1099 mavit
275 1036 424 1098 universa
445 1033 582 1107 concio,
610 1040 651 1094 Tc
677 1038 715 1115 Q.
741 1035 867 1096 Catulos
900 1032 986 1093 Tum
1007 1031 1064 1093 ille
1086 1030 1191 1092 victus
1211 1050 1377 1095 consensu

156 1120 322 1193 omniurn,
347 1127 380 1179 et
399 1127 466 1179 tam
485 1116 684 1180 honorifico·
697 1117 839 1179 civitatis
859 1115 1049 1177 testimonio
1072 1134 1091 1175 e
1112 1114 1275 1177 concione
1297 1116 1375 1179 dis-

156 1204 264 1263 cessit.
308 1202 372 1263 Hie
393 1201 536 1262 hominis
556 1198 807 1274 verecundiam,
829 1196 945 1281 populi
968 1194 1127 1261 iustitium
1140 1197 1256 1261 mirari
1271 1198 1389 1264 libctt,

155 1286 274 1360 buius,
298 1283 389 1367 quod
410 1306 476 1344 non
496 1283 583 1345 ultra
604 1284 793 1356 contendit3
815 1284 939 1369 plebis,
962 1280 1053 1366 qnod
1073 1278 1317 1343 dissuadentem
1345 1286 1378 1345 et

156 1369 379 1431 adversarium
409 1365 586 1429 voluntatis
617 1388 695 1429 suae
730 1388 808 1429 vero
840 1362 1036 1443 testimonio¹
1065 1362 1219 1433 fraudare
1252 1364 1378 1429 noluit.

156 1450 223 1515 Per
251 1451 338 1529 idem
367 1458 493 1533 tempus
528 1450 623 1521 Cotta
651 1448 817 1511 iudicandi
845 1472 982 1525 munus,
1015 1446 1105 1532 quod
1138 1448 1176 1509 C.
1203 1444 1376 1511 Gracchus

157 1543 307 1617 ereptum
328 1534 461 1595 Senatui
483 1530 522 1595 ad
542 1532 671 1614 ¹equites¹
684 1579 703 1607 ,,
720 1528 809 1593 Sulla
836 1532 965 1597 abillis
986 1532 1027 1595 ad
1047 1522 1203 1609 Senatum
1218 1537 1376 1595 transtu·-

156 1616 282 1693 lerant,
316 1616 496 1701 aequaliter
522 1616 609 1679 inter
633 1626 810 1699 utrumque
837 1618 988 1679 ordinem
1015 1614 1156 1700 partitus
1184 1621 1253 1688 est3
1279 1614 1374 1681 Otbo

155 1701 294 1763 Roscius
320 1698 391 1785 lege
418 1722 473 1762 sua
508 1698 672 1783 equitibus
704 1700 738 1761 in
769 1699 901 1773 theatro
931 1698 1006 1761 loca
1037 1692 1193 1761 restituit.
1237 1692 1284 1773 dt
1315 1700 1374 1763 Cn.
1417 1735 1419 1765 t

156 1784 354 1867 Pompeius,
384 1778 496 1845 multis
527 1792 559 1842 ct
586 1782 763 1864 praeclaris
793 1782 873 1846 viris
905 1780 939 1843 in
970 1778 1015 1865 id¹
1032 1774 1159 1859 bellum
1195 1777 1375 1859 adsumtis,
1417 1780 1419 1837 l

158 1864 391 1950 ¹descriptoque
418 1868 453 1927 in
482 1885 593 1926 omnes
614 1887 758 1927 recessus
779 1862 878 1927 maris
899 1862 1066 1948 praesidio
1087 1863 1375 1941 navium-brevi,

158 1946 413 2031 inexsuperabili
445 1968 562 2020 manu,
593 1957 758 2011 terrarum
789 1946 904 2010 orbem
924 1944 1100 2021 liberavit3
1124 1946 1376 2033 praedonesque

157 2054 219 2116 per
244 2032 346 2093 multa
378 2031 480 2091 maria
506 2029 617 2092 multis
642 2031 726 2093 locis
756 2029 880 2104 victos,
911 2028 999 2093 circa
1022 2024 1171 2092 Ciliciam
1190 2030 1294 2093 classe
1315 2030 1376 2095 ad·-

157 2136 285 2199 gressus
303 2112 391 2175 fudit
411 2135 447 2174 ac
469 2114 602 2197 fugavit.
646 2112 689 2175 Et
710 2135 778 2199 quo
800 2110 959 2177 maturius
980 2112 1105 2175 bellum
1125 2121 1192 2175 tam
1210 2113 1278 2176 late
1300 2114 1375 2179 dif-

157 2202 267 2265 fusum
287 2195 482 2270 conficeret,
512 2195 667 2281 reliquiae
698 2219 813 2260 eorum
840 2205 1047 2271 contractas,
1077 2194 1111 2258 in
1130 2197 1289 2272 urbibus,
1318 2220 1376 2261 re·

155 2290 314 2365 motoque
341 2302 360 2348 a
389 2280 472 2342 mari
498 2277 594 2354 loco,
624 2282 658 2350 in
679 2289 768 2344 certa
789 2281 864 2343 sede
885 2277 1068 2343 constituit.
1110 2280 1205 2354 Sunt,
1228 2281 1287 2365 qui
1309 2279 1376 2365 bec

157 2372 306 2449 carpant.
349 2361 414 2425 Sed
444 2384 640 2446 quamquam
670 2362 704 2425 in
735 2364 870 2427 auctore
898 2360 975 2425 satis
1003 2362 1141 2425 rationis
1168 2372 1376 2440 amanen

155 2450 246 2511 ratio
268 2443 448 2531 quemlibet
468 2468 620 2530 magnum
641 2454 811 2509 auctorem
831 2449 964 2509 faceret.
1007 2449 1093 2509 Data
1114 2446 1201 2513 euim
1219 2448 1376 2525 facultate

156 2534 229 2596 siue
250 2539 346 2613 rapto
368 2526 520 2602 vivendi,
543 2529 667 2612 rapinis
689 2530 807 2592 arcuit.

199 2650 355 2711 XXXIII.
370 2650 489 2727 Quum
510 2659 592 2712 esset
613 2650 647 2711 in
668 2650 732 2711 fine
753 2648 876 2713 bellum
897 2647 1172 2724 Mithridaticum,
1195 2658 1228 2713 et
1247 2647 1285 2713 b.
1307 2650 1376 2712 Lu·

158 2734 276 2807 cullas,
289 2733 346 2817 qui
361 2741 436 2796 aute
450 2741 574 2817 septem
586 2755 684 2795 annos
700 2754 738 2794 ex
755 2734 930 2797 Consulatu
943 2735 1080 2796 sortitus
1094 2733 1216 2807 Asiam,
1236 2730 1375 2803 Mithri·

155 2816 227 2879 dati
249 2816 529 2898 opposituserat,
551 2838 747 2917 magnasque
768 2840 805 2887 ac
826 2819 1055 2880 memorabiles
1076 2839 1128 2879 res
1150 2816 1197 2877 lbi
1218 2826 1373 2900 gesserat,

154 2899 387 2965 Mithridatem
408 2921 503 2981 saepe
523 2900 634 2963 multis
660 2900 744 2962 locis
763 2900 914 2976 fuderat,
947 2902 1076 2986 egregia
1105 2900 1259 2982 Cyzicum
1279 2899 1374 2963 libe·-

157 2992 249 3047 rarat
269 2982 428 3059 ¹victoria,
442 2985 639 3069 -Tigranem,
661 3004 776 3068 regum
797 2986 985 3058 maximum,
1008 2986 1043 3047 in
1064 2982 1218 3045 Armenia
1238 2984 1373 3058 vicerat,

156 3066 377 3150 ultimamque
392 3066 481 3129 bello
504 3090 635 3129 manum
656 3088 758 3150 paene
777 3070 881 3149 magis
903 3066 1056 3129 noluerat
1070 3068 1252 3149 imponere,
1276 3090 1373 3150 quam

157 3173 226 3212 non
246 3160 422 3234 potuerat,
445 3151 503 3232 qui
525 3149 650 3233 alioqui
671 3171 733 3231 per
755 3152 862 3213 omnia
884 3150 1078 3223 laudabilis,
1108 3159 1140 3211 et
1160 3149 1248 3211 bello
1270 3168 1375 3232 paene

155 3234 320 3312 inuictus,
352 3235 509 3315 pecuniae
541 3233 765 3316 expellebatur
795 3232 972 3313 cupidine,
1004 3233 1090 3295 idem
1121 3232 1245 3293 bellum
1266 3232 1374 3295 adbuc
1417 3258 1419 3273 ¹

155 3314 422 3387 administraret3
456 3314 630 3387 Manilius,
653 3312 821 3377 Tribunus
851 3312 975 3396 plebis,
1007 3336 1137 3399 semper
1168 3312 1310 3390 venalis,
1342 3322 1373 3377 ct

158 3395 283 3457 alienae
306 3396 455 3457 minister
478 3396 647 3478 potentiae
659 3442 668 3471 ,
699 3395 804 3478 legem
825 3394 930 3457 dulit:
966 3409 1003 3459 ut
1023 3400 1142 3461 bellum
1162 3394 1373 3475 Mttknuau?

158 3499 232 3538 cum
247 3500 310 3559 per
334 3480 390 3539 Cu.
412 3480 604 3557 Pompeium
624 3478 920 3553 administraretur.
955 3479 1161 3566 Acceptum,
1183 3480 1375 3565 magnisque

64 3634 68 3643 ,
150 3566 320 3641 ‘certatum
338 3561 426 3627 inter
449 3558 665 3649 imperatores
688 3561 823 3647 iurgiis:
850 3585 951 3649 quum
971 3564 1149 3650 Pompeius
1163 3562 1302 3627 Lucullo
1320 3560 1374 3627 inss

156 3644 290 3707 famiam
315 3645 496 3729 pecuniae,
520 3640 676 3725 Lucullus
700 3646 861 3729 Pompeio
887 3647 1129 3711 interminatam
1159 3646 1374 3731 cupiditatem

158 3727 321 3791 obilceret
345 3726 500 3811 imperiis,
522 3737 703 3814 neuterque
722 3730 763 3791 ab
789 3752 851 3805 eo,
883 3730 940 3816 qui
963 3733 1181 3816 arguebatur,
1217 3732 1374 3795 mentitus

158 3813 253 3894 argui
277 3818 400 3893 posset.
439 3810 526 3879 ,Nam
549 3835 654 3897 neque
684 3810 880 3899 Pompeius,
911 3823 948 3893 ut
976 3813 1120 3899 primum
1155 3813 1196 3876 ad
1226 3814 1375 3899 Rempus-

155 3892 278 3955 blicam
301 3892 564 3981 adgressuslest,
589 3919 784 3983 quemquam
808 3895 1055 3983 snimo'purem
1077 3895 1172 3972 tulit3
1198 3898 1277 3961 etin
1292 3898 1374 3986 qui-

155 3974 218 4037 bus
240 3976 338 4037 rebus
361 3975 487 4060 primus
511 3999 578 4061 esse
604 3964 761 4061 debebat,
793 3976 881 4067 s'olus
902 4003 971 4044 esse
995 3982 1167 4061 cupiebat3
1199 3976 1371 4075 neque'ep'

155 4057 230 4119 viro
252 4062 502 4159 quisquam-'aut
518 4062 587 4139 :alia
606 4064 719 4141 'omnia
738 4064 863 4135 minus,
886 4072 942 4125 aut
961 4060 1101 4149 gloriam
1122 4061 1226 4149 magis
1245 4054 1374 4133 coucuss

154 4140 240 4224 piit:
265 4164 299 4203 an
320 4140 719 4227 appetendis'bouoribus
738 4144 952 4221 immodicus,
976 4148 1009 4209 in
1031 4146 1181 4233 gerendis
1203 4170 1373 4212 verecun-

156 4224 410 4299 dissimustut·
427 4228 485 4309 qui
518 4226 575 4293 eos'
604 4224 884 4307 ut','lffientissime
913 4228 1032 4307 iniret,
1065 4230 1110 4293 ita
1133 4228 1243 4305 finiret
1264 4254 1372 4318 acque

155 4308 288 4384 anim03
311 4316 345 4373 ct
364 4312 637 4397 quod-cupisset,
660 4304 801 4375 arbitrio
825 4310 884 4373 s'uo
906 4322 1069 4388 sumeret,
1091 4312 1198 4377 alieno
1221 4316 1373 4401 depone·

154 4398 219 4453 ret.
240 4434 243 4441 ,
261 4392 305 4455 Et
323 4392 499 4470 Lucullus,
521 4398 664 4469 summus
685 4394 810 4475 alioqui
832 4393 906 4469 vir,
927 4396 1082 4477 profusae
1103 4398 1200 4465 buius
1223 4398 1256 4461 in
1277 4382 1373 4461 aedi·

155 4474 239 4538 ficiis
259 4476 533 4565 convictibusque
544 4486 584 4559 ¹et
604 4476 818 4561 apparatibus
834 4474 984 4562 lanariae
1003 4480 1130 4567 primus
1149 4490 1269 4553 ,auctor
1291 4484 1369 4543 fuit.

153 4558 276 4645 ¹Quem-
290 4559 334 4629 ob
348 4636 352 4649 Ι
366 4560 501 4637 iniectas
522 4558 630 4647 ‚moles
656 4560 759 4637 mari,
788 4568 821 4625 et
846 4570 1016 4649 receptum
1035 4565 1177 4645 suffossis
1199 4563 1371 4631 montibus
