2850 4958
249 268 317 344 oa
340 228 985 389 censeamusscarrsaqss
1167 264 1242 351 aas
1293 362 1300 383 ¹

40 430 229 518 pestilentia
262 436 390 496 oritur:
423 458 485 518 qna
513 434 658 497 atrocius
676 431 855 507 saeviente,
878 391 1080 497 lloltillan'ns
1100 428 1247 504 interiit,
1281 476 1284 482 .

45 520 141 581 Gallo
164 518 410 600 Volusianoquc
430 523 524 582 favor
546 517 720 601 quaesitus,
743 515 834 601 quod
854 516 950 579 anxie
968 512 1178 599 micaque
1196 521 1251 575 to·-

41 602 192 665 nuissimi
213 603 370 687 cuiusque
391 603 558 688 exsequias
578 608 743 662 curarent.
934 620 937 629 ·
992 636 995 641 ·
1173 632 1176 637 Α

454 732 843 859 oleorum.

394 910 922 981 annulusltzmtqunne.
992 956 1036 985 ,Ι
1124 886 1127 893 Ι

86 1048 194 1135 Igitur
218 1050 271 1113 his
297 1048 419 1112 Romae
445 1046 665 1129 morantibus,
697 1046 855 1110 Aemilius
875 1044 1074 1111 Aemilianus
1094 1050 1251 1110 summam
1282 1038 1287 1091 ἶ

41 1144 258 1219 potestatem,
282 1135 447 1215 corruptis
468 1132 648 1206 militibus,
674 1132 827 1213 arripuit.
870 1130 922 1193 Ad
935 1152 1040 1216 ¹quem
1061 1134 1250 1217 expugnatur
1272 1151 1291 1195 s

45 1219 123 1278 dum
145 1218 307 1299 profecti,
331 1219 535 1279 Interamnae
555 1216 595 1277 ab
617 1214 683 1278 suis
705 1215 905 1295 caeduntur,
936 1236 993 1315 spe
1012 1214 1151 1301 praemii
1174 1238 1250 1297 ma„
1271 1212 1289 1301 ‚⁵

12 1300 125 1362 ‘i'oris
161 1302 199 1361 ab
237 1300 401 1373 Aemilio,
438 1301 490 1361 cui
525 1300 617 1361 nullo
646 1297 768 1379 'lahore
797 1302 852 1360 s'cu
882 1299 1091 1377 detrimento·
1111 1298 1251 1360 victoria

39 1380 257 1445 obveniebat:
280 1384 377 1444 simul
399 1386 475 1465 quia
496 1380 673 1443 immodici
687 1378 749 1465 per¹
761 1382 875 1444 luxum
887 1376 1129 1463 lasciviamque,
1146 1380 1251 1442 officia

37 1466 291 1549 benevolentiae
320 1475 548 1549 corruperant.
591 1466 652 1527 His
672 1486 747 1526 sane
769 1467 920 1528 omnibus
940 1466 1074 1526 hiennio
1095 1463 1250 1546 profecit.
1271 1462 1293 1524 5

40 1551 125 1610 Nam
156 1549 355 1611 Aemilianus
385 1571 518 1633 quoque
545 1558 613 1611 tres
642 1568 765 1619 menses
797 1569 872 1609 usus
903 1548 1052 1609 modesto
1085 1546 1248 1628 imperio,
1278 1618 1283 1627 .

39 1633 162 1693 morbo
184 1633 348 1694 absumtos
370 1641 438 1707 est:
461 1654 562 1715 quum
581 1630 737 1715 proceres
758 1632 867 1714 primo
888 1630 1038 1704 hostem,
1067 1628 1163 1703 dein,
1178 1626 1251 1689 'ex-

35 1716 169 1859 ptinctis
194 1716 420 1802 superioribus
433 1721 455 1790 ,’
470 1737 534 1799 pro
564 1716 720 1790 fortuna,
751 1722 790 1777 ut
808 1714 910 1793 solet,
933 1715 1115 1799 Augustum
1134 1708 1252 1797 appelss

54 1800 207 1861 avissent.
701 1802 709 1819 “
810 1806 814 1817 “
1056 1825 1075 1853 a
1173 1798 1177 1805 ’

442 1942 848 2037 carorxxxn.

266 2049 269 2053 ’
384 2046 969 2153 nrcrrrnsraasnrannsf'
1058 2110 1073 2133 ,-

84 2208 129 2272 At
148 2209 289 2284 milites,
312 2209 368 2295 qui
382 2258 391 2286 ,
406 2214 575 2297 ,contracti
599 2214 761 2301 undique,
784 2217 872 2300 apud
893 2214 1045 2277 Rhaetias
1067 2210 1109 2275 oh
1132 2212 1253 2275 instans

34 2293 165 2358 bellum
185 2294 560 2369 morabantur,-Lic'inio
584 2298 761 2381 Valeriano
785 2298 958 2383 imperium
981 2298 1142 2359 deferunt.
1173 2294 1252 2375 Qui,
1273 2314 1299 2369 s,

38 2400 238 2464 quamquam
258 2400 376 2463 genere
399 2381 476 2440 satis
498 2379 609 2454 claro,
632 2391 761 2456 tamen,
785 2386 833 2443 uti
853 2378 1017 2461 mestum
1040 2381 1137 2459 etiam
1153 2378 1250 2453 ¹e'rat,

25 2462 192 2543 'militiam
214 2460 422 2545 sequebatur.
465 2460 544 2523 Eius
574 2462 678 2525 tilium
708 2464 893 2526 Gallienum
923 2466 1059 2524 Senatus
1087 2460 1294 2533 Caesarem5

24 2554 150 2623 'creatq
181 2547 355 2628 statimque
374 2540 518 2606 'Tihe'ris
549 2545 659 2607 adulta
683 2550 803 2608 aestate
829 2536 944 2625 diluvii
967 2546 1051 2605 facie
1074 2542 1253 2604 inundavit.

37 2627 224 2699 Prudentes
245 2628 469 2710 perniciosum
492 2628 704 2711 Reipublicae
728 2632 898 2703 cecinere,
928 2625 1141 2689 adolescentis
1164 2624 1252 2709 fl1¹30
1273 2625 1296 2700 4

21 2706 198 2793 ingenio,
225 2712 302 2793 quia
323 2711 457 2771 Etruria
480 2714 601 2774 accitus
623 2704 776 2788 venerat,
807 2708 908 2774 unde
924 2711 1026 2789 a'mnis
1053 2706 1252 2792 praedictus.

41 2794 144 2869 Quod
166 2794 315 2877 equidem
339 2794 510 2855 confestim
531 2796 649 2857 ev'eait.
692 2797 774 2858 Nam
804 2798 904 2881 q'uum
926 2795 996 2875 eius
1016 2800 1111 2875 pater
1130 2792 1253 2855 bellum
1273 2785 1292 2853 5

38 2896 106 2962 per
126 2876 396 2960 Mesopotamiam
417 2898 533 2958 anceps
553 2880 808 2965 diuturnumque
830 2879 979 2953 insti-uit,
997 2870 1175 2961 'Persarum
1188 2893 1254 2939 're-

30 2959 115 3042 ⁵gis,
139 2962 192 3022 cui
213 2982 334 3043 nomen¹
353 2960 461 3040 Sapor
483 2969 573 3033 erat,
606 2963 686 3026 dolo'
707 2958 966 3041 circumvenias,
998 2956 1253 3041 foede'lanlatus
1282 3032 1287 3039 ¹

32 3042 192 3119 interiit,
215 3036 346 3129 imperii
368 3064 454 3106 anno
476 3048 591 3121 sexto,
614 3055 718 3131 aetate
739 3040 940 3135 robustiore.
1124 3038 1137 3059 ”
1281 3058 1285 3065 “

435 3232 662 3301 carun
694 3182 862 3305 mul
905 3208 947 3261 '·
1034 3208 1038 3215 ’

233 3376 237 3385 ’
342 3369 480 3417 Momm
503 3372 671 3417 Gflalamffld
694 3372 765 3417 Cn!
785 3372 947 3419 ummo·

86 3502 155 3564 sub
176 3501 264 3567 idem
282 3512 411 3591 tempus
431 3505 577 3569 Licinius
598 3504 776 3580 Gallienus,
799 3528 907 3591 qunm*
920 3528 940 3566 a
953 3502 1059 3567 Gallia
1075 3503 1254 3567 manos
1293 3510 1296 3515 ’

40 3593 179 3649 strenue
207 3599 351 3664 arceret,
380 3593 416 3653 in
442 3591 613 3673 Illyricum
643 3610 826 3672 properans
853 3589 1030 3651 descendit.
1071 3588 1124 3649 lbi
1149 3591 1296 3671 lnge-e

43 3691 169 3743 nuum,
193 3690 309 3751 quem,
330 3684 498 3735 curantem
517 3673 713 3746 Pannonos,
746 3682 925 3757 comperta
945 3670 1112 3732 Valeriani
1143 3672 1262 3743 clade,-

43 3754 229 3834 impcrandi
258 3754 379 3835 cupido
410 3757 605 3827 incesserat,
633 3756 777 3816 Murciae
796 3756 938 3829 devicit3
953 3774 1108 3835 moxque
1127 3750 1263 3836 segal:

41 3838 188 3908 lianum,
221 3837 300 3918 qui,
332 3842 471 3919 receptis
501 3838 684 3911 militibus,
716 3850 799 3921 qu'os
824 3840 971 3900 Murrina
996 3836 1279 3919 labes..rcliquos=

43 3923 188 3993 fecerat,
209 3920 333 3981 hellam
353 3921 587 4003 duplicaverat.
625 3924 685 3983 His
706 3942 1028 4003 prospereac.snpra
1042 3921 1255 3983 retaceden-
1275 3917 1297 3982 5

45 4004 156 4077 tibus,
180 4025 274 4064 more
294 4004 481 4079 hominum,
512 4005 663 4067 secundis
684 4002 826 4066 solutior
838 4038 861 4075 ,··
875 4027 945 4066 rem
965 4006 1143 4065 Romanam
1159 3998 1259 4087 'quasi

44 4089 218 4170 naufragio
240 4087 351 4161 dedit,
374 4109 449 4149 cum
469 4088 626 4150 Salonino
650 4087 809 4161 fili0‚scui
830 4086 998 4149 honorem
1014 4086 1159 4151 Caesaris
1178 4110 1254 4149 con·
1279 4126 1282 4133 ·

46 4168 189 4243 tulerat,
218 4169 299 4231 adeo
322 4170 370 4231 uti
395 4171 569 4235 Thraciam
592 4171 695 4233 Gothi
717 4172 824 4234 libere
844 4172 1029 4253 progressi,
1062 4168 1257 4231 Macedonas

45 4248 259 4335 Achaeosque
281 4263 313 4314 et
333 4252 429 4317 Asiae
450 4256 588 4316 finitima
602 4262 818 4336 occuparent:
842 4253 1111 4334 Mesopotamiam
1127 4251 1255 4314 Parthi:

25 4370 30 4381 ·
48 4332 179 4394 Orienti
201 4337 344 4399 latrones
365 4358 421 4398 seu
442 4338 561 4399 mulier
582 4339 827 4399 dominaretur:
850 4333 1102 4397 Alamannorum
1117 4334 1165 4393 rie
1179 4344 1257 4397 tunc

45 4438 151 4497 aeque
178 4417 323 4495 ltaliam3
356 4420 560 4483 Francorum
589 4420 890 4505 gentes,.direpta¹
911 4419 1036 4491 Gallia,
1070 4418 1258 4498 Hispaniam

44 4498 269 4584 possiderent,
296 4514 420 4566 vastato
454 4528 491 4567 ac
511 4524 615 4587 paene
636 4503 767 4586 direpto
791 4502 1085 4567 Terraconensinm
1112 4501 1257 4581 oppido,

47 4584 215 4667 noctisque
244 4585 277 4647 in
305 4596 455 4677 tempore
475 4586 633 4673 navigiis,
665 4609 741 4673 pars
763 4588 798 4649 in
818 4609 921 4673 usquc
941 4588 1085 4653 Africam
1106 4594 1260 4668 metucu-
