2850 4958
239 264 309 341 as
326 260 472 353 nnn
492 212 716 337 manser.
741 254 852 335 aaa
878 252 1103 339 roseas
1220 254 1296 343 ‘ns

98 432 252 497 omnibus
282 429 431 503 territis,
460 425 632 508 processit.
676 424 799 486 corsus
823 424 865 487 ab
887 422 972 487 ¹brtn
994 426 1071 489 solis
1097 427 1205 510 galeae
1235 432 1304 495 eius
1324 454 1346 498 s

97 518 240 590 insedit,
267 524 299 576 et
326 514 413 574 inter
444 510 652 597 pugnandum
686 530 745 570 ora
775 508 954 592 oculosque
989 510 1073 573 Galli
1107 514 1302 579 verberavit.

93 602 204 662 Hoste
235 598 386 668 clarinto,
422 591 571 654 Valerius
604 592 761 654 Corvinus
791 590 907 653 dictus.
950 592 1051 666 Hinc,
1074 616 1174 676 quum
1194 597 1346 680 ingenuili

91 682 300 767 multitudo,
321 700 399 741 aere
416 676 523 737 alieno
546 698 716 758 oppressa,
742 678 883 758 Capuam
905 688 1068 757 occupare
1086 686 1248 753 tentasset,
1273 693 1305 746 et

88 766 217 829 ducem
240 764 303 826 sibi
330 761 521 840 Quinctium
551 758 972 843 necessitanconputmm
999 759 1145 837 fecisset,
1176 764 1304 829 sublato
1333 794 1340 829 ·.

87 870 175 915 scre
197 847 327 921 alieno,
348 842 544 909 seditionem
565 841 768 926 compressit.

520 1021 744 1085 CAPUT
783 1021 886 1089 XXX.

574 1124 620 1169 81³.
644 1126 834 1168 ΡΟΙΤῘΙΙῘὈΒ.

89 1308 95 1333 ,
141 1260 240 1325 Caius
260 1260 418 1331 Veturius
439 1267 472 1323 et
490 1254 630 1341 Spurius
650 1256 837 1322 Postumius
859 1258 1023 1335 Consules,
1044 1258 1167 1325 bellum
1189 1260 1308 1326 adver-

86 1366 170 1409 sum
191 1346 351 1408 Samnites
371 1352 529 1429 gerentes,
552 1365 569 1403 a
589 1340 711 1405 Pontia
733 1340 895 1418 Telesino,
918 1344 1000 1405 daca
1021 1343 1177 1419 bostium,
1197 1347 1231 1407 in
1253 1349 1308 1409 in-

82 1429 202 1491 sidias
232 1428 356 1495 seducti
384 1436 471 1489 sunt.
512 1426 593 1487 Nam
623 1426 679 1489 ille
709 1425 875 1487 simulatos
903 1430 1083 1506 transfugas
1111 1431 1221 1502 misit,
1250 1426 1349 1511 quin

87 1511 255 1573 Romania
284 1512 448 1584 dicerent,
480 1508 651 1571 Luceriam
684 1508 845 1591 Appularn
874 1532 892 1569 a
913 1511 1112 1572 Samnitibus
1143 1511 1306 1587 obsideri3

93 1616 169 1677 quo
193 1593 257 1655 duo
283 1597 398 1657 itinera
420 1591 600 1665 ducebant,
624 1590 710 1652 aliud
736 1591 865 1673 longius
887 1603 919 1652 et
940 1594 1053 1666 tutius,
1077 1594 1161 1655 aliud
1178 1595 1308 1657 brevius
1338 1608 1341 1613 '

88 1686 134 1753 ,et
157 1678 386 1757 periculosius.
429 1674 668 1737 Festinantibus
700 1676 810 1754 itaque
838 1696 938 1755 qaum
968 1677 1098 1739 insidias
1125 1676 1350 1752 statuisset,3

94 1760 172 1841 (qui
194 1759 285 1822 locus
306 1759 467 1823 Furculae
488 1756 650 1819 Caudinae
672 1758 1165 1837 uocabatur)Pontiuaaceimm
1180 1769 1306 1841 patrem

90 1844 301 1906 Herennium
322 1842 462 1925 rogavit,
485 1838 569 1923 quid·
589 1838 659 1907 fieri
682 1840 838 1921 placeret.
881 1840 944 1903 Ille
965 1844 1023 1915 ait,
1046 1852 1102 1907 ant
1122 1865 1232 1905 ornnes
1255 1844 1351 1925 att-⁴

93 1924 282 2001 ridendos,
303 1937 339 1989 ut
359 1928 445 1987 vires
469 1926 717 2003 frangerentur-3
738 1932 794 1985 aut
819 1946 930 1987 omnes
950 1924 1180 1999 dimittendae,
1204 1937 1241 1988 ut
1254 1930 1309 1989 be·
1334 1976 1337 1983 .

87 2009 220 2087 palicia
250 2010 486 2094 obligarentur.
529 2008 683 2089 Utroque
712 2007 899 2087 improbato
930 2010 1225 2082 consilio,'onrnrs
1246 2011 1306 2073 sub

95 2082 211 2171 iug‘um
242 2093 396 2163 miniter
414 2089 579 2163 loedere,
611 2089 701 2172 qnod
722 2113 739 2151 a
760 2090 915 2156 Romanis
942 2100 1056 2175 pastea
1086 2093 1307 2179 improbatum

96 2184 160 2240 est.
203 2173 390 2240 Postumiae
411 2172 611 2238 Sanrnitibus
633 2173 780 2251 deditas,
801 2195 861 2237 uec
882 2186 1033 2262 receptus
1054 2186 1113 2240 est.
1326 2174 1348 2241 5

346 2404 354 2435 ,-
438 2332 897 2429 ..''ct1³urxxx1.
996 2420 999 2427 .

389 2446 396 2455 ·
466 2456 496 2497 a.
528 2451 735 2499 rarrarus
770 2455 946 2499 cussus.

90 2590 100 2599 '
140 2586 261 2652 Lucius
280 2586 453 2669 Papirius,
475 2606 494 2647 a
513 2586 687 2649 velocitate
708 2585 852 2663 Cursor,
875 2609 974 2670 quum
997 2588 1168 2661 Consulem
1188 2614 1223 2661 se
1237 2592 1310 2663 'adv

93 2668 207 2733 'versis
237 2672 401 2747 ominibus
431 2668 601 2743 adversum
627 2666 785 2751 Samnitas
814 2692 1021 2755 progressum
1051 2694 1117 2743 essa
1139 2676 1307 2753 sensisset,

97 2752 144 2815 ad
166 2754 309 2839 auspicia
331 2750 503 2852 repetenda
526 2754 663 2817 Romans
682 2770 863 2833 regressus,
896 2754 998 2825 edixit
1027 2754 1133 2825 Fabiu
1157 2760 1306 2837 Rutilio,
1338 2804 1341 2809 .

125 2856 199 2895 nem
231 2836 389 2912 exercitur
422 2835 629 2915 imponebat,
659 2855 700 2895 ne
732 2854 859 2896 manum
889 2857 963 2907 eum
989 2836 1083 2903 hoste
1110 2854 1306 2911 consereret.

96 2858 166 2981 gad
189 2919 261 2995 ille,
285 2918 533 3003 opportunitate
554 2919 688 2991 ductus,
709 2918 877 2999 pugnavit.
920 2918 1078 2987 Reversus
1105 2928 1208 2987 securi
1235 2946 1348 2999 eumn

94 2994 204 3067 'ferire
234 3002 355 3065 voluit:
388 3000 448 3075 ille,
474 3000 508 3060 in
537 3002 664 3075 Urbem
694 2999 858 3083 confugit3
886 3023 945 3067 nec
965 3002 1146 3085 supplicem
1167 3004 1305 3069 Tribuni

96 3087 287 3153 tuebantur.
331 3085 417 3150 Dein
438 3091 533 3165 pater
553 3080 727 3167 lacrymis,
755 3084 896 3166 populus
916 3086 1069 3168 precibus
1090 3089 1216 3151 reniam
1238 3088 1304 3151 isn-
1328 3090 1349 3153 3

125 3178 282 3247 etrnruut.
335 3168 488 3261 Papirius
519 3164 560 3229 de
590 3164 788 3239 Samnitibus
818 3168 1042 3249 triumpharit.
1086 3172 1306 3257 Idem'quuru

93 3192 346 3329 Praenestinum
366 3250 559 3323 Praetorem
577 3248 764 3343 gravissime
785 3246 1008 3336 increpuisset,
1029 3257 1164 3338 Expedi,
1187 3256 1305 3339 inquit,
1326 3177 1349 3335 ξ

95 3338 203 3400 ls'ctor.
221 3360 357 3398 secures.
400 3332 443 3395 Et
469 3356 571 3419 quum
593 3356 676 3429 'eum
706 3340 794 3407 metu
821 3338 937 3407 mortis
958 3338 1133 3423 attonitum
1154 3340 1348 3421 vidisset36

96 3420 341 3499 incommodam
361 3416 602 3497 ambulantibus
622 3415 768 3491 radicem
789 3418 895 3495 excidi
915 3420 1031 3499 iussit„
1083 3474 1086 3479 .

504 3546 988 3681 urrunnun(
1096 3666 1100 3671 ,
1179 3634 1182 3639 -
1293 3666 1300 3679 ,

539 3701 573 3755 Q.
597 3700 705 3742 nulus
726 3700 886 3747 BU'HHUS·

144 3834 305 3915 Quinctus
330 3830 451 3894 Fabius
474 3828 636 3905 Rutilius,
665 3831 795 3914 primus
812 3838 921 3898 'ex'ea
941 3839 1063 3904 familia
1085 3840 1129 3905 ob
1149 3839 1306 3906 virtutem

98 3920 280 3991 Maximus,
312 3916 467 3999 Magister
493 3914 643 3998 equitnm
659 3936 679 3977 a
698 3914 838 3999 Papirio
864 3921 970 3983 securi
991 3945 1094 4004 paene
1113 3947 1303 4008 percussus,

97 4006 245 4088 primum
267 4001 307 4063 de
331 3999 467 4080 Appulis
488 4008 520 4060 ct
540 3998 728 4074 Nucerinis,
757 4000 876 4062 iterum
898 4001 938 4063 de
958 4003 1175 4085 Samnitibus,
1204 4011 1303 4074 tertio

92 4090 144 4149 vde
167 4080 288 4159 Gallis,
323 4078 478 4155 Umbris,
510 4082 627 4145 Marsis
651 4086 750 4165 atque
774 4083 893 4145 dissuis
914 4074 1138 4173 triumphauit.
1183 4080 1305 4169 Cen'spr
1325 4110 1346 4153 s

98 4170 274 4232 libertinos
295 4166 447 4229 tribubus
468 4166 602 4227 amovit.
644 4165 770 4229 Iterum
791 4169 913 4229 Censor
933 4168 1150 4247 lierinoluit,
1173 4178 1302 4247 diceas,

100 4274 172 4314 nan
193 4274 258 4313 csse
280 4273 324 4312 cm
343 4272 407 4311 nsu-
422 4248 645 4333 Reipublicae,
668 4249 799 4312 eosdm
817 4253 973 4314 Censores
993 4258 1123 4340 saepius
1135 4258 1217 4319 fleri.
1243 4255 1347 4321 Hieb

100 4336 229 4419 primus
251 4335 411 4406 instituit,
436 4333 481 4392 uti
506 4332 630 4413 equites
650 4332 787 4394 Romani
811 4334 921 4397 Idibus
939 4336 1159 4415 Quinctilibus
1173 4340 1213 4400 ab
1228 4340 1306 4403 aede

101 4419 271 4487 Honoris,
303 4418 393 4499 equis
425 4414 619 4486 insidentes,
651 4414 684 4475 iu
718 4416 1128 4497 Capitolium-transirent.
1171 4424 1348 4503 Mortqu

96 4504 169 4565 *hac
192 4509 316 4562 tantum
337 4500 422 4562 acris
441 4496 556 4581 populi
577 4495 774 4559 liberalitate
794 4510 982 4584 congestum
1003 4513 1071 4583 est,
1095 4514 1132 4569 nt
1151 4506 1226 4573 inda
1245 4506 1307 4572 fili·

102 4607 143 4651 us
161 4583 412 4659 rimemiouuns
431 4592 469 4647 at
485 4580 603 4669 apulus
617 4578 751 4669 publice
768 4582 874 4651 daret.
