2850 4958
28 298 276 369 v‘Ulli‘

137 459 269 517 mutus
292 447 519 517 nuhntentam
554 458 588 516 et
616 446 748 538 Blpuntu
784 450 898 520 Sermo
927 457 975 518 est
1005 450 1045 517 de
1066 439 1250 531 histrione,
1283 461 1341 542 qui
1363 483 1384 522 a

139 545 325 619 spectatore
352 535 542 619 petulanter
569 549 699 601 exactus
729 539 751 603 i.
773 561 802 602 e.
836 537 1005 625 explosus,
1036 540 1226 602 exsibilatur
1257 550 1326 617 est,
1350 553 1388 604 at

138 620 290 695 adversus
319 620 575 682 conviciatorem
606 642 719 685 coram
751 623 876 685 iudicio
900 631 1098 705 potestatem
1129 624 1245 707 agendi
1266 624 1379 688 habet,

136 700 337 778 Iniuriarum
361 702 446 765 actio
470 703 583 765 infami
606 725 739 789 quoque
761 726 944 789 personae,
967 705 1148 780 histrioni,
1172 706 1324 771 dabatur.
1402 776 1407 787 ‚

179 787 251 848 Lib.
276 785 322 846 ΙΙ.
345 806 374 848 c.
398 807 449 871 90.
493 788 649 867 sepultis,
672 801 709 850 ut
726 790 971 869 praedicimus,
991 788 1083 850 bellis
1104 790 1270 865 civilibus,
1301 814 1386 853 coa*

135 870 386 954 irruentibusque
407 870 618 951 Reipublicae
645 873 814 947 membris,
844 884 877 934 et
895 884 1013 934 extera
1040 877 1166 946 coiere,
1200 896 1284 957 quae
1313 887 1384 937 tam

136 954 237 1037 ionga
260 973 420 1015 annorum
442 955 540 1014 series
563 955 778 1021 lacerarent.
822 955 935 1034 Verba
957 968 990 1017 et
1011 967 1127 1017 extero
1148 961 1256 1017 coiere
1271 959 1304 1018 in
1317 957 1383 1022 Ed.-

134 1057 190 1120 pr.
212 1037 386 1120 leguntur:
412 1049 446 1098 et
465 1057 578 1096 eoram
596 1039 716 1100 alieno.
753 1037 915 1100 Amultis
941 1036 1033 1102 varia
1063 1038 1193 1100 ratione
1219 1040 1312 1101 locus
1336 1052 1386 1122 est

135 1127 289 1182 tentaturi
334 1120 399 1183 Vir
419 1119 536 1185 doctus
558 1121 691 1204 quidam
713 1124 877 1197 coniecit,
911 1120 992 1184 illud
1023 1130 1206 1195 monstrum
1230 1121 1387 1188 lectionis

134 1213 246 1265 ortum
268 1224 335 1267 esse
356 1223 395 1269 ex
418 1203 610 1288 glossemate
632 1215 665 1267 et
684 1228 723 1267 eo
747 1212 816 1267 iam
836 1207 966 1282 altero,
987 1226 1006 1265 a
1025 1206 1130 1268 sciolo
1154 1204 1195 1265 ad
1215 1207 1307 1268 bellis
1333 1216 1386 1269 ci-

130 1288 246 1351 uilibus
277 1288 311 1348 in
341 1282 487 1369 margine
518 1285 707 1371 adscripto,
737 1289 813 1351 dein
835 1289 950 1372 iniquo
971 1288 1049 1351 loco
1072 1290 1104 1351 in
1127 1297 1251 1350 textum
1274 1290 1382 1354 illatos

132 1368 346 1433 Ruhnkenius
366 1370 453 1433 nihil
473 1364 531 1433 hic
551 1390 586 1432 se
607 1381 774 1454 praestare
794 1394 890 1457 posse
910 1373 1050 1446 fateturs
1070 1373 1127 1435 sed
1142 1372 1392 1452 laudatfilocum·

130 1452 244 1517 Pacati
265 1453 386 1538 Paneg.
409 1474 439 1517 c.
461 1452 513 1515 56,
538 1452 624 1515 uude
643 1454 791 1516 Velleius
812 1457 938 1538 corrigi
961 1457 1088 1536 possit:
1111 1461 1303 1537 Iunguntur*
1317 1482 1385 1520 so..

35 1544 37 1549 ’
130 1542 189 1601 cie
203 1541 341 1623 agmine
353 1582 362 1611 ,
391 1548 423 1598 et
443 1537 500 1599 sub
527 1559 589 1597 uno
609 1542 716 1618 capite
747 1538 849 1603 dirae
879 1539 1079 1620 reipublicae
1100 1540 1245 1601 membra
1264 1543 1385 1603 coele-

16 1662 19 1667 ·
131 1632 236 1683 scunt.
283 1617 417 1682 Cludius
440 1620 567 1701 recepit
585 1619 807 1703 Rosenheynii
828 1623 1077 1684 coniecturam:
1107 1636 1140 1683 et
1160 1628 1286 1685 curata
1308 1627 1389 1687 ela'is

131 1701 289 1765 omm'bus.
332 1705 436 1788 Magis
456 1712 586 1766 secutus
606 1704 805 1785 scripturam
828 1705 909 1768 Cod.
939 1704 1112 1768 Nodellius
1128 1707 1161 1766 in
1177 1706 1273 1768 Ohss.
1289 1709 1383 1770 critt.

130 1788 262 1871 Campis
287 1810 376 1872 1701.
399 1785 559 1848 coniecit:
583 1798 615 1848 et
635 1793 781 1847 coierunt
801 1791 890 1860 elie,
912 1810 995 1870 quae
1015 1808 1083 1850 ecc.
1117 1788 1279 1871 Equidem
1296 1793 1387 1851 scri-

130 1871 204 1954 psi:
229 1882 260 1931 et
282 1882 401 1930 extera
420 1875 538 1939 coiere,
560 1870 628 1931 sive
643 1869 851 1951 transpositis
872 1872 991 1933 verbis:
1008 1883 1042 1932 et
1056 1875 1163 1933 coiere
1181 1884 1308 1934 extera.
1324 1873 1384 1936 Si·-

131 1950 257 2015 militcr
276 1952 398 2015 Noster
421 1952 504 2015 dicit
523 1953 576 2027 11,
591 1952 651 2014 61.
686 1953 776 2018 breui
794 1953 997 2033 informem
1016 1959 1110 2017 iusti·
1120 1959 1228 2017 coiere
1246 1963 1384 2018 exerci-

93 2076 96 2081 -
130 2048 194 2098 tus.
240 2037 373 2099 Tacitus
401 2035 489 2099 Hist.
521 2034 559 2108 I,
581 2058 632 2120 79.
656 2034 697 2119 (19
727 2035 826 2097 rebus
850 2035 1035 2099 alienorum
1055 2039 1259 2121 populorum
1279 2040 1380 2102 dicit:

130 2131 270 2182 externa
298 2125 367 2181 sine
397 2141 479 2180 cura
502 2114 715 2180 habebantur.
755 2117 854 2183 Unde
876 2120 1019 2183 Crollius
1042 2122 1287 2184 emendaverat:
1315 2127 1386 2203 egit

128 2221 245 2265 euram
275 2216 485 2265 externorum
514 2203 745 2282 (alienorum).
792 2202 912 2264 Sensus
942 2215 991 2267 est
1019 2204 1234 2288 perspicuus:
1261 2204 1381 2266 Finitis

129 2284 226 2353 hellis
251 2283 420 2360 civilibus,
444 2295 477 2348 at
499 2286 703 2369 reipublicae
723 2287 897 2370 partibus,
918 2288 1090 2371 hucusque
1110 2289 1243 2361 divisis,
1265 2308 1381 2349 rursus

129 2362 335 2444 coniunctis,
366 2371 466 2433 etiam
488 2379 639 2433 externae
664 2369 803 2431 Romani
828 2371 960 2454 imperii
982 2381 1091 2456 partes
1112 2381 1148 2434 et
1168 2371 1384 2455 provinciae,

131 2475 210 2537 quas
231 2454 366 2536 longum
386 2452 553 2516 bellorum
573 2452 720 2515 civilium
743 2462 871 2536 tempus
889 2455 1091 2520 laceraverat
1112 2458 1145 2516 et
1165 2453 1381 2530 disiunxerat,

130 2540 238 2605 denuo
262 2538 392 2600 additae
413 2546 489 2600 sunt
511 2546 543 2598 ct
568 2539 602 2599 in
624 2557 746 2621 corpus
766 2536 908 2600 Romani
931 2536 1063 2624 imperii
1085 2537 1248 2602 coierunt.

170 2618 302 2684 FLORI
324 2622 480 2684 Prooem.
500 2641 529 2685 c.
547 2619 579 2681 ὅ.
599 2624 631 2682 si
641 2625 773 2701 pariter
790 2631 888 2707 etque
907 2621 1082 2685 insimul—
1093 2623 1273 2684 ostendero·
1290 2618 1386 2680 Gru·-

127 2713 219 2772 terus
242 2729 280 2769 cx
302 2705 413 2767 Vineti
438 2707 514 2767 Mss.
538 2701 673 2766 adducit
693 2705 844 2778 insemel,
866 2704 952 2768 unde
972 2709 1107 2769 insemet
1126 2707 1225 2791 vulgo
1246 2704 1385 2784 legitur.

125 2791 193 2855 sea
224 2790 356 2853 insimul
382 2789 474 2850 Flori
509 2796 558 2850 est
591 2788 779 2873 proprium.
820 2787 878 2864 11,
910 2808 967 2864 ao,
989 2790 1021 2873 ξ.
1043 2807 1075 2852 1.
1117 2787 1207 2853 Vide
1229 2786 1384 2852 indicem

127 2873 349 2949 Freinshemii
373 2872 413 2934 ad
434 2871 584 2936 Florum.
1390 2914 1394 2921 .

169 2949 467 3022 EiusdsProoem.
502 2957 530 3038 §.
560 2955 591 3018 8.
624 2956 689 3018 nati
714 2953 802 3041 quod
827 2954 885 3021 sub
926 2957 1068 3019 Traiano
1095 2957 1244 3039 principe
1278 2962 1383 3019 morer

129 3042 282 3106 lacertos.
324 3043 441 3124 Magna
464 3048 514 3100 est
534 3039 621 3100 inter
652 3038 729 3101 VV·
750 3042 824 3103 DD.
861 3040 1050 3116 dubitatio,
1074 3050 1187 3102 utrum
1211 3034 1396 3104 morula.

128 3128 271 3213 gendum
291 3124 357 3200 sit,
380 3147 420 3185 an
440 3135 556 3187 moret.
600 3122 805 3197 Seebodius,
835 3124 1032 3186 novissimus
1062 3123 1194 3196 editor,
1225 3117 1381 3204 praetulit

130 3216 250 3283 morit,
270 3231 345 3272 cum
365 3206 550 3269 Nazariano
574 3203 670 3281 cod„
694 3207 856 3280 Camerte,
878 3206 1038 3268 Salmasio
1061 3202 1211 3288 aliisque.
1237 3205 1383 3289 Sequens

129 3302 238 3356 umen
259 3312 411 3376 praesens
438 3292 604 3354 revirescit
625 3312 677 3352 me
701 3290 814 3363 movit,
840 3298 879 3349 ut
900 3286 984 3349 illud
1005 3286 1113 3349 ritaret
1133 3297 1251 3371 utpote
1272 3308 1385 3349 veram

53 3448 56 3453 ,
128 3374 309 3441 lectionem
328 3384 419 3437 textu
450 3393 658 3453 reponerem.
692 3372 792 3435 *Dicit
821 3372 942 3434 Florus
965 3392 983 3430 a
1007 3370 1143 3433 Caesare
1176 3372 1325 3454 Augusto
1349 3368 1384 3430 in

131 3482 227 3531 suum
245 3459 412 3520 saeculum
435 3454 525 3515 haud
547 3456 652 3517 multo
675 3455 783 3517 minus
805 3477 907 3517 annos
926 3453 1086 3516 ducentos
1107 3475 1194 3529 esse,
1219 3463 1251 3516 ct
1272 3475 1389 3517 secun·

102 3611 105 3618 ,
130 3541 363 3615 ἁμω,ΕυεεΙ)ἰί
387 3540 668 3621 computationem
694 3538 734 3598 ab
758 3538 855 3600 initio
875 3538 1015 3622 imperii
1045 3536 1184 3621 Augusti
1218 3532 1385 3619 usquead

130 3627 230 3694 finem
250 3625 383 3689 Traiani
413 3631 488 3687 sunt
509 3623 579 3685 fere
600 3621 675 3684 anni
710 3622 930 3695 CLXXVIII,
953 3631 986 3684 et
1006 3642 1130 3682 meuses
1152 3623 1214 3683 Vl.
1255 3624 1392 3704 Quamff

130 3734 228 3795 quam
260 3708 440 3774 verisimile
472 3715 541 3779 est,
574 3703 735 3768 Nostrum
762 3706 821 3768 suh
851 3705 1020 3768 Hadriano
1052 3705 1188 3781 uixisse,
1220 3711 1328 3766 tamen
1350 3710 1387 3766 et
1420 3766 1423 3771 ,

133 3817 230 3858 suum
260 3794 426 3858 saeculum
458 3788 593 3853 Traiani
630 3789 850 3867 antecedentis
890 3798 1041 3871 tempora
1072 3788 1184 3852 dicere
1216 3796 1248 3849 et
1277 3808 1388 3871 prae-

130 3880 216 3953 senti
257 3879 306 3943 nti
347 3873 472 3961 potuit.
524 3872 687 3936 Similiter
719 3873 784 3935 alio
816 3870 918 3946 loco,
957 3893 1054 3956 quem
1088 3873 1120 3933 in
1154 3871 1386 3961 constituenda

132 3961 248 4028 Nostri
271 3972 377 4025 aetate
409 3957 625 4041 neglexerunt
653 3956 730 4018 VV.
753 3958 842 4030 DD.,
862 3959 1026 4037 praesenti
1050 3957 1174 4029 utitur,
1198 3977 1299 4036 quum
1320 3954 1388 4016 hi-

137 4049 242 4122 storia
263 4047 313 4110 rei
339 4043 556 4130 praeteritum
585 4040 733 4126 flagitare
763 4039 926 4103 videatur.
970 4039 1028 4102 Est
1057 4038 1151 4100 locus
1182 4036 1242 4099 lib.
1265 4038 1327 4113 IV,
1352 4061 1385 4101 c.

140 4151 191 4207 ιβ.
214 4132 246 4212 ς.
268 4131 321 4216 57.
363 4129 480 4192 Sermo
503 4132 553 4187 est
573 4124 613 4188 de
634 4125 726 4187 clade
747 4123 892 4186 Variana
914 4131 947 4184 e't
969 4122 1011 4185 de
1032 4123 1150 4204 aquilis
1172 4143 1189 4181 a
1212 4121 1387 4183 Germanis

138 4220 262 4301 captis:
287 4217 386 4296 Segne
404 4223 436 4271 et
455 4209 582 4294 aquilus
602 4208 681 4268 duas
699 4205 803 4267 adhuc
821 4205 958 4267 barbari
969 4205 1144 4286 possident.
1174 4204 1222 4265 Ex
1241 4204 1293 4265 his
1309 4203 1387 4266 col-

137 4298 198 4385 ligi
227 4307 356 4382 potest,
387 4294 480 4357 Flori
512 4300 617 4357 aetate
657 4289 736 4351 duas
770 4291 841 4351 illas
873 4288 997 4369 aquilas
1018 4312 1036 4349 a
1059 4290 1215 4350 Romanis
1237 4287 1385 4350 nondum

137 4386 346 4466 recuperatas
375 4381 486 4442 fuisse.
530 4375 575 4437 At
606 4382 721 4436 contra
753 4371 868 4435 dicunt
897 4372 1031 4433 Tacitus
1062 4372 1178 4433 Annal.
1206 4370 1320 4444 1‚60.
1350 4374 1382 4431 et

136 4467 204 4530 Dio
229 4466 353 4530 Cassius
375 4464 409 4525 in
431 4460 517 4524 Hist.
539 4456 608 4518 Lx.
640 4479 669 4519 c.
702 4457 745 4518 8.·
776 4455 920 4518 Alteram
946 4456 1089 4538 aquilam
1113 4455 1252 4538 legionis
1277 4455 1383 4518 unde-

136 4551 330 4625 vicesimae,
359 4569 433 4608 cnm
465 4542 557 4603 Varo
586 4540 747 4614 amissam,
772 4540 809 4602 L.
832 4537 1024 4614 Stertinius,
1051 4540 1149 4600 missu
1173 4537 1379 4611 Germanici,

139 4632 225 4697 inter
246 4630 378 4697 caedem
398 4631 634 4692 Bructerorum
655 4632 688 4687 ct
708 4624 865 4707 praedam
886 4624 1031 4709 reperit3
1054 4623 1190 4687 alteram
1212 4623 1383 4696 Gabinius,
