2850 4958
458 290 603 369 asana
640 292 840 372 ramus.
1190 318 1258 399 ¹47

69 460 128 525 aa
153 455 243 533 acie,
270 478 348 522 mox
368 459 468 522 etiam
488 461 652 520 civitatem
678 457 734 519 diu
758 450 909 520 obsidens
931 459 1039 542 cepit,
1062 448 1261 545 antiquissi-¹

69 566 136 605 ,am
159 543 273 604 ltaliae
294 552 391 628 atque
409 541 611 605 ditissimam.
655 542 736 602 Post
756 562 825 602 eam
848 543 936 624 cepit
959 552 990 603 et
1010 544 1171 622 Faliscos,
1193 569 1260 609 aon

73 628 156 689 inus
187 625 335 687 nobilem
368 626 554 700 civitatem3
587 624 644 686 sed
675 632 839 686 commotu
869 632 918 685 est
948 626 977 686 ei
999 627 1144 703 invidia,
1169 632 1261 713 quasi

69 710 207 773 raedam
229 709 313 770 male
334 709 517 781 divisisset,
546 708 781 789 damnatusque
803 706 845 787 ob
868 726 937 767 eam
959 728 1119 785 caussam,
1144 723 1176 773 et
1197 734 1261 774 ex-

69 792 163 856 slsus
193 792 324 854 civitate
353 800 413 854 est.
454 790 573 853 Statim
602 791 688 851 Galli
708 791 852 850 Senones
873 790 914 849 ad
934 792 1060 855 Urbem
1079 806 1260 873 venerunt,

69 886 78 939 t
99 878 212 938 victos
233 874 590 937 Romanos'undecimo
612 873 768 935 milliario
790 894 808 933 a
829 871 932 933 Roma
952 875 1040 951 apud
1059 876 1179 946 flumen
1202 880 1264 943 Al-

69 982 127 1021 am
150 959 265 1032 secuti,
285 959 384 1019 etiam
404 957 531 1019 Urbem
555 964 778 1039 occuparunt:
800 974 906 1040 neque
927 954 1056 1020 defendi
1072 960 1261 1045 quidquam,

69 1042 112 1105 isi
147 1042 362 1124 Capitolium,
395 1041 516 1123 potuit.
559 1041 657 1120 Quod
679 1060 780 1121 quum
801 1037 1111 1116 din-obsedissent,
1140 1054 1172 1104 et
1198 1048 1265 1108 iam

69 1125 192 1187 romani
217 1126 301 1185 fame
322 1122 531 1198 laborarent,
554 1146 572 1185 a
594 1124 754 1195 Camillo,
785 1122 897 1205 quiin
918 1123 1024 1184 vicina
1047 1126 1178 1191 civitate
1200 1149 1266 1188 ex-

69 1204 205 1281 stabas,
228 1206 330 1268 Gallis
351 1214 581 1288 superventum
603 1217 672 1282 est,
695 1203 946 1291 gravissimeque
967 1207 1045 1269 victi
1066 1218 1151 1269 sunt.
1194 1210 1268 1271 Po-

69 1300 122 1354 sen
145 1299 276 1364 tamen,
299 1299 433 1373 accepto
456 1290 554 1352 etiam
576 1308 676 1364 auro,
698 1308 740 1349 ne
762 1288 960 1370 Capitolium
982 1290 1186 1367 obsiderent,
1210 1314 1268 1354 re-

69 1382 246 1448 esserunt3
278 1372 335 1433 sed
365 1382 493 1435 secutus
524 1392 580 1436 eos
608 1370 762 1453 Camillus
782 1371 829 1435 ita
852 1370 991 1446 cecidit,
1021 1382 1266 1450 metaurum,

69 1457 152 1543 [nod
172 1455 224 1518 bis
246 1455 357 1517 datum
380 1457 508 1530 fuerat,
531 1466 564 1517 et
585 1456 710 1528 omnia,
739 1474 822 1536 quae
843 1463 1017 1537 ceperant,
1045 1456 1199 1519 militaria
1221 1460 1269 1518 si-

69 1558 123 1625 gna
151 1548 332 1601 revocaret.
374 1540 424 1599 lta
452 1538 551 1600 tertio
583 1537 788 1620 triumphans
813 1538 940 1598 Urbem
967 1536 1126 1621 ingressus
1149 1548 1214 1613 est,
1237 1548 1269 1605 ot

69 1623 242 1711 appellatus
263 1622 429 1686 secundus·
443 1621 624 1697 Romulum,
647 1618 739 1706 quasi
760 1626 794 1680 et
813 1620 883 1703 ipse
902 1620 1030 1704 patriae
1050 1622 1216 1686 conditor.

386 1862 570 1944 mauu
609 1858 983 1937 SECUNDUS,

69 2104 101 2175 l·
120 2023 266 2193 Anno
295 2107 524 2173 uacentesimo
555 2109 754 2195 sexagesimo
786 2107 902 2193 quinto
933 2104 974 2167 ab
1005 2102 1099 2169 Urbe
1121 2106 1275 2182 condita,

69 2207 145 2271 post
164 2201 290 2275 captam
309 2201 417 2254 autem
437 2192 571 2274 primo,
594 2193 767 2276 dignitates
787 2200 931 2252 mutatae
949 2199 1037 2265 sunt,
1060 2198 1092 2250 et
1112 2210 1174 2271 pro
1191 2191 1279 2251 duo-

69 2274 131 2342 bus
154 2271 262 2340 coss.
300 2276 380 2337 tacti
413 2294 596 2336 rarnuur
633 2294 873 2337 assurraass
905 2267 1070 2333 consulari
1103 2280 1277 2353 potestate.

69 2354 157 2425 Hine
177 2364 241 2423 iam
267 2359 380 2443 coepit
404 2357 549 2419 Romana
570 2374 622 2420 res
650 2378 807 2419 crescere.
852 2358 934 2417 Nam
957 2353 1109 2416 Camillus
1130 2374 1169 2416 eo
1193 2376 1278 2415 anuo

69 2436 272 2509 Volscorurn
292 2443 478 2515 civitatem,
501 2462 584 2523 qnae
602 2452 665 2522 ptr
684 2440 887 2523 septuaginta
909 2459 1010 2499 annos
1030 2437 1151 2498 bellum
1173 2458 1283 2520 gesse-

69 2539 145 2603 rat,
167 2527 267 2598 vicit3
298 2534 331 2586 et
360 2524 551 2606 Aequorum
583 2524 698 2585 urbem
720 2532 753 2584 et
778 2522 1009 2595 Sutrinorum3
1033 2528 1130 2602 atque
1152 2522 1280 2595 omnes,

69 2606 190 2676 tleletis
209 2627 325 2669 eorum
342 2606 550 2676 exercitibus,
564 2600 748 2685 occupavit,
766 2616 798 2666 et
811 2614 877 2666 tres
892 2604 988 2665 simul
1002 2603 1187 2684 triumphos
1203 2603 1281 2685 egit.

117 2696 164 2755 ll.
195 2690 291 2750 Titus
312 2689 411 2750 etiam
431 2688 604 2766 Quinctius
626 2688 832 2750 Cincinnatus
853 2687 1093 2754 Praenestinos,
1110 2687 1165 2767 qui
1181 2704 1284 2769 usque

69 2777 119 2838 ud
141 2774 233 2834 urbia
260 2773 382 2832 Romae
407 2778 523 2853 portas
549 2769 636 2831 bello
666 2779 841 2843 venerant,
869 2778 1079 2851 persecutus,
1103 2770 1142 2827 ad
1163 2769 1285 2830 fluraen

69 2858 197 2923 Alliam
224 2854 321 2915 sicit:
354 2862 430 2914 octo
463 2852 630 2933 civitates,
663 2872 746 2932 quae
772 2852 830 2913 sub
854 2850 933 2931 ipsis
954 2851 1110 2923 agebant,
1131 2852 1286 2913 Romanis

69 2939 239 3005 {diunxit
282 2932 395 3022 Ipsum
424 2935 599 2996 Praeneste
630 2932 818 3013 adgressus,
849 2933 884 2992 in
913 2931 1113 2992 deditionem
1143 2936 1286 3010 accepit:

69 3044 163 3175 guae
186 3021 294 3082 omnia
321 3020 362 3081 ab
383 3038 424 3081 eo
450 3026 539 3105 gesta
559 3025 636 3078 sunt
655 3015 771 3099 viginti
793 3014 928 3088 diebus,
950 3008 1208 3096 triumphusque¹
1223 3000 1287 3097 ipsi

100 3116 242 3173 ecretus.

70 3222 74 3227 ·
120 3193 186 3253 111.
221 3188 346 3248 Verum
368 3182 508 3267 dignitas
538 3183 761 3245 Tribunatum
792 3177 1074 3240 militariumnon
1095 3170 1152 3237 diu
1171 3194 1293 3261 perse-

70 3275 220 3341 veravit.
261 3271 343 3331 Nam
364 3276 440 3349 post
459 3267 662 3349 aliquantum
683 3263 788 3326 nultos
808 3262 933 3344 placuit
953 3258 1045 3320 fieri:
1068 3268 1101 3320 et
1114 3254 1295 3343 quadrien-

74 3358 176 3425 nium
204 3354 248 3416 ita
279 3353 314 3414 in
340 3346 434 3413 Urbe
463 3350 577 3423 fluxit,
605 3360 643 3412 ut
662 3354 839 3432 potestates
858 3345 907 3405 ibi
928 3340 1067 3405 maiores
1088 3366 1155 3405 non
1177 3350 1292 3421 essent.

79 3444 317 3507 Resumserunt
336 3442 445 3494 mmor
466 3434 608 3495 Tribuni
629 3432 786 3494 militares
807 3426 970 3489 consulari
992 3434 1154 3510 potestate
1174 3426 1296 3493 iterum

79 3524 302 3606 dignitatem,
325 3526 358 3578 et
376 3509 521 3597 triennio
543 3512 841 3599 perseveraverunt.
884 3511 1007 3572 Rursus
1030 3510 1181 3571 Consules
1202 3512 1295 3573 facti.

132 3608 193 3667 IV.
225 3599 372 3663 Genucio
395 3607 428 3660 et
448 3600 491 3678 Q.
513 3599 654 3661 Servilio
676 3598 765 3659 Coss.
788 3602 939 3656 mortuus
960 3601 1009 3654 est
1030 3591 1202 3653 Camillus:
1224 3592 1298 3654 bo-

80 3710 157 3759 nor
177 3691 206 3750 ei
228 3682 386 3759 secundus
405 3691 483 3762 post
502 3678 677 3743 Romulum
699 3677 823 3740 delatus
845 3686 905 3739 est.
930 3684 934 3691 '

135 3772 181 3832 V.
208 3771 249 3831 Τ.
272 3764 447 3845 Quinctius
468 3766 620 3826 Dictator
640 3762 791 3822 adsersus
812 3760 935 3831 Gallos,
957 3758 1014 3839 qui
1035 3756 1070 3817 in
1091 3753 1220 3815 Italiam
1240 3777 1301 3818 re-

85 3862 231 3927 nerent,
253 3851 367 3912 missus
388 3856 448 3909 est.
491 3847 534 3908 Hi
556 3848 595 3907 ab
616 3845 711 3906 Urbe
733 3850 851 3924 quarto
872 3838 1029 3902 milliario
1066 3844 1156 3901 trans
1192 3836 1302 3899 Anie-

86 3958 170 4005 -nem
192 3935 326 3998 fluvium
353 3928 577 3992 consederant.
618 3924 847 3988 Nobilissimus
870 3923 917 3983 ibi
947 3920 1072 3982 iuvenis
1094 3918 1135 3981 de
1155 3921 1302 3984 Senato-

88 4023 189 4089 ribus
210 4021 250 4079 Τ.
273 4013 412 4078 Manlius
437 4020 670 4093 provocantem
692 4007 842 4079 Gallum,
874 4004 916 4063 ad
945 4001 1109 4084 singulare
1140 4014 1305 4067 certamen

89 4121 307 4193 progressus,
329 4097 467 4168 occidit,
490 4105 522 4156 et
541 4094 669 4157 sublato
692 4101 812 4171 torque
834 4105 956 4157 aureo,
986 4084 1140 4166 colloque
1160 4109 1218 4147 suo
1241 4086 1307 4147 im-

93 4190 233 4277 posito,
265 4185 517 4260 inperpetuum
545 4176 708 4260 Torquati
736 4174 799 4234 sibi
830 4180 863 4234 et
881 4166 1024 4251 posteris
1048 4188 1229 4248 cognomen
1250 4189 1308 4227 ac-

77 4270 204 4351 ·nepit.
245 4266 330 4328 Galli
362 4265 465 4347 fugati
497 4270 587 4334 sunt3
626 4280 702 4319 mox
730 4277 792 4337 per
822 4256 856 4315 C.
893 4247 1072 4330 Sulpitium
1104 4249 1310 4312 Dictaturam
1396 4310 1401 4317 ,

96 4356 201 4421 etiam
222 4351 311 4412 victi.
354 4348 428 4408 Non
451 4345 553 4407 multo
574 4350 651 4423 post
673 4362 691 4399 a
711 4339 747 4398 C.
765 4338 884 4397 Martio
900 4331 999 4394 Tusci
1015 4330 1092 4393 victi
1107 4340 1199 4392 sunt:
1229 4332 1311 4393 Vlll

99 4435 206 4502 millia
231 4434 437 4513 captivorum
462 4451 501 4499 ex
522 4427 625 4488 bisin
649 4417 976 4503 triumphumducti.

147 4520 210 4579 Vl.
242 4518 361 4577 Census
382 4515 500 4576 iterum
523 4510 653 4571 halaitus
676 4514 736 4568 est.
782 4503 826 4564 Et
846 4524 944 4584 quam
965 4496 1094 4567 Latini,
1121 4496 1177 4577 qui
1200 4518 1218 4555 a
1242 4497 1318 4556 aa·

106 4604 211 4666 manis
232 4598 358 4663 subacti
380 4605 493 4671 erant,
514 4592 635 4657 milites
655 4598 824 4676 praestana
842 4584 999 4661 nollent,
1022 4603 1067 4645 cx
1077 4579 1347 4642 Uomanxstan-
