2850 4958
179 315 251 373 rao
558 283 601 359 L.
630 282 810 358 dNNlEl
839 282 989 358 FLOR!

169 476 246 519 usus
278 447 446 534 exemplo,
488 444 701 519 interclusum,
727 446 855 509 hostem
888 443 1123 509 commeatibus
1153 445 1195 508 ud
1234 453 1374 511 extrema

170 537 351 621 compulit,
387 530 666 613 communitasque
697 531 809 612 copias
840 529 958 602 armis,
990 531 1076 591 fame
1105 530 1205 593 facile
1241 532 1375 595 delerit:

170 620 430 701 dedidissentque
456 636 510 689 so,
542 615 604 676 nisi
626 614 864 698 suppliciorum
885 620 973 673 metu
995 613 1217 675 voluntariam
1240 623 1377 677 mortem

130 702 407 790 sapruetulissent.
448 699 496 760 Ac
521 718 561 759 ne
592 696 633 760 de
659 698 741 759 duce
762 696 894 780 quidem
914 694 1111 777 supplicium
1133 696 1222 779 exigi
1246 698 1374 779 potuit,

170 787 314 872 quamvis
343 784 376 845 in
403 802 516 843 manus
536 780 681 843 venerit:
712 779 933 864 quippedum
955 780 1375 863 eireaapprebendendum

170 891 244 936 eum
272 867 450 933 multitudo
480 864 671 939 contendit,
699 864 787 927 iuter
815 861 993 925 rixantium
1013 884 1125 927 manus
1144 865 1275 947 praeda
1294 863 1376 927 lacs-

169 963 240 1019 rata
261 962 320 1016 est.

604 1125 829 1193 CAPUT
870 1126 943 1188 XX.

535 1286 701 1330 BELLU!
731 1281 1025 1329 SPARTACIUM·

133 1476 149 1519 ι
211 1450 385 1515 Enimvero
408 1456 441 1509 et
459 1446 626 1508 servilium
647 1467 814 1509 armorum
834 1442 974 1507 dedecus
994 1447 1097 1507 feras:
1128 1465 1203 1507 nam
1228 1446 1294 1509 etsi
1319 1444 1376 1529 ipsi

171 1559 231 1622 per
251 1539 416 1598 fortunam
438 1532 471 1592 iu
494 1532 602 1591 omnin
624 1530 780 1603 obnoxii,
809 1538 916 1590 tamen
947 1528 1039 1610 quasi
1062 1529 1243 1591 secundum
1263 1530 1377 1593 bomi-

130 1644 152 1687 u
172 1644 249 1683 num
270 1639 368 1699 genus
388 1623 482 1685 sunt,
504 1623 537 1675 et
558 1613 590 1674 in
612 1613 698 1675 bona
720 1612 881 1675 libertatis
902 1622 1034 1673 nostrae
1055 1613 1270 1693 adoptantur.
1307 1612 1378 1677 ltel-

171 1705 239 1768 lum
260 1704 417 1783 Spnrtaeo
440 1696 521 1757 duce
551 1697 767 1769 concitatum,
799 1717 866 1779 qno
886 1696 1020 1756 nomine
1038 1696 1223 1778 appellem,
1246 1698 1377 1759 neseio:

173 1789 301 1936 iiiiii
321 1804 424 1928 lili
443 1777 1379 1925 tttttt¹¹¹t0‘ttatl‘ltlti'tttttttttntl

132 1954 154 2017 ὅ
175 1964 250 2018 tem.
291 1951 466 2033 Spartacus
479 1990 488 2020 ,
501 1906 648 2017 crinis,
672 1886 878 2016 Obnomaus,
902 1943 1033 2005 effracto
1053 1945 1181 2009 Lentuli
1196 1944 1296 2021 ludo,
1313 1968 1380 2009 eun

172 2036 307 2119 triginta
338 2030 425 2092 baud
447 2026 584 2108 amplius
605 2028 749 2089 eiusdem
769 2027 921 2088 fortunae
941 2027 1022 2088 viris
1044 2039 1227 2113 eruperunt
1249 2031 1379 2113 Capua}

173 2118 338 2197 servisque
358 2114 398 2174 ud
420 2110 576 2172 auxilium
595 2111 740 2183 vocatis,
762 2130 863 2191 quum
884 2110 993 2170 statim
1015 2110 1125 2175 decem
1146 2111 1292 2195 amplius
1317 2112 1381 2175 mil·

172 2203 218 2266 lia
238 2200 379 2263 coissent
398 2194 590 2266 bominum,
611 2216 678 2255 non
699 2192 798 2255 modo
822 2191 969 2277 effugisse
990 2196 1155 2270 contenti,
1178 2196 1248 2257 iam
1268 2196 1381 2260 viudi-

133 2287 242 2365 4oari
273 2281 436 2343 volebant.
478 2277 589 2339 Prima
617 2277 706 2338 velut
732 2298 828 2337 arena
851 2277 929 2337 viris
951 2298 1044 2339 mous
1065 2279 1228 2341 Vesuvius
1249 2280 1381 2363 placuit.

173 2370 225 2433 lbi
254 2388 352 2449 quum
385 2360 615 2424 obsiderentur
644 2382 661 2419 a
694 2358 810 2421 Clodio
847 2359 1056 2443 Glabroque,
1087 2384 1149 2445 per
1180 2363 1296 2425 fauces
1318 2361 1381 2427 ceri

174 2452 295 2517 montis
322 2444 470 2509 vimineis
499 2442 621 2524 delapsi
643 2442 795 2515 vinculis,
819 2442 859 2503 ad
882 2442 960 2503 imas
983 2444 1051 2506 eius
1073 2444 1274 2508 descendere
1296 2446 1382 2509 radi·

175 2556 247 2598 ces:
273 2542 306 2595 et
327 2531 415 2591 exitu
437 2526 553 2598 inrisu,
569 2525 653 2587 nibil
673 2525 737 2587 tale
759 2525 922 2609 opinantis
943 2524 1035 2589 ducis
1056 2530 1165 2591 subito
1181 2528 1314 2613 impetu
1332 2550 1382 2593 cu-

132 2613 239 2681 Bstra
257 2618 447 2697 rapuerunt.
486 2609 567 2671 Inde
589 2609 732 2670 Variana
753 2616 868 2670 castra.
911 2609 1073 2695 Deinceps
1094 2635 1187 2674 oram
1216 2621 1382 2697 totamque

173 2705 392 2785 pervagantur
413 2692 639 2776 Campaniamt
662 2713 721 2754 nec
741 2691 894 2754 villarum
916 2700 1013 2774 atque
1034 2698 1183 2757 vicorum
1204 2698 1381 2759 vastatione

176 2781 342 2854 contenti,
373 2776 490 2838 Nolam
522 2785 619 2857 atque
637 2776 833 2849 Nuceriam,
865 2774 1010 2839 Thurios
1039 2789 1141 2862 atquc
1157 2778 1379 2862 Metapontum

134 2864 318 2930 Gterribili
349 2871 455 2944 strage
481 2860 694 2943 populantur.
736 2858 950 2920 Affluentibus
972 2861 1006 2921 in
1026 2862 1112 2924 diem
1134 2862 1264 2944 copiis,
1288 2882 1379 2947 quun
1414 2922 1416 2931 ,

176 2952 240 3013 ia‘m
262 2956 344 3010 esset
368 2946 470 3006 iustus
491 2944 673 3018 exercitus,
704 2962 721 3003 e
746 2942 922 3005 viminibus
943 2946 1170 3028 pecudumque
1192 2946 1378 3030 tegumentis
1409 2986 1416 3049 q

176 3032 360 3096 inconditos
382 3029 458 3111 sibi,
475 3027 628 3110 clypeos3
661 3028 790 3088 eferro
814 3027 1051 3109 ergastulorum
1074 3037 1229 3103 recocto,
1263 3029 1377 3113 gladios
1409 3066 1416 3108 q

135 3138 215 3201 7ac
244 3116 307 3177 tela
335 3116 496 3175 fecerunt.
538 3110 585 3172 Ac
616 3130 657 3171 ne
689 3108 778 3191 quod
809 3109 906 3170 decus
936 3110 1022 3174 iusto
1054 3112 1179 3173 deesset
1203 3110 1375 3195 exercitui,
1407 3150 1416 3195 ,Ι

177 3199 308 3263 domitis
330 3196 435 3258 obviis
457 3194 629 3280 gregibus,
651 3201 810 3274 parantur
835 3192 1016 3274 equitatus:
1040 3204 1199 3278 captaque
1221 3196 1264 3258 de
1285 3195 1376 3257 Prae·
1406 3212 1416 3277 ᾖ

134 3281 303 3349 8toribus
334 3277 472 3359 insignia
505 3285 537 3336 et
565 3277 667 3337 fasces
698 3274 738 3335 ad
768 3274 882 3335 ducem
905 3273 1062 3339 detulere.
1106 3279 1174 3340 Neo
1195 3279 1315 3340 abnuit
1331 3274 1376 3339 illa
1406 3298 1416 3358 p

177 3364 218 3425 de
237 3358 451 3444 stipendiario
482 3358 611 3420 Thrace
635 3354 749 3429 miles,
779 3355 819 3416 de
848 3356 953 3421 milita
974 3359 1144 3436 desertor,
1177 3361 1256 3423 inde
1276 3360 1375 3433 latro,
1406 3400 1416 3464 q

138 3470 157 3537 9
178 3444 295 3509 deinde
316 3443 350 3503 in
371 3442 531 3502 bonorem
552 3440 671 3501 virium
694 3438 875 3520 gladiator,
903 3442 980 3523 quin
1002 3442 1233 3506 defunctorum
1255 3448 1375 3529 quoqut
1406 3480 1416 3524 1

139 3540 145 3551 '
177 3526 308 3612 proelio
340 3524 458 3587 ducum
488 3525 603 3583 funera
633 3520 854 3601 imperatoriis
876 3525 1053 3588 celebravit
1079 3526 1258 3609 exsequiis,
1280 3524 1375 3608 eapti·
1407 3547 1417 3627 g

176 3609 409 3758 ttttttttt
429 3602 988 3753 ‘illiniti‘aiiliisd‘ligiim
1001 3613 1123 3755 tilii
1144 3613 1243 3692 '‘¹⁸¹“
1267 3610 1375 3753 ung
1409 3644 1417 3705 ¹

54 3760 58 3768 ⁹
141 3713 1377 3860 sotumfuissatslndeiamConsulares'qunquegadgiisiii,mii1nbm2.
1410 3710 1417 3855 i

176 3863 256 3924 nino
280 3858 409 3921 Lentuli
431 3855 620 3920 'exercitum
648 3858 850 3938 percecidit:
882 3858 969 3942 apud
999 3861 1156 3922 Mutinam
1190 3862 1263 3923 Caii
1325 3853 1378 3917 seii
1412 3896 1417 3938 Ι

138 3953 284 4023 preastra
305 3942 435 4005 delerit.
481 3940 607 4018 Quibus
630 3942 730 4005 elatus
751 3941 920 4016 victoriis,
952 3941 992 4004 de
1013 3943 1192 4006 invadenda
1211 3944 1295 4007 urbs
1312 3938 1379 4003 Ito-
1413 3958 1417 4018 ἢ

63 4077 65 4081 ,
141 4045 273 4090 romana
293 4025 397 4109 (quod
416 4023 493 4086 satis
514 4032 563 4085 est
583 4022 780 4105 turpitudini
802 4031 968 4104 nostrae,)
995 4025 1199 4089 deliberavit.
1245 4022 1379 4088 Tandem
1415 4060 1417 4081 ι

183 4111 280 4172 etiam
311 4109 391 4171 totis
422 4108 553 4191 imperii
584 4109 709 4171 viribus
739 4116 854 4169 contra
886 4108 1119 4172 mirmillonem
1153 4110 1378 4195 consurgitur,
1416 4150 1417 4155 κ

179 4193 405 4276 pudoremque
434 4192 619 4253 Romanum·
644 4190 788 4252 Licinius
820 4192 949 4253 Crassus
982 4186 1148 4255 adseruit:
1172 4216 1189 4256 a
1213 4216 1282 4280 quo
1299 4186 1380 4279 pulsi

180 4275 349 4359 fugatique
375 4273 493 4355 (pudet
512 4274 621 4337 dicere
634 4270 658 4353 l)
688 4273 798 4334 hostes
823 4273 857 4336 in
882 4286 1025 4337 extrema
1046 4278 1163 4340 ltaliae
1183 4281 1379 4361 refugerunt.

141 4356 234 4423 131bi
264 4361 352 4422 cirea
382 4359 548 4447 Bruttium
577 4356 728 4436 angulum
761 4357 902 4432 occlusi,
934 4382 1035 4441 quum
1057 4362 1221 4447 sugamia
1244 4360 1396 4423 Siciliau'

180 4453 355 4527 pararent,
385 4462 491 4525 nequo
519 4439 647 4524 navigia
676 4448 908 4523 suppeterent,
930 4452 1081 4528 ratesque
1102 4464 1142 4505 ex
1162 4445 1334 4518 trabibus,
1353 4446 1382 4503 et

182 4527 270 4588 dolia
299 4546 443 4587 connexa
463 4521 613 4603 virgultis
634 4524 668 4584 in
696 4523 902 4607 rapidissimo
928 4526 1014 4589 freto
1042 4530 1164 4589 frustra
1191 4529 1381 4611 experirer·

134 4608 243 4682 rdtur,
269 4608 400 4672 undem
418 4607 700 4693 eruptione-lactu
713 4612 737 4679 ,'
752 4606 882 4692 dignam
912 4607 992 4673 viris
1013 4611 1128 4678 obiere
1151 4619 1316 4674 mortem:
1338 4616 1380 4679 ot,
