2850 4958
462 270 851 352 atsreon-ns.
879 272 929 349 11.
1254 274 1304 372 4⁵

86 439 252 521 Labiepus
265 457 287 512 ‚¹
304 455 343 500 ex
368 437 534 500 Brutianis
560 438 676 505 eastris
701 432 873 520 proiectus
893 436 935 500 ad
954 434 1118 516 Parthos,
1140 434 1304 523 perducto

90 546 207 587 corum
229 523 373 585 exercitu
395 523 430 583 in
450 523 600 605 Syriam,
632 522 872 605 interfectoque
892 522 1014 606 Legato
1038 521 1192 593 Antonii,
1222 543 1308 583 con-

91 616 254 671 cusserat:
287 606 344 689 qui
375 606 499 667 virtute
530 615 562 668 et
592 605 692 667 ductu
724 605 888 681 Ventidii,
924 626 1084 667 unacum
1103 604 1309 671 Parthorum

90 691 217 773 copiis,
243 689 525 773 celeberrimoque
556 689 711 752 iuvenum
729 688 883 767 Pacoro,
906 689 992 773 regis
1014 688 1106 762 filio,
1130 689 1307 751 exstinctus

89 784 150 837 est.
197 773 331 839 interim
354 774 469 834 Caesar
491 794 551 855 per
571 772 652 833 baec
673 782 845 852 tempora,
873 794 915 835 ne
943 784 995 834 res
1024 771 1216 851 disciplinae
1241 772 1309 833 iui-

88 857 287 932 micissima,
314 857 419 917 otium
441 864 671 939 corrumperet
689 857 849 930 militem,
873 856 999 939 crebris
1022 855 1055 916 in
1077 856 1212 939 illyrico
1229 855 1309 917 Dul-

85 941 255 1023 matiaque
276 939 557 1021 expeditionibus,
578 940 737 1023 patientia
758 939 985 1022 periculorum
1005 936 1151 1025 bellique
1175 940 1310 1021 experi-

87 1024 179 1088 entia
202 1024 341 1086 durabut
361 1025 552 1085 exereitum.
596 1022 719 1083 Eadem
743 1032 935 1105 tempestate
957 1021 1106 1084 Calvinus
1127 1024 1308 1098 Demsitius,

85 1130 193 1194 quum
214 1130 253 1170 ex
276 1106 451 1168 Consulatu
474 1109 641 1169 obtineret
661 1106 870 1190 Hispaniam,
901 1106 1080 1191 gratissimi
1112 1128 1311 1190 comparan-

89 1195 193 1276 dique
214 1191 358 1273 antiquis
380 1192 519 1274 exempli
542 1200 659 1253 auctor
679 1191 754 1253 fuit.
797 1190 931 1273 Quippe
952 1188 1114 1273 primipili
1137 1190 1312 1252 Centurio·

87 1299 178 1348 nem,
200 1275 335 1335 nomine
350 1273 537 1349 Vibiii'ium,
559 1275 601 1335 ob
617 1282 748 1358 turpem
764 1294 802 1334 ex
817 1275 887 1335 acie
901 1276 1023 1358 fugam,
1041 1275 1119 1336 iusti
1134 1275 1308 1355 percussit.

95 1388 98 1395 ¹
131 1359 280 1418 LXXIX.
314 1359 486 1435 Crescente
508 1360 541 1419 in
562 1356 631 1419 dies
652 1368 685 1419 et
714 1355 814 1420 classe
836 1358 973 1419 etfama
994 1357 1163 1439 Pompeii,
1194 1361 1319 1422 Caesar·

88 1442 213 1503 molem
233 1440 313 1502 beili
336 1442 405 1502 eius
427 1443 594 1524 suscipere
617 1440 741 1504 statuit.
786 1439 1006 1503 Aedificundis
1028 1441 1187 1517 navibus,
1220 1463 1309 1502 con-

88 1523 437 1607 trabeudoquemiiiti
458 1547 495 1585 ac
512 1526 655 1606 remigi,
683 1524 916 1608 navalibusque
944 1523 1162 1587 adsuesceudo
1196 1535 1314 1586 certu-

90 1608 235 1692 minibus
257 1617 361 1690 atque.
377 1609 687 1691 exercitationibus,
710 1609 895 1689 praelectus
917 1615 965 1667 est
985 1611 1031 1670 M.
1046 1607 1205 1692 Agrippa,
1227 1608 1314 1689 [vir]

89 1691 225 1755 virtutis
247 1691 494 1766 nobilissimae,
515 1691 653 1765 labore,
675 1691 806 1772 vigilia,
829 1689 979 1772 periculo
1003 1692 1161 1764 invictus,
1207 1712 1311 1753 areu-

91 1774 210 1858 dique,
233 1774 290 1835 sed
311 1773 388 1849 uni,
418 1776 675 1853 scientissimus,
704 1774 776 1836 aliis
797 1794 872 1835 sane
893 1774 1074 1854 imperandi
1097 1713 1257 1858 cupidius,=
1280 1783 1314 1837 et

90 1858 287 1943 peremnia
310 1858 596 1921 exma'diiatioues
624 1859 772 1941 positus,
803 1857 1026 1939 consultisque
1057 1866 1142 1919 tacta
1170 1858 1319 1920 coniun-'

92 1962 183 2026 gens,
226 1942 290 2004 Hic
312 1943 346 2007 in
367 1939 498 2003 Averno
520 1965 558 2003 ac
579 1942 723 2003 Lucrino
741 1940 815 2003 lacu
835 1942 1073 2022 speciosissima
1093 1940 1192 2012 classe
1213 1942 1317 2003 labri·r

91 2035 182 2099 csta,
205 2025 406 2108 quotidianis
427 2026 718 2087 exercitationibus
745 2024 883 2091 militem
905 2025 1129 2108 remigcmqua
1153 2022 1194 2086 ad
1214 2041 1312 2087 sum-

92 2130 180 2169 mam
212 2117 244 2170 et
275 2109 426 2171 militaris
459 2119 492 2170 et
521 2110 705 2169 maritimae
735 2107 784 2177 rei
819 2105 977 2188 perduxit
1009 2108 1189 2175 scientiam.
1243 2110 1314 2171 Huc

94 2191 197 2253 classe
228 2193 361 2269 Caesar,
394 2213 494 2274 quum
524 2193 636 2275 prius,
669 2189 892 2274 despondente
924 2191 955 2252 ei
975 2190 1128 2274 Nerone,
1160 2192 1213 2253 oui
1236 2201 1312 2254 ante

92 2276 197 2357 nupta
220 2277 344 2350 luerat,
376 2276 517 2343 Liviam,
543 2276 717 2357 auspicatis
738 2272 951 2355 Reipublicae
983 2275 1135 2335 omnibus
1166 2272 1311 2337 duxisset

94 2379 254 2432 uxorem,
283 2359 445 2441 Pompeio
475 2357 675 2503 Siciliaeque
704 2357 827 2420 bellum
860 2355 984 2418 intulit.
1027 2356 1092 2418 Sed
1118 2359 1227 2419 virum
1247 2360 1316 2421 hu-

94 2463 191 2503 mana
228 2463 291 2524 ope
324 2443 503 2517 invictum,
535 2451 680 2526 gravier
711 2463 750 2507 eo
788 2448 940 2521 tempore
971 2440 1105 2501 fortuna
1136 2447 1313 2508 concussit.

95 2526 230 2607 Quippe
251 2526 349 2609 longe
372 2526 531 2587 maiorem
552 2534 679 2604 partem
701 2524 827 2598 classis,
854 2522 942 2584 eirea
958 2522 1086 2589 Veliam
1101 2524 1317 2609 Palinurique

94 2610 388 2691 promontorium,
413 2609 529 2670 adorta
554 2609 601 2670 vis
623 2608 730 2669 Africi
756 2606 913 2669 laceravit
939 2628 977 2669 ae
1002 2604 1140 2677 distulit,
1181 2607 1228 2670 Ea
1252 2633 1318 2693 pa.

94 2690 215 2753 mando
239 2692 328 2753 bello
353 2712 444 2755 mora
468 2693 554 2767 fuit,
580 2690 670 2785 quod
691 2698 767 2773 post
791 2690 974 2764 industria,
1001 2699 1033 2751 ct
1059 2691 1224 2756 interdum
1249 2717 1316 2756 an-

95 2774 194 2857 cipiti
221 2776 355 2835 fortuna
384 2784 510 2857 gestum
537 2782 596 2836 est.
640 2776 723 2835 Nam
754 2782 786 2836 et
814 2772 923 2835 classis
952 2772 1067 2835 eodem
1094 2773 1170 2837 loco
1199 2786 1317 2840 vexata

43 2888 46 2893 ·
95 2866 148 2920 est
173 2863 386 2939 tempestate,
420 2866 452 2917 et
475 2865 512 2917 ut
535 2856 640 2918 navali
670 2856 779 2940 primo
811 2854 939 2938 praelio
970 2855 1058 2938 apud
1082 2858 1187 2940 Mylas
1212 2860 1314 2923 ductu

95 2941 267 3026 Agrippae
300 2948 481 3022 pugnatum
513 2960 693 3022 prospere,
727 2938 774 2997 ita
799 2938 970 3019 inopinato
997 2937 1105 3000 classis
1135 2940 1316 3027 [adversae]

96 3026 239 3087 adventu
265 3024 371 3104 gravis
396 3023 456 3092 sub
487 3022 589 3104 ipsius
624 3021 768 3089 Caesaris
802 3021 907 3082 oculis
938 3020 1025 3086 cirea
1059 3022 1319 3089 Tauromenium

97 3116 243 3189 accepta¹
256 3107 385 3169 cladcst
411 3121 517 3190 neque
538 3105 578 3165 ab
604 3105 675 3186 ipso
700 3102 885 3185 perieulum
899 3101 1015 3163 abluit.
1046 3105 1216 3188 Legiones,
1233 3129 1320 3191 quae

98 3213 174 3253 sum
200 3189 378 3253 Corniiicio
403 3199 512 3261 erant,
537 3190 659 3272 Legato
676 3186 839 3260 Caesaris,
867 3186 1033 3266 expositae
1056 3187 1090 3247 in
1113 3195 1219 3263 terra,
1235 3212 1319 3273 pae-

97 3294 141 3335 ne
164 3295 182 3332 a
206 3275 366 3354 Pompeio
393 3294 569 3358 oppressae
594 3280 680 3334 sunt.
723 3268 788 3329 Sed
813 3269 968 3350 ancipitis
996 3269 1130 3331 fortuna
1155 3262 1313 3356 temporis

97 3364 228 3417 matura
262 3359 383 3419 virtute
422 3365 584 3420 correcta.
608 3364 612 3371 '
636 3351 815 3435 Explicatis
850 3355 975 3446 quippe
1012 3354 1181 3438 vtriusque
1213 3360 1317 3441 partis

98 3438 277 3514 classibus,
300 3462 402 3523 paene
423 3441 574 3502 omnibus
598 3447 712 3500 exutus
737 3436 873 3499 naribus
896 3437 1075 3516 Pompeius
1099 3438 1208 3501 Asiam
1237 3445 1316 3527 fuga

99 3524 235 3607 petivit:
261 3525 414 3607 iussuque
438 3526 484 3584 Μ.
510 3522 669 3597 Antonii,
694 3520 785 3583 cuius
811 3541 908 3604 opem
936 3520 1097 3604 petierat,
1122 3522 1201 3585 dum
1227 3527 1316 3590 inter

87 3608 218 3687 'ducem
235 3616 267 3668 et
294 3606 474 3690 supplicem
505 3604 743 3677 tumultuatur,
780 3611 813 3665 et
839 3625 927 3666 nuno
951 3603 1144 3684 dignitatem
1175 3609 1315 3682 retinet,

101 3712 189 3751 nunu
211 3692 311 3752 vitam
336 3699 506 3773 precatur,
533 3711 551 3749 a
573 3689 664 3749 Titio
689 3672 853 3770 lugulatus
878 3696 936 3751 esi.
981 3687 1040 3747 Cui
1064 3686 1097 3745 iu
1112 3694 1236 3749 tantum
1251 3683 1319 3751 ‹lnss

100 3773 190 3835 ravit
213 3774 278 3835 hoe
301 3775 449 3835 facinore
472 3781 677 3833 contractum
700 3771 830 3840 odium,
855 3779 892 3830 ut
914 3790 991 3831 mox
1013 3768 1110 3830 ludos
1127 3768 1162 3829 in
1182 3770 1314 3837 theatro

99 3856 254 3939 Pompeii
283 3856 671 3929 faciens,-exsecratione
705 3850 845 3941 populi,
870 3852 1077 3936 spectaculo,
1103 3852 1193 3941 quud
1216 3850 1318 3939 pra'e-

94 3940 223 4023 bebat,
245 3938 436 4019 pelleretur.
761 3986 764 3993 e
963 4000 966 4005 ,

144 4024 273 4083 LXXX.
304 4023 494 4103 Aceiverut,
518 4040 631 4104 gerens
655 4026 770 4082 eontra
788 4016 985 4098 Pompeium
997 4017 1132 4096 bellum,
1149 4042 1189 4082 ex
1203 4019 1318 4088 aeica

103 4106 223 4168 Caesar
250 4107 408 4189 Lepidum
433 4126 507 4167 oum
530 4106 594 4168 XII
619 4102 804 4185 semiplenis
827 4099 1022 4184 legionibus.
1066 4104 1129 4166 Hie
1158 4105 1210 4165 vir
1235 4127 1317 4168 om-

88 4191 194 4269 ,ntum
220 4190 431 4262 vanissimus,
461 4210 566 4270 neque
594 4188 659 4249 ulia
682 4188 805 4249 virtute
828 4192 895 4244 tam
922 4180 1053 4267 longam
1080 4188 1232 4249 fortunae
1256 4188 1318 4271 in-

103 4272 304 4355 dulgentiam
327 4274 481 4347 meritus,
516 4272 695 4335 exercitam
724 4267 893 4350 Pompeii,
920 4265 994 4346 quia
1021 4270 1163 4350 propior
1187 4272 1317 4352 iuerat,

101 4365 291 4440 sequentem
318 4378 387 4417 uon
412 4357 535 4439 ipsius,
558 4354 614 4416 sesi
641 4354 784 4415 Caesaris
806 4351 1034 4425 auctoritatem
1056 4373 1092 4412 ae
1116 4350 1234 4421 iidem,
1250 4356 1319 4423 sibi

103 4441 277 4503 iunxeratt
302 4440 497 4524 inflatusque
521 4438 660 4521 amplius
682 4435 745 4498 XX
763 4433 930 4513 legionum
959 4452 1116 4513 pumero,
1142 4434 1232 4495 inid
1259 4442 1321 4506 fu-

103 4524 192 4675 qqris
221 4520 680 4676 prlzpsmtt’ditidnuiiffisi
698 4518 871 4670 inwagpqqq
893 4514 1038 4667 tqqqtssqqia
1060 4520 1329 4686 qpmes'ngquqn

129 4626 433 4683 mmcreaere,
494 4622 705 4678 stenen
806 4624 854 4665 ιι
1010 4622 1033 4674 1,
1116 4622 1183 4667 sem
1310 4638 1335 4660 .-
