2850 4958
180 264 258 361 aas
376 204 1245 363 .;.pn-vmn·1uoosrn.can-7⁶:57,,a
1281 252 1284 259 ·

169 428 322 509 publicas
339 426 539 507 tuaefelix:
568 430 601 487 et
621 426 730 488 statim
751 414 1020 510 quaeadm-quae
1039 423 1121 487 haec
1141 421 1296 499 dixisset,
1316 444 1367 491 non
1416 438 1419 459 ¹

134 530 157 575 2
177 512 289 593 potuit
309 510 460 571 inveniri.
504 510 586 585 Hic,
609 511 773 587 Quaestor
794 508 910 581 Marii,
932 507 1127 591 Iugurtham
1151 530 1171 566 a
1195 510 1327 570 Boccho
1347 513 1368 571 in
1415 536 1419 572 l

132 594 375 657 3deditionem
398 594 535 676 accepit.
578 594 668 655 Rello
693 592 857 653 Cimbrico
883 600 916 652 et
937 592 1122 654 Teutonico
1143 591 1298 676 Legatos,
1316 595 1368 655 bo·
1415 619 1419 655 ι

132 680 250 757 Anium
279 696 413 757 operam
444 677 583 737 navavit.
624 677 765 739 Praetor
793 677 879 738 inter
914 675 999 737 cives
1029 675 1079 737 ius
1107 674 1205 736 dixit.
1248 676 1370 739 Praetor
1415 680 1419 738 l

16 822 22 851 ·.
134 760 324 823 bcilioiam
346 761 549 842 provinciam
569 760 697 822 habuit.
742 759 831 821 bello
854 757 965 820 sociali
984 758 1370 844 SamnitesHirpinosqas
1415 787 1419 823 1

133 842 351 925 desperavit.
393 844 443 905 Ne
472 853 680 923 monumenta
709 843 832 905 Bocchi
865 840 1082 916 tollerentur,
1115 842 1226 905 Mario
1260 845 1370 905 restitit,
1416 874 1419 903 a

110 936 154 1017 ’ς
174 929 295 991 Consul
317 927 424 987 Asiam
446 928 603 1001 sortitus,
627 927 852 989 Mithridatem
875 925 961 1005 apud
976 925 1227 991 Orchomenum
1244 937 1278 989 et
1292 928 1370 989 Chae·
1414 952 1419 991 1

174 1032 310 1073 roneam
339 1011 470 1092 proelio
503 1010 609 1071 fudit:
642 1010 856 1083 Archelaum,
892 1011 1094 1088 praefectum
1128 1011 1222 1083 eius,
1257 1011 1372 1072 Athenis
1415 1038 1419 1072 ι

65 1136 71 1145 ·
173 1096 275 1169 vicit:
298 1103 433 1177 portum
454 1094 625 1156 Piraeeum
647 1095 792 1174 recepit:
825 1092 940 1154 Medos
962 1102 995 1154 et
1018 1091 1191 1155 Dardanos
1216 1094 1254 1155 in
1276 1095 1371 1157 itiusrs
1414 1098 1419 1157 i

131 1170 352 1260 Bouporavit.
398 1180 476 1238 Mox
498 1198 599 1259 quum
621 1177 794 1261 rogatione
815 1175 960 1258 Sulpicia
990 1176 1165 1257 imperium
1191 1178 1373 1239 eiustrans·
1413 1204 1419 1240 ε

173 1262 319 1323 ferretur
339 1261 379 1324 ad
401 1262 561 1334 lilerium,
587 1263 620 1322 in
642 1260 771 1322 ltaliam
795 1278 969 1343 repressus,
991 1261 1158 1339 corruptis
1182 1260 1373 1323 adversario-
1414 1287 1419 1325 ι

175 1366 248 1407 rum
273 1345 491 1418 exercitibus,
515 1346 696 1407 Carbonem
722 1344 815 1405 ltalia
836 1342 981 1424 expulit:
1012 1343 1155 1403 Marium
1177 1345 1270 1425 apud
1289 1344 1372 1405 Sacri·
1412 1370 1419 1407 1

133 1437 332 1511 oportum,
357 1427 542 1489 Telesinam
569 1427 655 1509 apud
676 1437 806 1510 portam
833 1427 992 1489 Collinam
1014 1427 1105 1486 vicit.
1148 1428 1261 1489 Mario
1283 1430 1370 1489 Pras·
1413 1454 1419 1490 s

174 1522 265 1573 nesto
295 1511 490 1586 interfecto,
522 1512 664 1574 Felicem
688 1533 722 1573 se
754 1509 862 1571 edicto
894 1508 1080 1590 appellavit.
1123 1508 1368 1595 Proscriptioois
1414 1567 1419 1573 .

174 1595 301 1661 tubulas
329 1597 456 1679 primns
487 1593 675 1679 proposuit.
728 1596 854 1655 Novem
885 1594 988 1655 millia
1023 1591 1212 1654 deditorum
1251 1597 1285 1657 in
1314 1593 1370 1655 villa
1416 1643 1419 1656 .

135 1678 309 1759 topublica
330 1679 460 1741 cecidit.
503 1680 681 1741 Numerum
702 1677 909 1739 sacerdotum
934 1674 1043 1737 auxit:
1076 1676 1293 1753 tribuniciam
1316 1699 1371 1759 po·
1414 1730 1419 1739 .

134 1770 324 1827 tatastatcm
347 1762 476 1824 minuit.
518 1762 696 1844 Republica
720 1761 881 1834 ordinata,
899 1760 1092 1821 dictaturam
1108 1759 1284 1841 deposuit:
1305 1758 1373 1821 onds
1416 1788 1419 1821 ;

175 1846 286 1927 sperni
314 1856 471 1925 coeptus,
500 1846 659 1911 Puteolos
685 1845 865 1921 concessit,
895 1853 928 1906 et
951 1842 1092 1917 morbo,
1115 1844 1173 1927 qui
1193 1844 1373 1928 phthiriasis
1415 1847 1419 1908 ἶ

65 1912 95 1979 ι
173 1938 335 2003 vocatur,
357 1927 496 1995 interiit.

29 2158 43 2189 Ι.
575 2105 802 2169 CAPUT
843 2105 993 2168 LXXVI.

16 2203 33 2281 ,Ι
92 2232 189 2343 ’,ι’
478 2240 1091 2295 utrumme,·anxronu1.

195 2350 446 2446 ''Mithridotsn
471 2392 529 2434 rex
551 2371 671 2447 Ponti,
699 2348 856 2435 oriundus
877 2395 896 2433 a
917 2383 1041 2457 septem
1060 2372 1192 2447 Persis,
1218 2393 1329 2457 magna
1346 2368 1375 2430 vi

81 2470 85 2479 ·
177 2457 276 2517 animi
300 2466 332 2517 et
353 2456 517 2537 corporis,
540 2465 578 2518 ut
600 2457 746 2540 sexinges
768 2476 868 2539 equos
890 2468 1029 2539 regeret,
1054 2458 1291 2540 quinquaginta
1309 2476 1380 2536 gen-

136 2558 157 2601 2
177 2541 260 2600 tium
281 2560 340 2601 ore
361 2538 565 2620 loqueretur.
604 2540 697 2602 Bello
725 2540 838 2601 sociali
861 2538 1092 2603 dissidentibus
1118 2541 1294 2621 Romanis,
1318 2538 1381 2599 Ni·

135 2622 344 2685 beomedem
367 2624 536 2703 Bithynia,
559 2624 816 2685 Ariobarzanem
838 2624 1043 2706 Cappadocia
1068 2624 1205 2707 expulit.
1254 2624 1380 2685 Litteras

141 2718 146 2727 “
178 2727 240 2789 per
266 2716 368 2766 totam
396 2706 503 2767 Asiam
534 2707 643 2781 misit,
676 2717 732 2783 ut,
765 2708 951 2791 quicunque
981 2709 1144 2769 Romanus
1167 2717 1274 2781 esset,
1303 2715 1381 2767 certa

136 2790 233 2867 dolie
254 2789 513 2852 interficeretur:
546 2801 578 2852 et
601 2792 722 2852 factum
745 2800 802 2851 est.
841 2792 1019 2852 'Graeciam
1051 2792 1239 2872 insulasque
1262 2812 1396 2861 onmes,

136 2869 314 2955 5excepta
347 2874 481 2948 Rhodo,
515 2877 697 2955 occupavit.
748 2874 837 2936 Sulla
866 2896 939 2935 eum
969 2876 1098 2953 proelio
1122 2876 1229 2948 uicis,
1262 2876 1383 2937 classem

126 2984 130 2989 ·
181 2958 249 3019 eius
270 2958 460 3038 proditione
495 2958 645 3021 Archelai
671 2958 877 3040 intercepit:
898 2960 1004 3041 ipsum
1032 2958 1118 3041 apud
1142 2959 1385 3020 Orchomenum

180 3043 338 3124 oppidum
364 3043 448 3103 fudit
472 3050 503 3101 et
526 3043 710 3125 oppressit,
743 3051 775 3105 et
800 3042 912 3125 potuit
937 3064 1074 3125 capere,
1107 3043 1188 3116 nisi,
1221 3043 1385 3103 adversum

180 3128 321 3187 Marium
353 3127 526 3198 festinans,
559 3126 816 3209 qualemcunque
847 3148 960 3208 pacem
992 3148 1190 3208 componere
1218 3127 1387 3187 maluisset.

140 3207 160 3268 b'
181 3211 308 3283 Deinde
328 3208 550 3287 eum-cabiris
574 3212 777 3273 resistentem
799 3209 1063 3283 Lucullusfudit.
1095 3209 1310 3271 Mithridates
1324 3215 1389 3292 post

139 3294 380 3378 papompeio
413 3302 575 3354 nocturno
609 3293 739 3375 proelio
769 3293 894 3366 victus,
926 3293 959 3355 in
987 3312 1122 3375 regnum
1144 3295 1314 3373 confugit:
1340 3289 1388 3352 ubi

181 3398 242 3459 per
262 3376 454 3437 seditionem
480 3377 691 3459 popularium
713 3399 731 3436 a
751 3374 921 3437 Pharnace
945 3375 1013 3435 lilio
1042 3377 1076 3436 in
1100 3385 1193 3437 turre
1225 3379 1387 3445 obsessus,

140 3454 339 3520 8veneuum
367 3460 490 3520 sumsit.
536 3461 634 3538 Quod
665 3482 765 3541 quum
794 3458 918 3520 tordius
945 3458 1094 3532 biberet,
1124 3459 1200 3541 quia
1226 3462 1388 3522 aduersum

181 3564 302 3604 venena
324 3543 434 3605 multis
456 3551 548 3603 autea
569 3542 837 3605 medicaminibus
868 3563 989 3623 corpus
1012 3542 1179 3615 firmarat,
1215 3544 1386 3604 immissum

183 3647 409 3711 percussorem
433 3625 560 3687 Gallum
582 3626 754 3686 Sithocum
776 3626 973 3687 auctoritate
993 3626 1099 3687 vultus
1122 3626 1279 3690 territum
1299 3647 1386 3689 revo-

185 3711 289 3786 cavit,
313 3720 345 3775 et
365 3712 400 3773 in
421 3709 552 3773 caedem
571 3730 661 3771 suam
682 3730 812 3770 manum
833 3708 1028 3793 trepidantis
1049 3708 1187 3772 adiuvit.

571 3923 596 3985 C
617 3922 644 3984 A
665 3922 691 3983 P
713 3924 745 3985 U
767 3923 795 3983 T
837 3922 1004 3985 LXXVII.

600 4061 648 4101 cn.
669 4058 825 4101 rournrus
848 4060 986 4115 uacuus.

231 4194 352 4254 Gnaeus
373 4190 549 4272 Pompeius
571 4194 717 4275 Magnus,
741 4190 829 4252 civili
845 4191 933 4263 bello
950 4184 1058 4251 Sullae
1072 4197 1181 4271 partes
1196 4199 1335 4259 secutus,
1350 4183 1385 4243 il·

147 4297 167 4341 a
190 4279 276 4361 egit,
299 4286 336 4337 ut
359 4276 398 4335 ab
423 4295 460 4334 co
484 4276 622 4335 maxhne
644 4274 849 4357 diligeretur.
892 4275 1037 4336 Siciliam
1059 4277 1127 4336 sine
1148 4272 1239 4335 hollo
1264 4298 1281 4334 a
1308 4290 1384 4354 pro·

188 4361 318 4445 scriptis
344 4359 479 4436 recepit.
523 4358 730 4431 Numidiam,
760 4358 903 4418 Hiarbae
932 4368 1096 4440 ereptam,
1126 4358 1315 4419 Masinissae
1334 4373 1385 4415 re-

145 4443 304 4523 tornata.
349 4443 477 4525 Viginti
508 4460 562 4502 sex
587 4464 693 4529 ‘annos
722 4451 815 4501 natus
845 4442 1071 4521 triumphavit,
1115 4441 1297 4524 Lepidum,
1326 4446 1385 4496 acta

142 4529 295 4605 dSullao
313 4526 499 4590 rescindere
525 4526 708 4597 volentem,
738 4525 885 4603 privatus
908 4525 1000 4607 ltalia
1023 4527 1157 4608 fugavit.
1201 4526 1340 4587 Praetor
1359 4521 1385 4578 in

172 4612 373 4694 Hispaniam
393 4632 460 4698 pro
484 4606 682 4675 Consulibus
703 4608 832 4683 missus,
852 4608 1037 4671 Sertorium
1057 4610 1148 4673 vicit.
1193 4612 1274 4674 Mox
1297 4605 1384 4689 piro·

1127 4810 1181 4915 so
