2850 4958
512 280 656 359 LIBER
681 279 880 362 PRIMUS·
1229 290 1297 380 145

74 450 149 517 su·
165 454 287 515 Romae
320 459 491 535 regnatum
519 460 566 512 est
587 472 648 532 per
669 461 792 533 septem
814 442 906 532 reges
928 442 1022 510 annis
1039 446 1186 512 ducentis
1207 474 1298 533 qua-

83 539 234 621 draginta
259 538 387 609 tribus,
410 557 510 619 quum
532 534 638 595 adbuc
658 535 782 607 Roma,
807 535 864 595 ubi
884 532 1085 616 plurimum,
1118 535 1172 596 vix
1195 555 1297 618 usque

82 622 124 683 ad
145 623 297 703 quintum
319 618 481 680 decimum
502 617 693 679 milliarium
714 616 909 699 possideret.

78 732 81 737 '
127 722 225 782 VIII.
260 720 344 781 Hinc
378 738 597 781 consonas
632 738 771 801 coepere
797 740 859 800 pro
888 741 953 779 uno
984 741 1059 801 rege
1086 720 1151 781 duo
1172 720 1234 783 ¹bac
1257 725 1298 788 de

78 804 195 865 ‘mussa
219 804 345 875 creari,
367 813 426 875 ut,
450 804 476 863 si
500 824 580 861 uuus
604 803 794 863 malusrsse
816 802 990 874 voluisset,
1014 806 1097 865 alter
1118 826 1190 864 eum
1203 850 1211 878 ,
1234 807 1300 867 ba..

79 884 163 948 bens
195 895 390 970 potestatem
417 882 574 957 similem,
608 896 787 945 coerceret.
831 885 873 944 Et
892 884 1034 964 placuit,
1059 907 1099 945 ne
1122 887 1296 968 imperium

79 964 232 1053 longius,
257 992 355 1052 quam
376 988 493 1028 anuum
516 990 614 1027 uuum
638 971 806 1048 [annuum]
828 966 998 1041 haberent,
1020 992 1061 1030 ne
1082 991 1142 1050 per
1164 970 1297 1034 diutur-

79 1054 216 1115 nitatem
243 1053 415 1134 potestatis
442 1049 670 1111 insolentiores
695 1050 927 1119 redderentur,
955 1051 1010 1110 sod
1034 1052 1145 1112 civiles
1167 1061 1296 1137 sempor

83 1145 210 1208 essent,
240 1136 298 1218 qui
325 1155 358 1195 se
379 1143 456 1217 post
477 1135 742 1193 aunumscirent
765 1137 893 1194 futuros
916 1154 982 1194 esse
1003 1136 1160 1215 privatos.
1204 1139 1301 1199 Fue-
1348 1129 1350 1137 ¹

76 1220 163 1281 'runt
194 1217 297 1302 igitur
330 1238 414 1277 auno
447 1218 579 1299 prImo,
614 1216 754 1297 expulsis
785 1218 938 1299 regibus,
973 1238 1081 1279 coss.
1119 1220 1155 1278 L.
1185 1223 1298 1284 Iunius

75 1300 222 1376 Brutus,
255 1301 312 1383 qui
334 1299 472 1360 maxime
494 1306 624 1381 egerat,
648 1307 683 1359 ut
706 1299 903 1382 Tarquinius
924 1298 1125 1378 pelleretur,
1151 1307 1182 1361 et
1205 1305 1300 1366 Tar-

74 1386 221 1469 'quinius'
242 1382 442 1454 Collatinus,
464 1382 600 1443 maritus
621 1382 802 1443 Lucretiae.
846 1382 910 1442 Sed
932 1380 1112 1465 Tarquinio
1138 1384 1299 1451 Collatino

69 1470 195 1529 statim
226 1467 352 1528 sublata
378 1462 525 1547 'dignitas
558 1470 615 1523 est.
659 1465 831 1525 Placuerat
852 1461 971 1535 eadm,
1002 1486 1043 1525 ne
1073 1464 1242 1549 quisquam
1266 1474 1300 1533 in

69 1550 180 1629 [Urbe
210 1556 375 1622 maneret,
405 1548 463 1631 qui
492 1546 689 1629 Tarquinius
711 1557 896 1609 vocaretur.
924 1545 1026 1628 ,Ergo
1050 1560 1184 1630 accepto
1210 1556 1300 1615 oanni

69 1632 286 1779 {patrimonio
317 1652 399 1703 suo,
432 1652 471 1691 ex
502 1630 595 1691 Urbe
626 1631 798 1714 migravit,
834 1638 866 1690 et
895 1629 970 1690 loco
1002 1631 1103 1711 ipsius
1125 1636 1228 1696 factus
1251 1647 1300 1697 est

69 1742 78 1749 ·
119 1716 238 1778 alerius
259 1713 432 1777 Publicola
456 1711 603 1787 Consul.¹
894 1736 897 1743 ¹

69 1810 74 1819 '
128 1816 187 1875 lx.
220 1814 406 1876 commovit
426 1821 534 1874 tamen
555 1812 677 1891 bellum
698 1811 774 1875 urbi
796 1810 918 1875 Romae
939 1837 996 1876 rex
1017 1816 1225 1899 Tarquinius,
1242 1824 1301 1900 qui

74 1900 197 1961 fuerat
217 1898 388 1979 expulsus:
414 1904 445 1957 et
467 1895 614 1957 collectis
636 1890 746 1957 multis
768 1894 939 1980 gentibus,
963 1903 1053 1959 utin
1075 1922 1209 1984 regnum
1225 1925 1302 1983 pos-

69 1992 132 2043 net
155 1982 295 2054 restitui,
318 1978 495 2040 dimicavit.
537 1979 576 2039 In
590 1979 697 2061 prima
717 2002 825 2063 pugna
843 1980 960 2041 Brutus
977 1983 1108 2053 Consul,
1132 1995 1164 2045 et
1178 1985 1298 2059 Aruns,

75 2060 261 2147 Tarquinii
294 2062 397 2137 filius,
428 2060 462 2122 in
485 2062 590 2122 vicem
611 2060 869 2125 seoccideruut.
912 2065 1048 2143 Romani
1073 2075 1178 2128 tamen
1202 2090 1240 2129 ex
1262 2093 1300 2129 ea

69 2164 193 2232 pugna
215 2148 355 2207 victores
369 2152 590 2207 recesserunt.
633 2143 769 2207 Brutum
791 2146 954 2207 Romanae
975 2158 1159 2221 matronae,
1184 2150 1301 2211 defen-

72 2248 195 2293 sorem
221 2226 402 2311 pudicitiae
431 2248 529 2301 suae,
558 2226 650 2309 quasi
682 2251 884 2290 conamunem
916 2238 1065 2311 patrem,
1098 2252 1298 2310 perannum

69 2300 250 2376 luxerunt.
295 2309 446 2371 Valerius
467 2310 641 2375 Publicola
672 2312 728 2394 Sp.
749 2312 949 2383 Lucretium,
963 2310 1197 2391 Tricipitinum
1219 2319 1300 2378 colr-

69 2386 189 2481 legam
212 2390 273 2457 sibi
297 2395 396 2467 fecit,
418 2393 589 2455 Lucretiae
609 2400 759 2474 patrem,
783 2417 848 2477 quo
872 2394 990 2455 morbo
1013 2407 1159 2467 mortuo,
1177 2398 1299 2460 iterum

69 2468 261 2543 Horatium
291 2476 469 2539 Pulvillum
500 2472 659 2558 collegam
691 2478 753 2538 sibi
785 2479 913 2539 sumsit.
964 2477 1014 2538 Ita
1040 2481 1166 2561 primus
1197 2502 1299 2543 annus

75 2565 232 2645 quinque
254 2559 405 2621 Consules
426 2559 560 2619 habuit:
585 2580 687 2640 quum
706 2560 903 2640 Tarquinius
924 2559 1103 2624 Collatinus
1117 2561 1210 2624 Urbe
1225 2586 1300 2625 ces-

69 2648 185 2717 uisset
208 2652 347 2726 propter
375 2663 520 2715 nomen,
548 2643 667 2703 Brutus
697 2644 826 2725 proelio
852 2644 1012 2728 perisset,
1045 2647 1106 2729 Sp..
1126 2648 1298 2710 Lucretius

69 2729 207 2791 inorbo
230 2726 380 2807 mortuus
401 2732 492 2785 esset.
838 2754 843 2763 ¹

126 2831 170 2889 X.
202 2824 350 2889 Secundo
383 2846 514 2907 quoque
546 2847 629 2885 anno
654 2825 773 2887 iterum
795 2827 1012 2904 Tarquinius,
1036 2838 1073 2888 ut
1093 2834 1299 2899 reciperetur

69 2906 119 2983 in
144 2933 299 2993 reguum,
321 2908 443 2969 bellum
466 2908 615 2967 Romanis
639 2908 769 2980 intulit,
792 2910 947 2969 auxilium
970 2910 999 2970 ei
1014 2912 1138 2972 ferente
1154 2907 1300 2976 Porsena

69 2990 229 3061 =Tusciae
250 3011 347 3067 rege:
372 3001 404 3051 et
423 2991 560 3051 Romam
580 2992 803 3071 paeuecepit.
847 2992 972 3050 Verum
994 3000 1072 3052 tunc
1094 3015 1225 3074 quoque
1246 3000 1301 3057 vi-

81 3092 160 3143 ctus
182 3088 240 3139 est.
284 3072 398 3136 Tertio
422 3094 505 3137 anno
528 3082 604 3153 post
625 3093 717 3154 reges
738 3082 867 3134 exactos
883 3071 1093 3154 Tarquinius,
1111 3097 1209 3155 quum
1225 3099 1299 3136 sus-

69 3164 158 3247 ,ῃίρί
187 3183 254 3223 non
279 3167 391 3235 posset
411 3157 445 3217 in
466 3177 624 3237 regnum,
646 3176 751 3237 neque
776 3155 805 3219 ei
827 3156 989 3225 Porsena,
1012 3159 1069 3239 qui
1091 3180 1202 3239 pacem
1225 3181 1301 3223 cum

69 3242 243 3313 .1tomanis
273 3244 416 3311 fecerat,
450 3239 606 3299 auxilium
637 3248 837 3315 praestaret,
870 3240 1046 3301 Tusculum
1077 3263 1110 3301 se
1137 3243 1299 3318 contulit,

69 3350 174 3415 ¹-quae
196 3323 307 3389 civitas
328 3344 395 3385 nou
414 3320 511 3404 louge
528 3323 573 3391 ¹ab
588 3324 682 3384 Urbe
697 3332 756 3394 est,
779 3331 876 3404 atque
898 3324 944 3385 ibi
967 3345 1027 3399 per
1048 3327 1299 3407 quatuordecim

69 3433 192 3475 annos
222 3411 366 3491 privatus
396 3426 484 3467 cum·
502 3427 605 3466 uxore
633 3406 813 3466 consenuit.
855 3406 981 3475 Quarto
1004 3429 1088 3469 auno
1110 3419 1186 3490 post
1206 3430 1298 3486 reges

69 3504 239 3564 .exactos‚
271 3513 371 3573 quum
404 3486 519 3549 Sabini
549 3488 702 3553 Romanis
729 3487 850 3549 bellum
874 3489 1077 3565 intulissent,
1100 3494 1177 3553 vieti
1201 3505 1296 3566 sunt,

69 3568 126 3655 ¹‚ut
145 3572 187 3638 de
207 3576 258 3636 his
278 3570 527 3652 triumphatum.
571 3573 696 3649 Quinto
718 3590 800 3632 anno
824 3571 978 3635 Valerius
1001 3573 1077 3645 ille,
1100 3578 1193 3636 Bruti
1218 3578 1298 3637 col*-

72 3658 185 3743 ¹laga,
217 3666 248 3721 et
270 3666 384 3741 quater
418 3674 520 3726 cos,
541 3652 685 3715 {irtalitcr
705 3663 853 3716 mortuus
875 3668 943 3728 est·,
967 3656 1214 3735 adeopauper,
1238 3668 1294 3728 ut,

69 3740 219 3815 „collatis
241 3765 258 3800 a
277 3737 403 3823 populo
425 3737 584 3809 nummis,
616 3745 757 3797 sumtum
781 3736 1170 3821 .lral1ueritsepulturae3
1201 3760 1297 3820 quern

85 3836 278 3897 matronae,
300 3825 384 3884 sicut
403 3821 561 3891 Brutum,
586 3842 701 3879 aurnum
724 3816 887 3877 luxerunt.

77 3984 83 3995 ,
131 3930 192 3990 XI.
223 3929 320 3987 Nouo
349 3946 431 3988 anno
460 3928 536 4003 post
563 3941 653 3995 reges
676 3928 825 3986 exactum
856 3942 955 3999 quum
978 3938 1077 4002 gener
1098 3923 1293 4004 Tarquinii,

76 4013 133 4076 :nd
155 4012 308 4073 iniuriam
328 4002 697 4077 soceriwindicandam,
720 3998 881 4083 iuge'utem
902 4002 1084 4084 collegisset
1104 4007 1294 4081 exercitum,

85 4118 177 4161 nova
194 4096 315 4157 Romae
336 4092 474 4173 dignitas
496 4096 544 4147 est
563 4096 691 4158 creata,
715 4104 796 4167 quae
820 4102 922 4142 u1or
934 4104 982 4143 ar
993 4100 1074 4147 aaa
1091 4089 1295 4169 appellatur,

86 4182 198 4245 maior
219 4199 315 4260 quam
335 4170 524 4237 consularis.
567 4168 690 4229 Eodem
713 4187 796 4227 auno
813 4165 908 4226 etiam
931 4189 955 4226 u
967 4188 984 4225 a
994 4188 1014 4227 c
1025 4190 1037 4227 1
1048 4193 1060 4229 s
1071 4190 1090 4228 r
1101 4192 1147 4230 ru
1169 4194 1216 4243 ro
1231 4195 1252 4235 u
1263 4194 1298 4231 r-

80 4283 185 4325 snu
213 4264 408 4325 factus'est,
439 4252 495 4338 qui
518 4252 672 4313 dictatori
696 4251 941 4332 obsequeretur.
984 4250 1098 4333 Neque
1119 4254 1297 4338 quidquam

89 4344 233 4411 similius
252 4352 360 4425 potest
380 4340 467 4411 dici,
490 4357 587 4413 quam
607 4337 777 4397 Dictatura
800 4332 951 4413 antiqua,
973 4332 1053 4395 buic
1073 4336 1203 4414 imperii
1223 4352 1296 4419 po-

90 4426 225 4499 testati,
256 4448 351 4507 quam
383 4443 467 4485 nuuc
499 4416 732 4501 Tranquillitas
754 4423 858 4493 vestra
880 4418 999 4477 babet:
1035 4418 1171 4478 maxime
1196 4428 1297 4499 quum

84 4516 259 4593 -Augustus
289 4529 420 4591 quoque
453 4504 671 4587 Octavianus,
699 4499 827 4580 dequo
849 4510 961 4577 postea
984 4498 1146 4572 dicemus,
1170 4508 1298 4564 etanta

93 4616 169 4661 eum
191 4593 285 4655 Caius
308 4593 444 4664 Caesar,
468 4588 527 4649 sub
548 4587 741 4650 Dictaturae
761 4582 894 4643 nomine
906 4591 1015 4669 atque
1031 4582 1170 4645 laonoae
1187 4606 1319 4668 respu-

846 4690 888 4755 ‘t
