2850 4958
517 296 674 377 urar.
700 292 886 376 carm
1257 303 1309 404 75

89 459 234 525 baberet
253 468 328 525 ante
348 458 475 526 Urbem
495 460 730 547 apud-Caprae
751 463 906 549 paludem
948 487 967 530 e
987 473 1164 550 conspeetu
1188 465 1329 532 ablatus.

93 556 156 608 est.
199 546 411 629 Discerptum
432 546 534 630 aliqui
555 569 575 607 a
595 546 716 611 Senatu
740 559 859 632 putant
875 509 932 612 -ob
958 552 1104 633 asperius
1125 553 1354 640 ingeniumtrp

92 628 152 690 sed
176 630 297 692 oborta
325 639 498 715 tempestas
528 629 673 713 solisque
706 631 849 695 defectio
883 635 1151 715 consecrationis¹
1169 636 1312 718 speciem

90 712 296 796 praebuere:
319 714 372 776 cui
396 735 473 776 mox
493 714 597 776 Iulius
617 715 780 777 Proculus
805 715 901 777 fidem
922 717 1013 791 fecit,
1036 717 1142 780 visum
1161 739 1227 780 ase
1241 717 1356 783 lto-18

90 794 221 857 mulum
251 795 433 872 affirmans,
464 797 654 882 augustiore
683 800 814 874 forma,
853 821 951 881 quam
984 802 1120 863 fuisset:
1154 801 1311 864 mandare

88 888 289 961 praeterea,
322 889 359 941 ut
388 903 422 943 se
451 901 515 962 pro
547 880 680 944 numine
709 881 918 964 acciperent:
963 889 1134 967 Quirinum
1156 885 1192 948 iu
1216 884 1311 950 coelo

86 961 228 1038 vocari3
249 962 409 1048 placitum
428 965 502 1028 Diis
523 964 589 1038 ita,
610 972 649 1027 ut
669 965 943 1050 gentium'ltoma
963 968 1144 1053 potiretur.

547 1141 778 1209 CAPUT
818 1145 867 1209 11.
909 1180 914 1189 ·

520 1295 560 1342 Μ
593 1297 685 1345 suus
717 1295 885 1345 POHPIHO·

104 1436 107 1441 ⁴
135 1423 294 1491 Succedit
318 1423 459 1493 Romulo
494 1429 599 1491 Numa
627 1428 832 1515 Pompilius,
871 1448 970 1515 quem
1004 1426 1145 1493 Curibus
1179 1429 1309 1509 Sabinis
1335 1454 1351 1496 r

90 1518 266 1594 agentem,
299 1513 388 1575 ultro
422 1513 614 1596 petiverunt
654 1510 699 1575 ob
731 1513 877 1576 inolitam
903 1512 967 1574 viri
1001 1513 1208 1597 religionem.
1252 1515 1354 1579 Illea

92 1614 190 1654 sacra
223 1601 256 1655 et
282 1596 517 1671 caerimonias,
548 1616 742 1678 omnemque
762 1596 888 1658 cultum
908 1600 1056 1657 Deorum
1078 1596 1315 1661 immortalium

92 1674 232 1738 docuit:
256 1673 312 1739 ille
332 1679 530 1754 Pontifices,
552 1677 724 1762 Augures,
746 1678 871 1753 Salios,
900 1688 1075 1762 ceteraque
1094 1679 1214 1763 populi
1236 1682 1314 1741 Ro·-

92 1758 186 1821 mani
219 1761 420 1839 sacerdotia3
456 1782 575 1823 annum
606 1783 739 1846 quoque
771 1763 803 1822 in
834 1757 1008 1823 duodecim
1035 1783 1180 1837 menses,
1211 1765 1313 1826 fastos

63 1870 69 1885 ·
92 1840 167 1903 dies
188 1842 396 1928 nefastosque
419 1844 604 1929 descripsit.
642 1846 704 1908 llle
724 1843 851 1906 Anciliu
867 1853 964 1927 atque
978 1844 1173 1919 Palladium,
1189 1844 1355 1910 secreta5

95 1923 258 2007 quaedam
285 1924 415 2010 imperii
445 1926 597 2013 pignora,
622 1929 802 2011 Ianumque
830 1929 1006 2011 geminum,
1029 1927 1144 1989 Fidem
1164 1930 1254 2011 pacis
1276 1952 1315 1992 ae

88 2006 196 2081 belli3
225 2010 376 2091 inprimis
396 2014 507 2073 focum
531 2013 652 2074 Vestae
673 2010 855 2095 virginibus
878 2011 1050 2073 colendum
1072 2010 1185 2084 dedit,
1213 2012 1314 2074 ut'ad
1338 2038 1343 2049 ·

88 2090 306 2155 simulacrum
328 2095 517 2157 coelestium
539 2095 683 2157 siderum
704 2103 812 2157 custos
840 2096 971 2178 imperii
999 2094 1127 2157 flamma
1148 2093 1312 2175 vigilaret.

88 2175 203 2256 [Haec
231 2178 340 2238 omnia
372 2179 463 2262 quasi
493 2179 621 2240 monitu
647 2180 736 2241 Deae
764 2178 922 2262 Egeriae,
956 2200 1022 2261 quo
1048 2177 1149 2261 magis
1175 2177 1311 2240 barbari

89 2258 309 2339 acciperent]
351 2260 400 2323 Eo
424 2261 564 2345 denique
584 2263 730 2324 ferocem
750 2261 909 2344 populum
930 2256 1076 2344 redegit,
1097 2267 1147 2334 ut,
1171 2261 1261 2344 quod
1278 2263 1311 2325 vi
1332 2263 1356 2339 4

91 2349 129 2404 et
144 2339 265 2407 iniuria
281 2354 459 2430 occuparat
472 2345 660 2430 imperium,
676 2341 837 2430 religione
851 2351 949 2429 atque
963 2343 1088 2409 iustitia
1103 2343 1313 2431 gubernaret.

541 2523 769 2590 CAPUT
811 2516 876 2589 111.

494 2674 558 2743 *na
592 2682 693 2728 annuo
728 2671 889 2725 sosarmo.

138 2800 273 2890 Excipit
293 2800 496 2888 Pompilium
519 2800 657 2869 Numam
678 2793 793 2870 Tullus
814 2802 996 2885 Hostilius,
1019 2804 1072 2870 cui
1095 2803 1129 2871 in
1149 2801 1315 2873 bonorem
1337 2831 1352 2891 t
1403 2867 1408 2875 .

68 2884 232 2958 uirtutis
256 2911 392 2974 regnum
419 2886 508 2950 ultro
532 2889 655 2951 datum.
700 2888 765 2951 llic
796 2906 926 2952 omnem
950 2884 1128 2952 militarem
1157 2889 1356 2975 discipli-u

70 2972 195 3048 'nam,
229 2982 398 3054 artemque
428 2965 572 3034 bellandi
604 2968 763 3053 condidit.
810 2966 858 3032 Ita
909 2994 926 3034 e
957 2975 1078 3035 mirum
1111 2968 1146 3033 in
1180 2974 1317 3036 modum

91 3057 276 3120 exercitata
306 3051 495 3128 iuventute,
553 3070 713 3117 rovocare
738 3068 832 3116 ausus
861 2992 1026 3129 iilaesos,
1050 3072 1182 3138 gravem
1204 3063 1237 3117 et
1258 3050 1315 3118 diu

118 3140 281 3221 rincipem
303 3122 476 3222 populum.
543 3137 584 3199 ed
605 3154 705 3220 quum
725 3138 799 3219 pari
821 3135 947 3200 robore
967 3133 1195 3219 frequentibus
1217 3139 1358 3223 pros-5

88 3164 306 3305 iiisutrique
329 3216 650 3294 comminuerentur,
672 3220 771 3283 misso
794 3214 828 3282 in
851 3214 1080 3302 compendium
1101 3217 1191 3281 bello
1202 3265 1215 3319 ἓ
1242 3222 1318 3284 Ho-

93 3306 192 3369 ratiis
216 3298 436 3386 Curatiisque,
458 3299 640 3385 trigeminis
661 3298 740 3365 binc
756 3310 854 3386 atque
869 3301 946 3364 inde
958 3296 1128 3377 iratribus,
1144 3309 1316 3388 utnusque

93 3388 217 3473 populi
240 3390 304 3450 fata
327 3387 482 3469 permissa
505 3396 591 3448 sunt.
634 3384 762 3469 Auceps
785 3396 818 3448 et
836 3384 977 3487 pulchra
999 3383 1180 3462 contentio,
1205 3389 1358 3469 exitu-4

95 3492 165 3555 que
186 3469 257 3553 ipso
283 3467 455 3532 mirabilis.
499 3471 622 3532 Tribus
649 3465 774 3553 quippe
795 3464 887 3532 illme
907 3466 1104 3545 vulneratis,
1127 3467 1205 3534 binc
1227 3472 1316 3535 duo-

94 3552 161 3617 bus
184 3553 320 3627 occisis,
352 3550 407 3635 qui
436 3563 607 3636 supererat
628 3553 807 3629 Horatius,
835 3551 948 3616 addito
971 3553 1012 3616 ud
1032 3550 1188 3616 virtutem
1210 3555 1312 3628 dolo,

93 3645 141 3700 ut
160 3635 356 3699 distraheret
377 3636 528 3711 hostem,
557 3636 689 3698 simulat
708 3638 837 3722 fugam,
858 3635 1082 3722 singulosque,
1102 3643 1207 3716 prout
1222 3638 1315 3719 sequi

95 3724 278 3807 poterant,
310 3717 443 3781 adortus
479 3727 663 3801 exsuperat.
706 3715 763 3781 Sic
785 3720 912 3798 (rarum
940 3712 1019 3780 alias
1046 3710 1187 3796 deensi)
1219 3714 1356 3781 uniusb

94 3810 322 3887 manquarta
355 3799 495 3864 victoria
527 3811 594 3864 est:
629 3823 727 3886 quam
758 3799 815 3861 ille
843 3816 921 3863 mox
947 3796 1130 3884 parricidio
1155 3799 1316 3864 foedavit.

88 3882 250 3949 ¹Flentem
281 3882 386 3964 spolia
417 3885 504 3947 cirea
529 3906 564 3948 se
595 3880 708 3968 sponsi
739 3881 893 3966 quidem,
926 3884 982 3947 sed
1010 3882 1138 3957 bostis,
1163 3900 1316 3946 sororem

88 3967 239 4033 viderat.
272 3970 378 4029 'Hune
401 3976 466 4028 tam
490 3967 699 4029 immaturum
719 3964 857 4047 virginis
880 3984 1025 4029 amorem
1044 3964 1132 4043 ultus
1148 3974 1196 4027 est
1208 3969 1313 4030 ferro.

98 4051 251 4121 Citavere
274 4050 362 4135 leges
384 4051 493 4127 nefas,
514 4050 570 4112 sed
594 4050 730 4113 abstulit
753 4050 864 4111 uirtus
911 4048 1107 4123 arricidam,
1134 4056 1167 4110 et
1189 4051 1316 4125 facinus
1337 4048 1358 4112 6

96 4134 189 4199 iutra
213 4135 353 4220 gloriam
369 4134 458 4196 nit.
503 4131 572 4196 Neo
602 4134 659 4195 diu
690 4134 725 4194 in
755 4132 820 4195 fide
850 4067 1006 4193 allisanus.
1046 4131 1129 4195 liam
1158 4130 1318 4197 Fidenate

95 4216 191 4282 bello
214 4218 301 4280 missi
325 4217 358 4279 iu
381 4217 538 4279 auxilium
560 4234 599 4279 ex
622 4214 777 4289 foedere,
801 4214 903 4277 medii
927 4213 1015 4277 iuter
1036 4214 1120 4277 duos
1145 4224 1317 4297 exspecta-

91 4322 180 4369 πονο
201 4303 379 4363 fortunam.
425 4301 488 4363 Sed
516 4317 575 4363 rex
606 4299 761 4373 callidus,
790 4298 847 4361 ubi
871 4296 1029 4375 inclinare
1049 4297 1158 4361 socios
1183 4297 1224 4358 ad
1243 4298 1315 4361 bo·
1338 4321 1359 4381 7

94 4394 185 4449 stem
208 4384 313 4454 videt,
336 4383 427 4448 tollit
451 4385 600 4458 animos,
624 4383 716 4466 quasi
739 4382 809 4465 ipse
830 4381 1028 4459 mandasset:
1056 4403 1129 4465 spes
1150 4379 1226 4442 inde
1246 4404 1316 4444 no-

96 4469 198 4551 stris,
221 4468 509 4537 metusbostibus.
551 4468 606 4530 Sic
626 4471 716 4530 fraus
737 4464 950 4549 proditorum
974 4463 1070 4527 irrita
1090 4465 1166 4528 fnit.
1202 4460 1360 4547 Itaque8

97 4552 198 4615 bosts
228 4551 336 4626 victo,
370 4561 542 4635 ruptorem
573 4550 718 4614 foederis
735 4550 888 4612 ¹Mettum
918 4547 1107 4621 Fufetium,
1144 4545 1320 4629 religatum

100 4635 191 4699 iuter
211 4633 295 4711 duos
315 4656 452 4712 curum,
474 4635 666 4722 pernicibus
690 4631 788 4717 equis·
801 4630 979 4709 distrahit,
1015 4630 1198 4715 Albamque
1214 4632 1320 4718 ipsam

157 4732 160 4739 ’
891 4737 931 4780 ιο
