2850 4958
509 271 658 365 urana
674 289 901 408 ,seruus
948 318 952 324 ·
1238 296 1309 400 169

73 464 207 523 -nntem
228 454 366 519 Romani
391 462 483 517 erant
501 456 541 521 Ρ.
566 456 736 519 Cornelius
757 459 893 542 Scipio,
927 476 968 520 ex
988 476 1106 543 genere
1126 464 1311 547 antiquissi-

90 562 156 606 mo
177 541 343 624 Scipionis
363 539 528 605 Africani:
557 541 630 620 [nie
653 543 749 602 etiam
770 564 865 605 socer
884 542 1035 625 Pompeii
1056 546 1166 630 Magni
1187 549 1310 631 fuerat]

77 628 147 690 ⁵M.
169 625 341 698 Petreius,
364 625 406 701 Q.
428 624 548 698 Varus,
571 628 616 685 M.
638 623 778 687 Porcius
802 628 894 701 Cato,
915 626 953 689 L.
978 627 1146 690 Cornelius
1159 628 1308 706 Faustus,

78 709 208 772 Sullae
228 706 410 770 Dictatoris
438 706 534 768 filius.
578 708 699 769 Contra
726 706 811 783 hos,
843 708 1016 771 commisso
1047 711 1200 794 proelio,
1235 725 1312 796 post

69 793 215 855 multas
237 790 463 852 dimicationes
483 792 591 852 viator
612 791 677 851 fuit
700 792 827 854 Caesar.
867 793 964 866 Cato,
987 793 1119 875 Scipio,
1142 794 1305 872 Petreius,

80 876 199 948 Iuba,
223 874 284 955 ipsi
307 895 341 934 se
364 873 567 935 occiderunt.
612 872 770 950 Faustus,
794 873 919 955 [Sullae
940 878 1108 958 quondam
1129 878 1312 946 Dictatoris

84 957 217 1037 filius‚]
239 957 390 1038 Pompeii
412 978 531 1039 gener,
555 978 572 1016 a
596 958 729 1019 Caesare
751 960 941 1020 interfectus
961 968 1019 1023 est.
1321 1007 1323 1010 a

101 1068 105 1079 ·
140 1042 265 1103 XXIV.
296 1041 379 1100 Post
399 1060 517 1100 annum
540 1041 655 1100 Caesar
675 1041 810 1103 Romam
832 1062 1007 1124 regressus,
1029 1052 1204 1128 quartoue
1222 1046 1314 1108 Cou-

79 1125 203 1187 ‹sulem
225 1124 324 1195 fecit,
359 1131 391 1184 et
412 1123 520 1183 statim
542 1122 583 1182 ad
605 1123 775 1205 Hispanias
798 1133 845 1186 est
864 1126 1051 1205 profectus,
1081 1127 1138 1188 ubi
1160 1129 1314 1211 Pompeii

78 1205 162 1270 -filii
174 1254 182 1282 ,
207 1208 330 1268 Cnaeus
353 1215 385 1267 et
404 1206 531 1280 Sextus,
553 1206 665 1289 ingens
686 1206 808 1270 bellum
827 1218 1068 1289 reparaverant.
1100 1210 1203 1273 Multa
1216 1232 1316 1294 proe-

85 1288 145 1353 ita
174 1293 329 1363 fuerunt,
366 1288 517 1350 ultimum
544 1287 630 1371 apud
661 1290 815 1352 Mundam
847 1291 1029 1367 civitatem,
1069 1293 1103 1355 in
1132 1316 1199 1378 quo
1230 1294 1313 1357 adeo

80 1374 221 1436 'Caesar
235 1392 337 1456 paene
351 1373 454 1433 victus
476 1381 543 1444 est,
571 1380 619 1445 ut,
634 1372 834 1456 fugientibus
848 1375 926 1445 suis,
940 1395 975 1437 se
988 1375 1132 1437 voluerit
1148 1376 1312 1452 occidere,

88 1474 144 1519 :te
164 1465 241 1538 post
261 1462 381 1516 tantam
402 1454 451 1518 rei
468 1453 620 1516 militaris
635 1456 772 1539 gloriam
788 1456 822 1517 in
835 1466 1031 1538 potestatem
1046 1458 1313 1534 adolescentium,

86 1548 196 1601 matus
226 1559 327 1599 annos
355 1559 411 1599 sex
433 1547 476 1607 ,et
505 1538 761 1623 quinquaginta,
793 1540 931 1602 veniret.
973 1543 1124 1624 Denique
1155 1538 1315 1623 reparatis

85 1624 171 1685 'suis
191 1621 291 1682 vicit:
318 1629 351 1682 et
370 1619 522 1702 Pompeii
544 1620 630 1681 filius
650 1624 758 1683 maior
777 1622 902 1683 occisus
925 1630 990 1695 est,
1013 1623 1123 1685 minor
1144 1626 1239 1706 fugit.

72 1700 96 1713 ““
141 1704 248 1765 XXV.
280 1703 361 1765 lude
383 1705 517 1776 Caesar,
539 1703 634 1765 bellis
656 1704 808 1765 civilibus
829 1713 902 1765 toto
927 1705 1009 1765 orbe
1030 1707 1233 1788 compositis,
1252 1707 1317 1770 Ro·

86 1806 185 1849 mam
207 1785 323 1858 rediit,
353 1807 449 1871 agere
481 1784 672 1847 insolentius
694 1787 827 1869 coepit,
857 1795 1026 1848 utcontra
1049 1790 1318 1854 consuetudinem

79 1868 265 1932 ‘llomauae
294 1869 470 1931 libertatis.
515 1870 623 1945 Quum
655 1891 733 1951 orgo
767 1879 799 1931 et
829 1868 973 1930 honores
1001 1890 1040 1931 ex
1071 1893 1126 1944 sua
1147 1872 1317 1936 voluntate

93 1960 302 2037 praestaret,
333 1953 390 2036 qui
413 1976 429 2013 a
452 1953 577 2035 populo
601 1961 693 2013 antea
720 1950 960 2025 deferebantur,
983 1973 1044 2013 nec
1066 1955 1200 2018 Senatui
1221 1956 1261 2016 ad
1282 1978 1317 2021 se

92 2036 242 2099 venienti
275 2034 483 2115 adsurgeret,
517 2034 644 2118 aliaque
675 2033 765 2117 regia
796 2036 833 2095 a'c
853 2055 956 2115 paene
977 2038 1146 2117 tyrannica
1166 2042 1310 2115 faceret3

100 2118 311 2181 coniuratum
343 2128 390 2180 est
420 2118 453 2191 in
477 2141 548 2179 eum
571 2140 587 2177 a
610 2118 667 2177 Lx
693 2116 745 2177 vel
773 2115 911 2198 amplius
940 2116 1156 2183 Senatoribus
1185 2123 1317 2201 equiti-

96 2200 228 2287 busque
248 2202 412 2264 Romanis.
455 2201 630 2279 Praecipui
650 2202 784 2261 fuerunt
804 2201 891 2261 inter
913 2203 1102 2265 coniuratos
1124 2205 1189 2269 duo
1205 2207 1313 2280 Bruti,

97 2306 201 2348 exeo
232 2308 349 2369 genere
379 2285 496 2357 Bruti,
527 2284 582 2365 qui
615 2283 739 2366 primus
760 2282 883 2345 Romae
905 2284 1026 2345 Consul
1048 2287 1176 2363 fuerat,
1200 2296 1233 2349 et
1252 2310 1317 2349 re-

96 2386 158 2449 ·ges
181 2369 370 2450 expulerat3
392 2370 428 2429 C.
452 2368 575 2429 Cassius
598 2376 629 2429 et
650 2365 806 2427 Servilius
829 2366 937 2426 Casca.
966 2365 1054 2451 Ergo
1072 2371 1199 2444 Caesar,
1216 2393 1319 2450 quum

100 2454 237 2515 Senatus
269 2452 322 2523 die
353 2450 491 2535 quadam
522 2452 610 2513 iuter
640 2458 767 2512 ceteros
797 2449 937 2512 venisset
958 2448 1001 2513 ad
1024 2451 1170 2530 curiam.
1201 2454 1318 2538 xxm

99 2533 291 2600 vulneribus
312 2537 479 2597 confossus
501 2544 559 2597 est.

433 2728 616 2805 LIBER
657 2716 994 2806 SEPTIMUS.

101 2945 134 3009 l.
152 2856 296 3026 Anno
310 2942 413 3007 Urbis
437 2939 721 3026 septingentesimo
735 2942 807 3004 fere
825 2964 862 3005 ac
879 2965 983 3019 nono,
1005 2944 1178 3011 interfecto
1195 2952 1319 3017 canu

105 3050 156 3104 re,
179 3029 266 3093 bella
288 3026 396 3089 civilia
418 3033 566 3108 reparata
589 3032 673 3084 sunt.
717 3025 970 3088 Percussoribus
991 3028 1076 3089 enim
1101 3030 1320 3099 Caesarisse·

105 3125 201 3177 uatus
216 3110 356 3175 favebat.
386 3109 544 3171 Antonius
561 3106 691 3179 Consul,
712 3106 856 3188 partium
882 3110 1037 3185 Caesaris,
1060 3110 1211 3187 civilibus
1224 3117 1320 3183 bellis

109 3199 298 3281 opprimere
329 3214 383 3253 eos
405 3192 596 3254 conabatur.
638 3190 726 3267 Ergo
757 3192 886 3253 turbata
918 3192 1097 3275 Republica
1119 3196 1220 3261 multa
1242 3201 1321 3269 An,-

106 3282 219 3342 touius
240 3275 360 3339 scelera
382 3275 610 3347 committens,
633 3296 651 3334 a
672 3274 792 3333 Senatu
813 3274 917 3338 bostis
940 3276 1101 3345 iudicatus
1124 3289 1182 3341 est.
1225 3284 1319 3349 Missi

107 3361 150 3424 ed
172 3385 243 3425 eum
267 3358 526 3442 persequendum
548 3356 614 3417 duo
639 3358 726 3417 Coss.
750 3357 853 3418 Pansa
876 3367 908 3421 et
934 3359 1084 3436 Hirtius,
1108 3354 1320 3431 etOctavia'-

105 3466 168 3507 nus
190 3443 394 3516 adolescens,
428 3462 528 3502 annos
553 3440 585 3513 X
607 3448 637 3499 et
662 3438 745 3501 vm
766 3449 880 3515 natus,
911 3443 1054 3508 Caesaris
1078 3468 1196 3527 nepos,
1220 3474 1319 3535 quem

106 3526 166 3590 ille
187 3534 377 3591 testamento
398 3522 552 3585 heredem
577 3520 776 3607 reliquerat,
800 3534 831 3585 et
853 3547 973 3587 nomen
995 3544 1088 3590 suum
1109 3530 1198 3594 ferre
1219 3535 1320 3599 iusse-

105 3618 173 3674 rat.
215 3609 278 3671 Hic
301 3616 369 3682 est,
391 3608 448 3689 qui
469 3614 582 3689 postea
606 3603 769 3689 Augustus
795 3616 843 3669 est
866 3608 992 3683 dictus,
1025 3619 1058 3672 et
1085 3614 1202 3693 rerum¹
1217 3621 1319 3697 poti.

105 3703 174 3755 tus.
215 3696 324 3772 Quare
343 3691 486 3774 profecti
505 3698 620 3750 contra
640 3687 819 3749 Antonium
839 3698 906 3752 tres
928 3691 1037 3765 duces,
1060 3692 1211 3756 vicerunt
1231 3718 1316 3760 eum.

104 3772 225 3841 Evenit
244 3785 373 3847 tamen,
405 3781 443 3833 ut
462 3774 603 3834 victores
625 3772 713 3834 Coss.
737 3768 832 3830 ambo
856 3781 1076 3837 morerentur.
1121 3775 1231 3854 Quare
1251 3788 1319 3844 tres

106 3861 269 3925 exercitus
291 3856 347 3917 uui
371 3857 497 3917 Caesari
517 3854 662 3939 Augusto
686 3861 878 3937 paruerunt.

147 3944 195 4007 11.
222 3944 365 4025 Fugatus
386 3937 564 4011 Antonius,
587 3937 704 3999 amisso
728 3934 894 4008 exercitu,
916 3936 1066 4022 confugit
1085 3938 1126 4001 ad
1138 3938 1313 4021 Lepidum,

104 4027 166 4111 qui
198 4023 327 4089 Caesari
357 4022 512 4105 Magister
543 4020 688 4103 equitum
718 4018 845 4090 suerat,
878 4026 1003 4083 ettam
1033 4020 1144 4101 copias
1170 4022 1314 4091 militum

168 4108 246 4173 udes
277 4104 441 4178 habebat,
469 4126 488 4165 a
514 4123 580 4185 quo
612 4110 777 4182 susceptus
806 4108 864 4179 est,
914 4100 996 4165 Mox
1020 4102 1146 4187 Lepido
1179 4128 1315 4188 operam

103 4128 226 4267 dilate,
259 4193 376 4254 Caesar
404 4208 478 4249 cum
500 4184 644 4248 Antonio
666 4204 780 4269 pacem
803 4182 904 4259 fecit,
927 4192 960 4247 et
980 4186 1070 4267 quasi
1091 4186 1314 4251 vindicaturus

132 4274 215 4338 atris
243 4275 293 4336 sui
321 4278 481 4342 mortem,
511 4290 616 4351 aquo
646 4288 708 4350 per
734 4274 960 4330 testamentum
990 4268 1097 4331 fuerat
1120 4268 1313 4347 adoptatus,
1378 4343 1381 4348 ,

138 4378 248 4422 omam
276 4376 350 4418 cum
375 4352 523 4416 ‘exercitu
552 4352 721 4433 profectus
752 4357 820 4422 est,
850 4348 1073 4432 mersitque,
1094 4358 1133 4431 ut
1154 4348 1218 4412 sibi
1239 4350 1311 4415 XX.

106 4462 195 4507 nuno
227 4436 417 4501 Consulatus
447 4435 591 4498 daretur.
633 4432 786 4495 Senatum
818 4432 1036 4517 proscripsit,
1068 4454 1142 4503 cum
1166 4431 1312 4497 Antonio

107 4534 144 4589 et
162 4520 307 4607 Lepido,
329 4528 363 4583 et
381 4517 628 4603 Rumpublicam
648 4515 747 4579 armis
767 4521 879 4578 tenure
898 4537 958 4587 coe
982 4516 1021 4581 it.
1061 4512 1203 4583 Peritos
1217 4516 1319 4583 etiam

110 4606 229 4673 Cicero
251 4602 369 4669 oretur
389 4602 515 4668 occisus
535 4610 604 4677 est,
624 4598 785 4685 multique
805 4594 863 4661 alii
881 4538 1031 4667 nobiles·

863 4702 907 4751 ss
