2850 4958
394 289 463 419 1313
485 284 743 362 causamn
767 271 1001 361 sucossi
1158 360 1167 385 ‚
1212 255 1318 364 ais·
1343 227 1345 231 ·

135 452 226 519 XIV.
260 451 306 515 At
325 449 486 537 Virgilius
505 458 619 513 noster
637 450 700 512 hac
721 450 755 510 in
775 457 869 531 parte
882 446 1088 515 aliter'sentit
1101 449 1198 530 [Aen.
1216 453 1295 528 Vll,

96 538 155 604 rba
184 538 293 621 seq.];
324 533 359 597 id
389 543 458 607 est,
489 533 638 594 Latinum
666 555 733 594 nou
754 533 788 592 in
810 533 906 592 armis
928 532 1056 594 obviam
1078 537 1295 615 processisse,

93 623 151 686 s'ed
171 621 312 685 Aeneam
332 617 457 700 legatos
477 617 544 698 regi
569 617 711 677 misisse:
735 614 853 697 quibus
874 614 993 675 auditis
1014 635 1071 676 rex
1092 624 1241 705 pacatus,
1264 628 1297 681 et

92 704 228 768 monitis
255 702 402 762 Deorum
436 698 614 772 adductus,
646 698 811 759 Lauiniam
842 696 941 757 filiam
976 697 1115 761 adaena'e
1150 699 1296 764 Troiano

86 788 209 860 tradit.
252 781 473 860 Quamobrem
496 781 646 853 Turnus,
670 781 839 862 impatiens
862 780 1036 865 opprobrii
1058 792 1188 865 ereptae
1208 806 1297 845 con-

90 871 178 955 iugis
189 892 200 945 ,·
219 865 309 941 ltdlo
329 864 415 948 petit
433 862 575 924 Aeneam
586 909 595 938 ,
616 885 677 926 nec
702 870 831 926 vetante
854 883 915 925 nec
936 865 1294 944 permittente'Latino.

91 953 234 1026 Aeneas,
262 957 300 1010 ut
326 948 413 1010 vires
436 954 469 1007 et
499 967 587 1007 arma
615 947 649 1006 in
678 947 808 1008 hostem
833 950 966 1007 externo
986 947 1109 1008 robore
1131 948 1305 1026 firmaret,¹

93 1035 134 1095 ad
159 1032 367 1105 Evandrum,
399 1028 456 1113 qui
487 1038 554 1089 tum
576 1028 628 1089 his
650 1030 742 1104 oris,
772 1027 830 1089 ubi
850 1049 874 1090 n
919 1029 1079 1103 cRoma,
1102 1035 1299 1105 auctoritate

96 1115 257 1178 ditionem
277 1113 427 1186 tenebat,
449 1132 575 1172 sursum
597 1111 732 1176 adverso
754 1109 867 1183 flumin
900 1120 1066 1195 pergens,
1098 1116 1209 1176 auxilii
1233 1137 1296 1176 ex-

88 1197 251 1280 poscendi
302 1196 407 1269 ratia,
444 1215 553 1265 suem,
584 1193 618 1254 id
650 1204 715 1269 est,
747 1190 940 1276 scropham,
977 1196 1111 1279 triginta
1145 1209 1298 1262 natorum

89 1285 206 1353 foetu,
225 1287 262 1340 ut
314 1278 423 1339 olenus
442 1276 670 1360 praedixerat,
700 1280 858 1340 iacentem
878 1276 1040 1352 advertit,
1064 1281 1193 1361 quietae
1212 1283 1297 1344 sedis

92 1363 306 1425 certissimum
329 1379 446 1432 omeu3
472 1381 569 1444 quam
590 1360 730 1432 Iunoni,
753 1363 900 1420 Deorum
922 1361 1073 1444 reginae,
1096 1363 1295 1428 immolando

92 1446 253 1518 sacravit3
276 1453 313 1506 ut
335 1441 495 1527 Virgilius
520 1443 553 1503 in
576 1451 690 1504 octavo
714 1445 760 1525 [r.
782 1441 819 1505 81
844 1443 949 1524 seq.]:

174 1533 256 1588 Ecce
277 1538 386 1587 autem
405 1525 565 1597 subitum,
588 1537 684 1608 utque
704 1524 806 1585 oculis
828 1524 976 1584 mirabile
993 1537 1186 1603 monstrum,

173 1610 355 1671 Procubuit
375 1607 531 1690 uiridique
552 1612 586 1667 in
606 1608 718 1668 littore
738 1610 933 1684 conspicitur
951 1628 1024 1668 sus:

179 1698 284 1773 Quam
299 1695 374 1773 pius
392 1693 542 1762 Aeneas,
565 1689 630 1750 tibi
647 1696 730 1750 enim
740 1737 749 1764 ‚
772 1690 852 1762 tibi,
874 1696 1021 1751 maxema
1041 1696 1143 1767 Iuno,

171 1779 300 1837 Muctut
320 1794 417 1833 sacru
424 1772 566 1851 serens,
588 1783 621 1832 et
642 1796 715 1833 cum
731 1786 833 1853 grege
853 1776 938 1832 sistit
958 1774 1004 1830 ad
1021 1797 1126 1835 aratu.

87 1857 214 1921 Eodem
235 1855 376 1917 Aeneam
394 1853 565 1916 Lavinium
580 1855 738 1936 oppidum
752 1855 906 1915 struxisse
922 1855 1032 1929 aiunt3
1055 1860 1151 1921 simul
1167 1867 1199 1919 et
1218 1859 1297 1922 hinc

88 1941 249 2022 scrophae
269 1940 397 2021 signum
419 1936 572 1997 Troianis
594 1947 703 1998 ortum
726 1936 857 2021 quidam
879 1937 1065 2014 tratlidere3
1100 1963 1155 2003 seu
1178 1942 1221 2002 ob
1244 1944 1299 2004 in-

88 2022 167 2086 iecti
189 2020 390 2099 fundamenti
412 2019 521 2101 regiae
541 2016 626 2080 sedis
651 2019 863 2093 memoriam,
894 2041 949 2081 sau
971 2023 1047 2103 quia
1069 2026 1188 2108 quietis
1209 2028 1297 2104 genti

88 2106 232 2189 scropha
252 2105 379 2188 signum
401 2101 550 2175 diderat3
573 2122 629 2163 seu
652 2104 694 2164 ob
717 2113 883 2164 aeternum
905 2103 1030 2185 insigne
1051 2109 1191 2169 nominis
1207 2111 1298 2170 Tro-

87 2191 162 2260 iae,
198 2209 281 2271 quae
298 2185 388 2284 .h.¹²i⁰
417 2185 578 2248 vocabulo
603 2185 751 2248 animalis
780 2185 878 2270 vulgo
904 2186 1019 2250 ltaliae
1039 2191 1237 2268 includitur,
1259 2202 1297 2267 ut

91 2292 190 2350 supra
211 2290 354 2331 memini.
972 2323 975 2331 .

130 2352 203 2414 XV.
236 2353 409 2414 Praeterea
431 2356 463 2410 et
482 2348 630 2411 norhrulli
656 2349 803 2408 referunt
831 2348 1007 2426 historici,
1039 2354 1179 2416 Aeneam
1203 2368 1296 2420 more

85 2432 326 2519 navigantium,
359 2435 446 2494 inter
476 2439 584 2492 cetera
614 2429 764 2489 animalia
793 2429 833 2489 ad
855 2451 948 2492 usum
970 2435 1141 2506 vescendi,
1174 2447 1211 2498 ut
1234 2439 1293 2515 fit,

87 2539 146 2580 sue
164 2517 303 2579 mairam
324 2534 432 2574 secum
455 2511 620 2584 detulisse,
642 2530 680 2571 ac
702 2532 741 2572 ex
764 2511 898 2573 oraculo
920 2535 1109 2597 responsum
1131 2519 1293 2597 habuisse,

88 2621 191 2682 quum
212 2604 339 2657 teneret
359 2591 499 2664 Italiam,
522 2593 702 2654 dimitteret
724 2613 814 2654 eam:
837 2593 912 2655 inde
924 2641 932 2669 ,
955 2618 1021 2681 quo
1044 2610 1173 2681 reperta
1195 2605 1294 2679 foret,

88 2683 158 2745 sedi
180 2679 248 2741 eius
270 2675 428 2747 conderet
451 2675 587 2750 urbem3
610 2698 706 2760 quam
729 2676 761 2734 in
783 2677 974 2758 Campaniae
994 2682 1072 2755 oris,
1088 2685 1174 2765 apud
1188 2687 1296 2748 Aver-

86 2787 166 2826 num
188 2762 295 2823 lacum
319 2761 535 2840 Briaruanue
555 2759 654 2831 fines,
677 2757 838 2819 dimissam
859 2761 992 2838 volunt,
1014 2787 1090 2826 mox
1110 2788 1206 2849 supra
1222 2769 1295 2851 Ty-

86 2846 193 2909 bridis
214 2846 332 2927 ripam.
376 2843 486 2919 Quare
507 2841 625 2909 elatum
645 2841 805 2921 scrophae
825 2844 989 2907 vexillum.
1032 2850 1196 2927 Quocirca
1216 2853 1292 2915 He-

88 2930 181 2990 lenus
204 2927 243 2988 ad
264 2925 405 2987 Aeneam
427 2925 460 2984 in
482 2926 581 2985 tertio
606 2926 651 3003 [v.
674 2922 762 3002 Aba]
785 2925 940 3007 Virgilii:

172 3010 263 3071 Vade
283 3031 365 3090 age,
388 3019 420 3066 et
439 3011 598 3087 ingentem
607 3070 613 3085 ι
614 3005 730 3085 βατίς,
732 3007 792 3081 fer
811 3009 858 3068 ad
874 3008 1007 3071 aethera
1031 3016 1180 3087 Troium3

86 3094 122 3154 id
144 3102 211 3167 est,
234 3092 359 3176 insigne
381 3088 571 3160 Troianum,
617 3089 663 3149 Ac
685 3108 784 3171 quum
804 3080 867 3151 liae
888 3093 923 3153 iu
942 3102 1036 3176 parte
1057 3103 1089 3156 te
1117 3097 1289 3178 dubitare,

87 3175 290 3238 serenissime
318 3172 526 3254 Principum,
557 3173 673 3233 crebro
701 3173 939 3254 percepissem,
973 3184 1004 3235 et
1025 3178 1058 3237 ia
1080 3181 1290 3264 ambiguitate

86 3259 138 3322 rei
157 3259 255 3320 huius
276 3257 396 3319 multos
416 3255 548 3336 vagari,
571 3254 646 3316 tulit
667 3255 805 3316 calamos
824 3256 997 3337 prolixius,
1021 3268 1053 3320 et
1074 3284 1090 3320 a
1111 3267 1288 3347 proposito

87 3342 238 3424 lougius,
260 3363 356 3422 quam
373 3347 563 3421 exposceret
585 3336 734 3397 intentio.
779 3339 860 3417 Quis
887 3341 978 3401 enim·
993 3362 1062 3404 rem
1083 3352 1134 3406 tot
1154 3351 1288 3412 saeculis

86 3424 336 3486 remotissimam
357 3427 577 3493 scrutaturus,
601 3441 662 3500 per
682 3422 895 3490 vetustissima
915 3423 1100 3487 litterarum
1123 3428 1288 3494 volumina

85 3509 157 3567 sine
178 3506 387 3586 ambiguitate
409 3502 544 3565 evadere
568 3498 701 3584 potuit?
720 3500 784 3563 sed
799 3503 838 3565 ad
853 3508 1059 3588 propositum
1073 3510 1284 3577 redeundum.

129 3590 221 3650 XVI.
253 3586 304 3647 Ad
322 3585 507 3647 Evandrum
530 3585 689 3647 concessit
707 3584 850 3661 Aeneas3
874 3597 907 3649 et
926 3599 1038 3672 optato
1054 3596 1189 3673 potitus,
1207 3598 1288 3657 Pal-

85 3673 227 3746 lantem,
258 3668 399 3730 Evandri
426 3668 550 3741 lilium,
578 3677 610 3728 et
631 3670 768 3749 ingentis
792 3669 923 3730 roboris
947 3684 1144 3735 armatorum
1167 3679 1287 3740 auxilia

88 3775 196 3816 secum
224 3752 326 3815 duxit.
370 3752 519 3820 Turnus,
552 3758 629 3830 post
658 3751 784 3830 aliquot
814 3752 940 3833 proelia
972 3754 1144 3817 clarissima
1182 3761 1285 3822 victus

85 3837 217 3897 tandem
238 3856 275 3897 ac
294 3842 476 3916 peremtus,
499 3831 644 3893 Troiano
667 3834 773 3893 cessit.
817 3836 937 3896 Victor
958 3835 1078 3899 Aeneas
1099 3850 1175 3919 post
1193 3844 1288 3904 Lati-

85 3920 120 3981 ni
145 3920 272 3980 obitum
292 3919 325 3978 in
348 3938 448 4000 regno
470 3914 641 3986 successit3
664 3936 760 3995 quem
779 3926 957 3991 mortuum,
980 3929 1123 4004 etsuper
1143 3925 1286 3988 Numicii

85 4000 228 4065 fluminis
250 4002 355 4082 ripam
377 3998 566 4070 conditam,
586 3997 766 4081 Indigetem
785 3999 897 4063 lovem
918 3999 1047 4076 dixere,
1071 4005 1198 4092 expleto
1220 4032 1287 4070 an..

87 4104 131 4144 no
152 4084 252 4146 tertio
276 4081 380 4165 regni.

129 4165 237 4228 XVII.
270 4163 440 4246 Superfuit
461 4161 630 4235 Ascanius,
663 4163 730 4224 eius
754 4163 855 4237 filius,
885 4163 1005 4229 Troiae
1026 4189 1063 4230 ex
1087 4170 1203 4232 Creusa
1224 4193 1287 4232 na-

86 4255 151 4308 tus.
195 4251 226 4312 Is
247 4248 415 4310 Lavinium
437 4244 595 4328 oppidum
615 4265 774 4306 novercae
797 4247 963 4321 Lauiniae,
987 4260 1019 4311 et
1039 4252 1141 4313 Silvio
1163 4276 1201 4314 ex
1222 4254 1288 4314 La-

86 4331 173 4391 vinia
195 4332 289 4394 fratri
310 4331 516 4412 relinquens,
537 4328 625 4388 haud
647 4327 722 4387 inde
742 4329 839 4412 longe
860 4330 893 4390 in
915 4330 1040 4392 Albano
1065 4333 1150 4396 colle
1170 4338 1289 4397 condi-

86 4413 138 4473 dit
158 4412 283 4559 Albarpls.
325 4416 416 4476 Inter
436 4409 605 4472 Lavinium
627 4418 659 4470 et
672 4409 788 4471 Albam
803 4412 966 4474 conditam
980 4415 1114 4498 triginta
1129 4438 1289 4482 annorum

88 4497 232 4559 satiant
271 4506 355 4560 atur.

103 4518 257 4649 PXVlll.
288 4580 448 4647 Absumto
477 4573 638 4650 Ascanio,
669 4574 774 4639 frater
797 4575 865 4638 eius
884 4575 1025 4653 Silvius,
1049 4579 1106 4664 qui
1125 4580 1290 4658 et'lulus,
