2850 4958
53 330 57 338 .
185 297 258 357 222
353 268 421 342 na
444 265 572 343 mars
593 260 816 341 5555555
840 261 947 340 mr.
972 264 1031 339 55.
1047 263 1106 341 55
1133 263 1196 341 55.
1216 261 1280 364 54.

626 429 701 501 ΟΛ
720 428 748 490 Ρ
769 431 801 492 U
823 429 853 490 T
893 428 949 492 LI.

592 566 625 610 r.
649 566 785 622 onmrns
806 564 987 608 5555555555.

219 704 360 786 Quintus
391 699 588 772 Flaminius,
620 697 790 771 Flaminii,
824 697 880 781 qui
912 693 999 777 apud
1021 694 1253 760 Trasimenum
1273 697 1374 777 periit,

178 789 283 861 lilius,
304 787 428 850 ¹Consul
450 782 674 845 Macedoniam
694 781 854 854 sortitus,
876 778 1013 840 ducibus
1036 781 1211 862 Charopae
1233 782 1374 863 principis
1415 832 1419 857 ,

179 872 390 955 pastoribus,
413 867 617 954 provinciam
638 866 820 950 ingressus,
844 884 953 947 regem
974 861 1169 947 Philippum
1191 864 1323 945 proelio
1335 867 1374 927 fu·
1413 905 1419 964 f

139 978 161 1020 u
180 956 249 1030 dit,
281 955 395 1017 castris
427 951 527 1014 exuit.
575 948 695 1010 Filium
727 949 796 1010 eius
827 945 1032 1008 Demetrium
1061 944 1212 1017 obsidem
1249 948 1373 1030 accepit3

135 1040 298 1124 5qucm,
318 1037 458 1120 pecunia
480 1033 692 1106 mulctatum,
715 1034 749 1093 in
771 1052 906 1115 regnum
927 1030 1083 1093 restituit.
1121 1027 1374 1115 ANabidsqno·
1413 1047 1419 1106 t·

179 1145 242 1207 que
268 1117 524 1183 Lacedaemonio
546 1115 650 1178 filium
669 1114 817 1177 obsidem
842 1112 980 1195 accepit.
1016 1115 1155 1177 Liberos
1173 1113 1276 1174 etiam
1291 1114 1373 1175 Gras-
1410 1151 1419 1192 f

134 1125 234 1269 icus
270 1207 409 1266 Nemeae
443 1222 503 1281 per
537 1220 733 1280 praeconem
763 1197 1000 1280 pronuntiavit.
1051 1199 1193 1284 Legatus
1225 1196 1322 1260 etiam
1345 1194 1372 1258 551

176 1289 351 1363 Prusiam,
374 1295 412 1350 ut
432 1281 650 1349 Hannibalem
668 1289 856 1367 repeteret,
878 1278 1006 1343 missus.

614 1459 841 1525 CAPUT
881 1459 956 1522 LII.
1047 1504 1050 1509 ,

530 1586 569 1628 fl.
592 1585 777 1628 FULVIUS
809 1582 1034 1628 scalmos.

137 1742 142 1771 c
217 1710 348 1781 Usrcus
367 1712 502 1777 Fulvius
528 1710 684 1776 Nobilior
709 1710 836 1795 Consul¹
853 1712 1013 1775 Vettones
1034 1710 1273 1799 Oretancsquc
1290 1734 1370 1799 supa·

136 1796 276 1862 erasit:
310 1798 397 1861 uude
425 1818 522 1860 55555
551 1795 675 1858 Urbem·
704 1795 847 1858 introiit.
889 1795 1012 1859 Consul
1032 1796 1193 1872 Aetolos,
1227 1800 1284 1883 qui
1304 1798 1370 1863 hello

178 1881 392 1944 Macedonico
415 1882 654 1953 interfuerant,
676 1887 752 1961 post
771 1877 813 1940 ad
836 1878 1039 1942 Antiochum
1060 1879 1273 1957 defecerant,
1293 1903 1371 1965 pros·

176 1965 230 2026 liis
251 1965 477 2045 frequentibus
500 1963 625 2035 victos,
656 1962 743 2023 etin
765 1959 975 2023 Ambraciam
999 1963 1162 2046 oppidum
1182 1964 1369 2040 coactos,iu
1408 2022 1419 2034 ,

137 2076 142 2090 ·
178 2047 378 2107 deditionem
400 2046 548 2126 accepit3
570 2054 677 2106 tamen
699 2044 799 2125 signis
820 2044 1008 2129 tabulisque
1025 2047 1129 2128 ‚pictis
1150 2049 1323 2126 spoliavit:
1341 2046 1368 2109 15
1408 2037 1419 2058 ‘

134 2124 156 2188 5
177 2130 295 2210 quibus
316 2129 544 2207 triumphavit.
587 2128 695 2206 Quam
715 2127 899 2202 victoriam,
922 2150 983 2212 per
1003 2151 1037 2191 55
1052 2131 1273 2231 magnificam,
1286 2131 1370 2214 Quis*

136 2236 140 2241 ·
177 2221 248 2277 ctus
268 2213 411 2287 Ennius,
433 2212 556 2277 amicus
577 2211 669 2286 eius,
691 2208 811 2296 insigni
832 2208 930 2274 laude
952 2210 1143 2277 celebravit.

611 2336 970 2455 casurum.

533 2492 563 2536 n.
593 2492 745 2538 555555
780 2476 1040 2540 5555555555.

218 2625 332 2708 Scipio
354 2623 535 2700 Asiaticus,
566 2625 669 2688 frater
689 2624 860 2701 Africani,
884 2625 1015 2691 infirmo
1037 2645 1200 2710 corpore,
1232 2624 1373 2689 tamenin

135 2754 139 2767 .
179 2708 295 2769 Africa
325 2711 457 2771 virtutis
487 2708 619 2771 nominc
646 2708 789 2772 afratrc
819 2709 990 2784 laudatus,
1023 2710 1143 2773 Consul
1171 2710 1382 2781 Antiochum,-

179 2812 290 2873 rcgem
319 2793 450 2875 Syriae,
481 2795 602 2876 Legato
633 2793 758 2868 fratre,
791 2795 878 2875 apud
909 2792 1060 2875 sipylum
1089 2803 1260 2869 montem,
1293 2812 1374 2876 quon

180 2874 273 2935 arcus
296 2876 439 2937 hostium
461 2876 571 2958 pluvia
593 2874 738 2937 hebetati
759 2879 917 2951 fuissent,
945 2877 1047 2949 vicit,
1071 2886 1104 2939 et
1124 2879 1221 2961 regni
1245 2877 1375 2939 relictis

137 2977 159 3022 a
181 2967 273 3037 patre
283 2971 387 3051 parte
407 2962 567 3042 privavit:
589 2958 668 3019 hinc
690 2959 850 3023 Asiaticus
873 2960 990 3023 dictus.
1035 2960 1119 3021 Post
1139 2981 1218 3022 reus
1240 2959 1378 3043 pecunias

139 3086 141 3090 -
183 3044 400 3125 interceptae,
424 3066 464 3102 ne
485 3045 518 3104 in
541 3063 705 3104 carcerem
726 3044 923 3118 duceretur,
948 3042 1113 3106 Gracchus
1136 3053 1249 3126 pater,
1272 3044 1380 3105 Tribu-

137 3123 239 3187 5555
259 3125 387 3206 plebis,
420 3126 613 3189 intercessit.
654 3126 701 3187 M.
726 3129 804 3190 Cato
836 3129 959 3190 Censor
989 3147 1109 3209 equum
1141 3128 1173 3189 ei
1194 3125 1380 3213 ignominias

183 3230 294 3271 caussa
317 3206 452 3274 ademit.
1215 3247 1223 3255 -

612 3320 1108 3431 555555Ν.,-

582 3458 756 3504 ANTIOCRUS
769 3486 778 3516 ,
800 3461 861 3504 REX
883 3460 1005 3504 SYRIAE·

225 3582 426 3660 Antiochus,
456 3585 571 3667 Syriae
597 3607 677 3660 rex,
708 3586 809 3648 nimia
832 3586 932 3671 opum
952 3587 1070 3650 fiducia
1090 3586 1218 3650 bellum
1239 3584 1382 3650 Romanis

184 3667 319 3742 intulit,
341 3670 449 3753 specie
470 3669 704 3752 Lysimachiae
723 3670 944 3754 repetundae,
971 3694 1068 3754 quam
1089 3693 1106 3731 a
1128 3672 1311 3734 maioribus
1331 3668 1384 3731 snit

186 3752 220 3827 iu
244 3753 384 3816 Thracia
406 3753 570 3815 conditam
596 3752 733 3816 Romani
759 3754 989 3838 possidebant:
1022 3754 1198 3838 statimque
1227 3754 1388 3821 Graeciam

146 3853 165 3894 n
186 3834 370 3918 insulasque
392 3838 461 3898 cius
483 3839 666 3919 occupavit.
709 3837 747 3899 In
770 3840 902 3900 Euboea
916 3837 1044 3918 luxuria
1060 3831 1218 3921 elanguit.
1249 3839 1386 3900 Adventu

188 3916 286 3979 Acilii
310 3921 497 3983 Glabrionis
520 3922 663 3996 excitus,
694 3920 935 4003 Thermopylas
957 3923 1148 4003 occupavit:
1184 3923 1272 3985 unde
1290 3916 1388 3981 indu-

145 3997 265 4062 551515
287 4005 388 4065 Marci
413 4005 543 4065 Catonis
566 4005 707 4077 ciectus,
739 4005 772 4066 in
795 4007 905 4066 Asiam
925 4005 1061 4088 refugit.
1102 4005 1219 4067 Navali
1243 3999 1384 4089 proelio,

188 4083 241 4144 cui
271 4086 485 4147 Hannibalem
515 4091 738 4166 praefecerat,
768 4107 786 4149 a
816 4090 853 4149 L.
876 4087 1025 4149 Aemilio,
1042 4088 1170 4173 Regillo
1203 4094 1397 4173 superatum,

29 4166 33 4175 “
135 4214 137 4218 .
186 4166 290 4227 filium
313 4169 475 4250 Scipionis
499 4172 663 4245 Africani,
687 4193 784 4254 quem
807 4174 892 4232 iuter
914 4171 1128 4254 navigandum
1150 4181 1297 4255 ceperat,
1311 4166 1383 4247 patn'

187 4253 331 4312 remisit:
355 4253 410 4334 qui
434 4254 485 4327 ei,
510 4256 599 4336 quasi
622 4276 683 4334 pro
708 4253 870 4316 reddenda
893 4256 1009 4337 gratia,
1032 4255 1143 4327 suasit,
1166 4265 1204 4316 ut
1221 4255 1382 4317 amicitiam

78 4372 80 4377 ,
146 4334 363 4407 4115555555
391 4345 528 4418 peteret.
572 4335 775 4417 Antiochus,
808 4348 919 4419 spreto
944 4339 1105 4409 consilio,
1138 4339 1227 4419 apud
1249 4335 1381 4420 Sipyhm

146 4410 333 4480 5555515555
365 4441 438 4482 cum
468 4420 505 4478 L.
537 4418 691 4502 Scipione
724 4421 883 4482 conflixit.
937 4420 1052 4481 Victus
1082 4431 1113 4482 et
1140 4425 1230 4486 ultra
1253 4425 1379 4484 Taurum

189 4512 332 4563 montem
363 4503 544 4586 relegatus,
578 4525 594 4562 a
621 4504 806 4580 sodalibus,
838 4527 921 4590 quos
952 4506 1148 4569 temulentus
1179 4507 1216 4570 in
1244 4501 1375 4572 convivis
1416 4500 1419 4577 ᾗ

174 4584 389 4664 pulsa-verat,
415 4586 541 4650 occisus
562 4595 622 4650 nst.
869 4597 873 4603 “
1417 4584 1419 4594 ’
