2850 4958
389 285 392 295 '
495 251 888 382 'arcessamus
1195 295 1300 401 ¹:tr

87 477 190 533 taces
215 467 295 532 vicit
315 467 408 541 ‚actm
432 466 519 547 etin
542 466 743 531 deditionem
767 466 904 549 acceplt.
937 463 1123 527 Armeniam
1139 465 1302 527 mlnorem

90 553 279 624 Deiotaro,
312 548 458 611 Galatiae
479 550 567 634 regi,
598 551 752 626 donavit,
785 550 860 632 quia
885 549 993 610 socius
1014 546 1091 610 helli
1116 546 1303 609 Mithrida·

92 637 155 697 tici
181 637 308 697 fuerat:
341 632 451 694 Attalo
476 642 511 693 et
533 633 720 716 Pylaemeni
744 631 1000 715 Paphlagoniam
1024 628 1186 704 reddidit,
1220 630 1303 693 Ari·

90 719 261 782 starchum
286 717 418 780 Colchis
441 736 549 799 regem
576 718 743 800 imposuit.
785 720 864 791 Mos
885 718 1031 776 Ituraeos
1052 722 1084 775 et
1104 713 1227 775 Arabas
1247 714 1303 775 vi-

90 802 163 864 cit:
191 812 223 861 et
245 822 343 884 quum
368 800 507 862 venisset
526 800 561 861 in
583 800 722 881 Syriam,
747 800 939 870 Seleuciam,
955 798 1092 858 vicinam
1107 796 1304 860 Antiochiae

90 884 278 957 civitatem,
305 884 460 945 libertate
485 881 637 956 donavit,
671 885 761 968 quod
789 904 897 959 regem
927 881 1089 963 Tigranen
1113 902 1179 942 non
1209 901 1305 942 rece-

83 1014 89 1023 .
118 967 205 1029 isset.
249 967 525 1028 Antiochensibus
559 967 686 1028 obsides
718 967 880 1028 reddidit:
915 964 1115 1047 aliquantam
1148 984 1303 1039 agrorum

89 990 349 1133 Ilaphnensibus
372 1049 482 1122 dedit,
507 1070 574 1132 quo
599 1051 690 1113 lucus
714 1051 760 1112 ihi
787 1049 963 1129 spatiosior
988 1048 1100 1121 fieret,
1126 1047 1303 1109 delectatus

87 1136 293 1215 umoenitate
326 1133 415 1205 loci,
452 1140 484 1193 et
516 1155 673 1216 aquarum
708 1134 915 1196 abundantia.
967 1131 1047 1192 Inde
1079 1129 1119 1190 ad
1151 1130 1304 1194 Iudaeam

87 1224 336 1300 transgressus,
356 1215 620 1298 Hierosolyma,
654 1226 752 1300 caput
780 1216 901 1302 gentis,
931 1215 1031 1277 tertio
1061 1235 1169 1276 meuse
1192 1213 1302 1295 cepit,

93 1298 271 1361 duodecim
299 1299 443 1360 millibus
464 1299 660 1363 ludaeorum
685 1301 822 1376 occisis,
846 1299 962 1361 ceteris
982 1299 1014 1358 in
1033 1296 1128 1358 fidem
1150 1298 1306 1379 acceptis·

91 1382 157 1444 His
178 1385 286 1458 gestis,
303 1382 335 1442 in
352 1383 461 1442 Asiam
476 1404 510 1443 se
530 1385 666 1467 recepit,
683 1394 716 1445 et
735 1385 828 1446 finem
845 1382 1071 1464 antiquissimo
1090 1379 1178 1442 bello
1200 1379 1303 1442 dedit.

136 1466 213 1527 XV.
239 1469 285 1527 M.
303 1465 414 1527 Tullio
438 1466 595 1526 Cicerone
620 1477 752 1529 oratore
773 1477 805 1528 et
826 1469 860 1528 C.
878 1465 1021 1526 Antonio
1045 1465 1132 1524 Coss.
1155 1485 1239 1523 anno
1261 1463 1304 1525 ab

91 1548 190 1612 Urbe
210 1549 340 1610 condita
368 1549 602 1609 DCLXXXIX.
629 1551 666 1612 L.
690 1551 822 1632 Sergius
846 1548 1000 1621 Catilina,
1030 1544 1223 1607 nobilissimi
1245 1566 1306 1623 ge-

85 1633 185 1694 ·neris
204 1631 277 1705 vir,
308 1630 364 1691 sed
387 1631 506 1713 ingenii
528 1633 732 1713 pravissimi,
756 1632 797 1692 ad
821 1630 987 1693 delendam
1017 1629 1156 1711 patriam
1185 1630 1306 1690 coniu-

81 1716 183 1777 -ravit
213 1737 286 1775 cum
316 1713 659 1795 quibusdam,‘claris
690 1715 842 1799 quidem,
872 1714 926 1775 sed
948 1710 1122 1772 audacibus
1143 1711 1233 1771 viris.
1277 1710 1306 1773 Λ

94 1798 256 1879 Cicerone
286 1797 380 1858 Urbe
410 1796 560 1876 expulsus
589 1807 657 1858 est:
686 1798 768 1858 socii
791 1797 860 1858 eius
883 1794 1095 1877 deprehensi,
1118 1794 1152 1854 in
1174 1815 1305 1857 earcere

93 1881 288 1958 strangulati
310 1889 396 1941 sunt.
435 1881 485 1941 Ah
504 1877 660 1956 Antonio,
676 1879 780 1943 altero
797 1880 947 1952 Consule,
970 1876 1105 1938 Catilina
1121 1877 1190 1960 ipse
1202 1898 1309 1959 proe-⁸

95 1962 144 2026 lio
166 1966 269 2025 rictus
292 1973 339 2024 est
366 1972 398 2023 et
417 1963 619 2025 interfectus.

139 2047 230 2108 XVI.
262 2046 501 2128 Sexcentesimo
524 2046 733 2130 nonagesimo
756 2067 840 2107 anno
862 2044 902 2106 ab
924 2045 1016 2107 Urbe
1037 2043 1169 2107 condita
1188 2048 1231 2108 D.
1245 2045 1308 2105 Iu-

93 2131 153 2193 nio
175 2130 286 2191 Silano
312 2139 344 2189 et
363 2131 399 2189 L.
423 2131 558 2191 Murena
581 2132 670 2192 Cossi
704 2130 853 2192 Metellus
884 2128 924 2189 de
952 2130 1043 2190 Creta
1066 2128 1304 2212 triumphavit3

92 2212 273 2293 Pompeius
308 2213 347 2272 da
377 2211 465 2273 hello
496 2213 638 2288 piratico
672 2222 704 2274 et
733 2212 971 2275 Mithridatico.
1023 2211 1119 2273 Nulla
1150 2237 1306 2297 nmquam

96 2319 218 2379 pompa
242 2295 399 2378 triumphi
424 2297 538 2358 similis
570 2298 645 2359 fuit.
687 2298 784 2358 Ducti
808 2306 882 2356 sunt
903 2305 976 2356 ante
997 2297 1064 2357 eius
1088 2317 1221 2360 currum
1243 2298 1304 2362 filii

93 2380 320 2451 Mithridatis,
359 2379 444 2440 lilius
482 2381 655 2454 Tigranis,
692 2389 724 2442 et
747 2378 977 2450 Aristobulus,
1005 2400 1061 2441 rex
1089 2380 1304 2456 Iudaeorum,

93 2462 241 2548 praelata
278 2465 389 2537 ingens
419 2465 580 2544 pecunia,
616 2463 687 2538 auri
722 2473 820 2546 atque
852 2464 974 2545 argenti
1005 2464 1179 2526 inlinitum.
1230 2467 1305 2529 Hoc

96 2554 249 2624 tempore
269 2546 393 2608 nullum
414 2568 475 2621 per
496 2548 608 2607 orbem
629 2556 789 2608 terrarum
810 2568 906 2618 errave
924 2544 1045 2609 bellum
1072 2558 1153 2611 erat.

137 2630 249 2689 XVII.
276 2626 371 2688 Anno
395 2629 497 2690 Urbis
518 2628 668 2689 conditae
689 2631 865 2693 DCXCIII.
893 2630 927 2689 C.
953 2632 1054 2693 lulius
1084 2634 1219 2704 Caesar,
1246 2632 1305 2716 qui

94 2721 211 2797 postea
235 2711 428 2791 imperavit,
451 2733 524 2771 cum
544 2712 584 2771 L.
605 2712 722 2773 Bibulo
746 2712 865 2774 Consul
889 2722 936 2772 est
953 2716 1067 2777 factus.
1100 2720 1238 2780 Decreta
1256 2725 1307 2778 est

63 2798 68 2803 ’
95 2795 130 2856 ei
156 2793 260 2852 Gallia
286 2801 318 2852 et
345 2793 532 2874 Illyricum,
565 2817 637 2855 cnm
666 2794 850 2872 legionibus
874 2794 997 2857 decem.
1039 2801 1071 2859 Is
1095 2803 1203 2876 primo
1224 2802 1307 2862 vicit

94 2875 285 2948 Helvetios,
311 2877 367 2957 qui
388 2898 474 2936 nunc
495 2877 634 2958 Sequani
659 2877 874 2957 appellantur.
917 2879 1044 2949 Deinde
1065 2884 1223 2945 vincendo
1243 2906 1306 2957 per

95 2958 183 3024 bella
205 2959 404 3040 gravissima,
432 2981 532 3040 usque
549 2960 588 3020 ad
610 2960 774 3020 Oceanum
795 2961 1016 3022 Britannicum
1033 2966 1204 3043 processit.
1236 2970 1306 3028 Do-

97 3044 184 3107 muit
205 3051 312 3102 autem
335 3041 426 3103 annis
447 3065 561 3103 novem
582 3043 652 3102 fere
670 3064 797 3105 omnem
823 3043 972 3114 Galliam,
992 3069 1074 3127 quae.
1095 3047 1181 3107 inter
1194 3046 1304 3128 Alpes,

96 3126 218 3189 flumen
246 3124 462 3199 Rhodanum,
488 3126 634 3186 Rhenum
664 3136 695 3187 et
721 3127 886 3190 Oceanum
910 3137 973 3200 est,
1001 3138 1033 3190 et
1056 3131 1195 3193 circuitu
1214 3140 1307 3203 patet

98 3209 139 3271 ed
158 3208 209 3268 bis
230 3217 262 3269 et
282 3208 393 3270 tricies
415 3218 547 3271 centena
572 3208 674 3270 millia
694 3232 857 3287 passuum.
899 3213 1062 3276 Britannis
1084 3237 1160 3277 mox
1182 3215 1305 3281 bellum

97 3290 232 3364 intulit,
254 3292 372 3374 quibus
391 3302 465 3354 ante
489 3314 561 3353 enm
582 3312 623 3351 ne
644 3310 761 3354 nomen
787 3295 916 3375 quidem
941 3296 1161 3361 Romanorum
1181 3302 1304 3369 coeni·

97 3382 168 3437 tum
192 3385 282 3449 erat3
305 3383 336 3435 et
360 3397 416 3435 eos
436 3396 569 3459 quoqne
595 3375 720 3444 victos,
751 3377 918 3440 obsidibus
941 3385 1099 3462 acceptis,
1121 3370 1305 3465 stipendia-

96 3458 169 3523 'n‘os
192 3459 281 3520 fecit.
325 3459 448 3519 Galliae
472 3468 579 3520 autem
600 3460 717 3521 tributi
738 3463 870 3523 nomine
894 3485 1035 3527 annuum
1054 3469 1226 3553 imperavit
1249 3490 1304 3533 se-·

98 3542 249 3604 stertium
275 3542 558 3624 quadringenties:
584 3543 826 3627 Germanosque
846 3555 934 3608 trans
953 3546 1100 3613 Rhenum
1121 3550 1301 3635 adgressus,

98 3624 339 3686 immanissimis
359 3625 495 3704 proeliis
513 3626 603 3687 vicit.
646 3626 743 3687 Inter·
758 3637 810 3692 tot
833 3650 995 3692 successus
1014 3639 1066 3695 ter
1085 3636 1167 3698 male
1180 3656 1305 3711 pugna·

98 3707 167 3769 rit:
190 3708 275 3782 apud
301 3706 464 3768 Arvernos
490 3708 586 3771 semel
607 3729 778 3788 praesens,
807 3720 839 3771 et
861 3713 973 3772 absens
993 3713 1028 3774 iu
1049 3717 1217 3779 Germania
1238 3716 1305 3780 bis.

96 3790 183 3855 rtem
210 3790 321 3870 Legati
350 3790 417 3853 eius
442 3790 531 3866 duo,
557 3791 707 3855 Titurius
733 3799 766 3852 et
797 3790 1055 3874 Aurunculeius,
1079 3820 1141 3885 per
1169 3800 1302 3865 insidias

98 3873 185 3937 esest
208 3883 294 3936 sunt.
474 3898 477 3903 ·
638 3913 642 3923 ι

139 3956 268 4017 xvtn.
302 3955 394 4016 Circa
414 3955 524 4018 eadem
543 3965 705 4036 tempora,
721 3980 805 4021 anno
821 3957 922 4021 Urbis
942 3962 1092 4027 conditae
1106 3968 1300 4035 ncxcvlt.

98 4039 148 4102 M.
170 4041 314 4101 Licinius
344 4038 494 4114 Crassus,
523 4040 647 4112 collega
675 4042 732 4103 Cn.
757 4041 907 4122 Pompeii
934 4044 1042 4124 Magni
1067 4050 1099 4112 ῖῃ
1127 4054 1303 4118 consulatu

96 4122 256 4194 secundo,
279 4131 392 4185 contra
412 4123 553 4185 Parthos
575 4125 688 4185 missus
709 4135 769 4188 est.
810 4126 852 4186 Et
868 4146 967 4208 quum
984 4132 1068 4193 cirea
1086 4136 1199 4197 Carras
1219 4159 1304 4200 con.

63 4266 75 4299 f
95 4212 152 4267 tn
174 4206 281 4267 ornias
300 4215 333 4267 et
351 4206 493 4284 auspicia
516 4206 716 4280 dimicasset,
737 4230 755 4270 a
774 4208 919 4284 Surena,
949 4206 1071 4278 Orodis
1090 4220 1174 4293 repis
1198 4220 1302 4294 duce,

94 4287 223 4360 victus,
254 4288 293 4348 ad
323 4299 526 4371 postremam
556 4290 745 4352 interiectus
772 4303 821 4355 est
847 4315 920 4355 cnm
951 4289 1041 4370 filio,
1072 4299 1249 4363 clarissimo
1271 4298 1305 4367 et

71 4373 377 4453 'praestantissimo
418 4373 545 4434 iuvene.
598 4371 768 4456 Reliquiae
802 4374 961 4437 exercitus
994 4401 1057 4462 per
1095 4385 1129 4447 c.
1161 4384 1306 4451 Cassium

63 4450 70 4461 '
97 4454 315 4531 Quaestorem
333 4466 476 4518 servatae
495 4465 582 4530 sunt,
602 4455 660 4540 qai
680 4455 835 4534 singulari
856 4458 964 4520 auimo
984 4463 1127 4544 perditas
1144 4488 1196 4531 res
1215 4475 1306 4529 tants

97 4536 223 4599 virtute
247 4537 479 4609 restituit,'nt
500 4539 638 4616 Pam,
665 4540 796 4607 mdieus
821 4549 912 4608 mus
934 4540 1160 4635 Euphratem,
1184 4549 1331 4633 stabit&
