2850 4958
96 272 171 347 150
591 262 805 342 aurern

96 428 267 515 proiectus
291 435 361 504 uta
384 425 578 501 Fabricius,
600 427 696 490 victis
716 428 928 493 Samnitibus
942 434 975 493 et
996 429 1165 502 Lucanis,
1186 429 1308 490 trium·

98 513 223 660 ppavit.
268 512 379 657 (goes¹³
402 510 547 655 delmi
560 512 677 656 (isirin.
686 515 858 657 (Peptptua
871 559 880 589 ,
889 523 937 660 tpt
950 515 1126 577 Cornelius
1142 512 1309 657 Ipppttulpxs:

97 616 489 751 hrdHhsrhleiiircehliilit,
512 619 629 760 ipuunl¹
643 616 1247 763 Vergellhmciallgaiiilllilaslilhgtheylit'e
1267 677 1308 741 lh

98 763 154 826 die
174 783 264 824 caesa
285 761 430 831 hostium
444 762 554 823 XXIII
570 761 684 824 millis.
719 763 835 825 Curius
856 764 890 824 in
911 764 1088 827 Consulatu
1113 762 1306 846 triumpha-a

98 846 168 919 vir,
199 844 326 928 primus
344 846 480 907 Rumam
510 844 700 929 elephantos
723 855 867 929 quatuor
889 845 993 908 duxit.
1036 847 1196 929 Pyrrhus
1219 846 1307 907 etis!

99 951 121 993 a
142 929 285 1027 Tarento
304 950 394 1001 ‚mox
415 930 578 1004 recessit,
609 937 643 992 et
666 933 753 1014 apud
783 928 910 1015 Argos,
939 931 1099 994 Graeciae
1121 930 1307 1025 civitatem,

102 1032 230 1157 “iil
242 1019 403 1158 dham
423 1092 561 1170 arcano,
582 1102 618 1157 a
638 1094 674 1157 c.
695 1093 832 1158 naum
857 1094 979 1157 cinna
997 1095 1088 1157 coa.
1108 1040 1200 1157 mas
1216 1036 1307 1157 usal
1349 1154 1350 1161 a

101 1177 254 1242 conditae
275 1176 464 1239 CCCCLXI.
484 1176 581 1261 legati
604 1177 836 1254 Alexandrini,
858 1200 877 1239 a
895 1178 1086 1242 Ptolemaeo
1107 1178 1225 1253 missi,
1247 1178 1305 1239 an
1347 1193 1350 1244 1

101 1282 189 1324 mam
209 1280 346 1334 seuere,
373 1267 406 1322 et
423 1282 443 1323 a
462 1260 615 1324 Romanis
635 1260 833 1338 amicitiam,
865 1283 963 1346 quana
995 1261 1186 1347 petierunt,
1220 1260 1304 1343 ohtiy
1344 1268 1349 1327 i

100 1352 244 1489 mXVll
246 1389 255 1404 .
265 1425 390 1505 Quinto
414 1424 577 1509 Ogulnio,
607 1426 643 1489 C.
665 1424 770 1490 Fabio
791 1426 928 1490 Pictore
948 1428 1038 1489 Coss.
1059 1424 1215 1488 Picentes
1233 1424 1302 1491 bd-
1344 1373 1350 1412 l

102 1508 172 1573 lum
191 1528 410 1585 commovere,
433 1518 466 1571 et
485 1512 527 1573 ah
548 1510 792 1594 insequentibus
814 1512 902 1573 Coss.
920 1512 959 1572 P.
974 1508 1188 1591 Sempronio,
1206 1510 1302 1593 Appio
1342 1553 1349 1593 ι

104 1592 263 1667 Claudio,
293 1592 372 1653 victi
409 1601 500 1668 aunt3
534 1603 567 1655 et
596 1593 637 1656 de
665 1593 717 1655 his
744 1594 983 1677 triumphatum
1010 1602 1069 1654 est.
1114 1590 1302 1655 Conditses
1341 1637 1349 1677 y

103 1674 258 1739 Romanis
279 1675 438 1750 civitates,
459 1676 643 1738 Ariminum
658 1678 690 1740 in
707 1676 824 1752 Gallia,
840 1687 875 1740 et
888 1681 1104 1738 Beneventum
1119 1673 1155 1735 in
1169 1673 1300 1737 Samnio.
1341 1702 1350 1758 y

146 1759 256 1821 XVIl.
288 1761 334 1821 M.
356 1759 460 1824 Atilio
497 1759 644 1845 Regulo,
681 1761 718 1822 L.
743 1760 830 1822 lulio
860 1762 986 1823 Libone
1016 1759 1104 1820 Coss.
1127 1756 1301 1821 Sallentini

104 1840 230 1905 tellum
250 1841 409 1906 iudictum
431 1851 500 1916 est,
532 1843 686 1927 captique
706 1851 781 1905 sunt
802 1865 877 1905 cum
898 1844 1031 1906 civitate
1050 1840 1151 1905 simul
1173 1840 1300 1905 Brundi·

106 1925 192 1998 sini,
215 1932 247 1986 et
268 1924 308 1985 de
329 1924 381 1987 his
401 1925 639 2007 triumphatum
661 1933 720 1988 est.
760 1974 765 1981 .
1234 1938 1237 1945 ’
1340 1951 1350 2009 y

148 2006 275 2069 XVIII.
306 2006 400 2068 Anno
425 2007 915 2089 ccccnxxv11.,qnumiam
937 2006 1063 2069 clarum
1082 2004 1177 2069 urhis
1195 2006 1299 2069 llum
1340 2053 1350 2092 Γ

106 2111 227 2154 nomen
248 2097 350 2165 esset,
378 2111 466 2151 arma
488 2100 596 2152 tamen
617 2100 709 2165 extra
730 2090 858 2152 ltaliam
888 2100 976 2153 mota
997 2110 1064 2151 nou
1084 2091 1230 2153 fuerant.
1265 2088 1300 2151 ut

108 2174 213 2257 igitur
242 2182 515 2255 cognosceretur,
545 2194 628 2256 quae
657 2173 774 2255 copiae
805 2174 1026 2234 Romanorum
1049 2179 1179 2248 essent,
1206 2188 1298 2235 censu

108 2265 158 2319 est
194 2254 346 2318 habitus:
389 2256 518 2318 iuventa
562 2264 636 2319 sunt
680 2256 799 2318 cisium
851 2257 958 2340 capita
1012 2256 1157 2319 CCXCII
1213 2254 1298 2317 millis
1339 2302 1350 2342 ¹

110 2338 563 2423 CCCXXXIV;.qua1nquam
585 2362 603 2401 a
625 2340 759 2401 condita
779 2340 871 2402 Urbe
892 2360 1067 2422 numquam
1086 2338 1176 2402 helle
1196 2356 1300 2401 ceu*
1340 2386 1350 2424 ὃ

109 2432 194 2489 sent.
236 2421 279 2483 Et
298 2429 413 2485 contra
443 2423 542 2486 Afros
570 2421 694 2485 hellam
723 2431 909 2506 susceptum
939 2432 987 2484 est
1012 2423 1177 2506 primum,
1207 2418 1300 2505 Appi·

112 2505 267 2580 Claudio,
289 2507 332 2584 Q.
354 2505 471 2569 Fulvio
495 2509 583 2569 Coss.
626 2508 665 2567 In
686 2504 799 2567 Sicilia
825 2515 940 2568 contra
967 2527 1023 2569 eos
1049 2514 1232 2590 pugnatum
1250 2510 1317 2577 est,.

112 2600 146 2655 et
167 2590 292 2671 Appius
315 2587 467 2651 Claudius
487 2589 528 2651 de
545 2589 633 2651 Afris
650 2598 682 2650 et
695 2610 772 2690 repe
786 2588 917 2651 Siciliae
931 2590 1077 2651 Hierone
1092 2586 1301 2673 triumphavit

153 2674 243 2735 XIX.
277 2672 463 2756 Insequenti
493 2694 599 2746 anno,
632 2671 766 2735 Valerio
797 2674 910 2735 Marco
940 2681 972 2733 et
1001 2672 1147 2735 Otacili0
1171 2668 1302 2735 Cossis

111 2754 225 2819 Sicilia
246 2778 263 2815 a
284 2756 436 2818 Romanis
458 2777 509 2817 res
529 2777 661 2838 maguae
682 2765 789 2839 gestae
808 2764 894 2817 sunt.
939 2756 1228 2830 Tauromenitani,
1252 2754 1303 2815 Ga*
1343 2739 1350 2776 ¹

112 2841 275 2910 tinenses,
306 2848 339 2899 et
361 2846 530 2923 praeterea
561 2841 796 2923 quinquaginta
827 2840 974 2900 civitates
995 2838 1028 2899 in
1050 2837 1148 2898 fidem
1170 2845 1305 2920 acceptae
1345 2872 1350 2882 ‹

113 2929 200 2987 suut.
241 2922 356 2983 Tertio
379 2943 463 2983 anuo
487 2924 520 2983 iu
541 2922 654 2985 Sicilia
680 2932 794 2985 contra
820 2922 998 2984 Hieronem
1022 2919 1146 2981 bellum
1171 2931 1306 3003 paratum
1346 2909 1350 2940 a

114 3016 173 3069 est.
217 3005 249 3067 Is
273 3027 347 3067 cum
378 3004 468 3067 omni
494 3005 668 3068 nobilitate
688 3007 965 3088 Syracusanorum
989 3024 1104 3087 pacem
1125 3026 1144 3064 a
1166 3001 1307 3067 Romanis
1349 2996 1350 3013 ¹

114 3090 323 3173 impetravit,
355 3088 510 3171 deditque
539 3089 665 3174 argenti
699 3088 820 3149 talenta
848 3088 996 3150 ducenta.
1039 3085 1114 3147 Afri
1147 3087 1182 3149 iu
1209 3085 1309 3152 Sicilh

1 3177 3 3182 ’
115 3174 194 3238 riuti
218 3182 316 3246 sunt,
344 3170 437 3234 etde
457 3173 509 3234 his
529 3169 670 3234 secundo
695 3172 817 3233 Romae
837 3171 1073 3252 triumphatum
1097 3178 1158 3234 est.

120 3308 126 3319 .
156 3256 228 3319 XX.
257 3255 382 3332 Quinto
404 3276 489 3317 anno
510 3254 589 3317 belli
610 3254 747 3327 Punici,
770 3253 860 3336 quod
881 3263 995 3314 contra
1017 3251 1114 3314 Afros
1136 3251 1312 3337 gerebatur,

88 3362 95 3373 ’
141 3340 261 3401 rimum
281 3337 418 3397 Romani
449 3339 485 3399 C.
507 3336 621 3399 Duilio
644 3345 678 3398 et
698 3338 755 3401 Cn.
777 3335 930 3398 Cornelio
952 3336 1050 3397 Asina
1073 3337 1162 3398 Coss.
1186 3338 1224 3398 in
1243 3332 1313 3399 mari

115 3361 375 3488 dimicaverunt,
401 3421 525 3499 paratis
548 3417 683 3481 navibus
710 3420 883 3491 rostratis,
912 3439 990 3498 quas
1011 3418 1173 3480 Liburnae
1195 3424 1314 3482 vocant*-

119 3499 240 3564 Cousul
262 3499 431 3561 Cornelius
451 3500 567 3561 frande
588 3500 742 3582 deceptus
765 3511 823 3563 est,
855 3502 997 3576 Duilius,
1020 3503 1194 3564 commisso
1216 3522 1316 3584 pros·

116 3584 178 3657 lio,
203 3583 515 3665 Carthaginiensium
535 3582 649 3644 ducem
670 3582 761 3657 aicit,
780 3585 888 3646 XXXI
909 3607 1006 3647 naves
1026 3583 1125 3666 cepit,
1147 3586 1229 3646 XIV
1246 3604 1318 3657 meu

117 3668 181 3741 sit,
203 3668 269 3729 VII
290 3667 395 3729 millia·
411 3665 557 3728 hostium
577 3668 686 3748 cepit,
718 3668 769 3729 III
791 3667 925 3730 occidit·
966 3671 1080 3750 Neque
1100 3666 1167 3729 ulla
1186 3668 1317 3732 victuris

118 3752 273 3816 Romanis
293 3751 420 3836 gratior
439 3750 518 3824 fuit,
545 3750 635 3850 quod
656 3750 769 3813 invicti
791 3761 898 3828 terra,
925 3753 990 3813 iam
1012 3753 1110 3813 etiam
1132 3754 1220 3815 mari
1244 3753 1318 3851 plu·

119 3833 1321 4002 iiii„l⁰{itialaiitltlliin2¹:,iiiiifssissallti
1348 3978 1350 3997 ,

119 4000 273 4076 abduxit,
296 4000 498 4084 triumphum
521 4001 597 4085 egit.
1107 4058 1111 4067 .

163 4085 253 4149 XXI.
283 4085 320 4144 L.
342 4083 465 4151 Manlio
487 4085 655 4160 Vulsone,
686 4082 732 4146 M.
755 4082 857 4147 Atilio
885 4081 1008 4167 Regulo
1035 4084 1122 4143 Coss.
1145 4082 1272 4146 hellam
1292 4078 1323 4141 ia

121 4167 267 4230 Africam
290 4166 480 4229 translatum
503 4180 567 4231 est:
598 4177 713 4231 contra
741 4168 979 4240 Hamilcarem,
1013 4166 1323 4248 Carthaginiensium

120 4252 258 4325 ducem,
281 4250 314 4312 in
336 4251 418 4312 mari
439 4261 638 4334 pugnatum,
667 4252 837 4333 vIctusque
859 4260 916 4312 cat.
960 4251 1042 4311 Nam
1060 4250 1202 4331 perditis
1223 4242 1321 4311 LXIV
1348 4256 1350 4261 '

121 4333 279 4406 navibus,
301 4342 392 4395 retro
414 4357 448 4396 se
468 4334 604 4417 recepit.
646 4332 782 4395 Romani
805 4334 900 4395 XXII
922 4333 1108 4393 amiserunt.
1147 4332 1212 4393 Sed
1229 4348 1323 4417 quum

121 4417 156 4479 iu
191 4417 332 4479 Africam
362 4417 572 4492 transissent,
593 4418 731 4499 primam
756 4414 919 4498 clypeam,
943 4417 1073 4477 Africae
1096 4417 1276 4490 civitatem,
1295 4415 1325 4473 is

78 4520 79 4524 ’
124 4499 324 4563 deditionem
346 4511 551 4581 acceperunt.
595 4500 748 4563 Consules
772 4522 871 4581 usqam
893 4500 932 4560 ad
956 4498 1183 4575 Carthaginem
1199 4514 1325 4581 prores-

116 4590 235 4646 serunt
241 4628 252 4658 ,
276 4582 452 4669 multisque
472 4585 602 4650 vastatis
622 4581 752 4669 oppidis
775 4583 913 4646 Manlius
935 4584 1041 4644 victor
1060 4582 1198 4645 Romam
1217 4581 1325 4653 rediit,
