2850 4958
393 293 395 297 ’
491 282 637 386 niusa
663 271 908 389 oestrus.
1047 320 1051 331 ·
1229 333 1303 414 ¹79

87 472 100 553 f
132 470 223 540 xlx.
256 470 413 538 Servorus
430 481 537 537 autem
557 485 689 558 praeter
711 472 864 540 bellicam
886 474 1023 560 gloriam
1040 476 1138 540 stiam
1147 474 1304 540 civilibus

89 557 211 620 studiis
235 556 342 619 clarus
367 560 450 633 fuit,
474 568 505 619 et
526 558 646 621 litteris
668 560 783 623 doctus
797 559 807 634 ,’
826 559 1057 642 philosophiae
1078 559 1246 621 scientiam
1259 557 1302 619 ad

86 641 226 725 'plenum
248 640 395 723 adeptus.
439 643 654 703 Novissimum
677 643 797 703 bellurn
814 644 847 703 in
862 643 1028 705 Britannia
1042 642 1177 703 habuit:
1200 651 1302 721 utque

91 733 243 804 receptas
264 725 448 803 provincias
472 726 559 784 omni
582 728 756 803 securitate
777 728 931 800 muniret,
954 723 1073 787 vallum
1094 745 1154 806 per
1174 723 1300 784 XXXII

86 805 194 867 ¹millia
217 827 367 889 passuum
389 809 509 867 amari
533 807 572 867 ad
595 830 683 868 mare
707 808 850 869 deduxit.
894 809 1040 871 Decessit
1066 807 1206 870 Eboraci
1233 804 1300 866 ad·-

86 888 225 951 modum
257 910 374 962 senex,
408 890 537 971 imperii
569 913 652 951 auno
686 900 776 951 sexto
806 892 958 963 decimo,
986 911 1093 951 mense
1122 890 1240 961 tertio,
1266 896 1302 949 et

88 958 194 1033 Divus
216 971 395 1053 appellatus
418 982 475 1033 est:
521 973 601 1031 Nam
625 972 708 1034 filios
729 973 810 1034 duos
831 994 1030 1035 successores
1051 972 1198 1055 reliquit,
1220 973 1300 1033 Bas-

88 1053 213 1116 sianum
231 1064 263 1114 et
278 1055 409 1115 Getam:
426 1055 481 1115 sed
493 1055 642 1116 Bassiano
655 1056 811 1117 Antonini
826 1077 944 1118 nomen
960 1056 1105 1116 aSenatu
1116 1054 1221 1116 voluit
1235 1053 1300 1113 im-

87 1137 183 1221 poni.
205 1139 320 1220 Itaque
342 1137 448 1198 dictus
468 1129 569 1198 estM.
583 1139 734 1200 Aurelius
749 1142 925 1200 Antoninus
937 1140 1125 1210 Bassianus,
1146 1138 1300 1220 patrique

87 1221 254 1283 successit.
295 1220 378 1282 Nam
401 1220 492 1294 Geta,
516 1218 620 1282 hostis
641 1222 790 1305 publicus
810 1222 981 1294 iudicatus,
1001 1221 1171 1282 confestim
1185 1219 1299 1303 periit.

131 1302 204 1364 XX.
241 1321 412 1366 mancus
450 1304 552 1389 igitur
589 1325 803 1381 suasurus
846 1321 1091 1366 sxroxnsus
1128 1321 1301 1364 sassu-

87 1404 190 1458 xus,
222 1385 373 1467 idemque
406 1406 675 1461 caascanxa,
711 1410 841 1449 morum
870 1389 940 1449 fere
969 1396 1183 1466 paternorum
1211 1383 1303 1455 fuis,

87 1467 203 1551 paullo
226 1469 375 1549 asperior
397 1477 428 1528 et
449 1467 568 1529 minax.
613 1470 705 1552 Opus
726 1471 848 1537 Romae
870 1471 1035 1553 egregium
1062 1468 1141 1529 fecit
1164 1464 1297 1536 lavacri,

88 1546 176 1632 quae
205 1548 444 1612 Antoninianae
470 1551 648 1633 [thermae]
670 1552 897 1635 appellantur2
926 1550 1010 1612 nihil
1032 1560 1200 1632 praeterea
1223 1567 1302 1608 sne-

87 1632 264 1694 morabile.
308 1634 484 1714 Impatiens
514 1633 677 1708 ltbtdtnts,
712 1643 748 1696 ut
777 1636 834 1718 qui
865 1654 1038 1695 novercam
1070 1643 1159 1693 suam
1182 1628 1300 1692 Iuliam

87 1736 229 1776 uxorem
260 1714 400 1795 duxerit.
454 1718 634 1777 Defunctus
665 1726 712 1778 est
744 1718 777 1777 in
800 1716 980 1789 ¹Osdroene
1011 1714 1097 1797 apud
1125 1713 1297 1786 Edessam,

87 1798 229 1861 moliens
251 1797 418 1860 adversum
438 1798 579 1859 Parthos
603 1800 854 1881 expeditionem,
871 1819 953 1859 anno
971 1799 1099 1877 imperii
1117 1798 1175 1858 VI.
1192 1814 1300 1857 menso

88 1880 135 1942 11.
159 1881 212 1941 vix
235 1900 379 1964 egressus
400 1882 513 1942 aetatis
528 1881 648 1943 XLIII.
672 1904 800 1942 annum.
830 1883 957 1942 Funere
971 1880 1104 1960 publico
1121 1881 1222 1942 elatus
1237 1883 1296 1938 est.

133 1964 222 2023 XXI.
256 1985 433 2028 oa1u1us
466 1964 584 2026 deinde
617 1985 863 2039 necamus,
895 1963 950 2045 qui
979 1963 1165 2024 Praefectus
1193 1980 1300 2043 prae-

88 2047 181 2112 torio
217 2055 305 2119 erat,
345 2070 417 2108 cum
456 2047 525 2109 filio
564 2044 907 2125 nrlsnuusara'uo
945 2046 1023 2107 facti
1058 2047 1296 2126 Imperatores,

89 2127 176 2192 nihil
201 2131 410 2191 memorabile
433 2150 472 2190 ex
496 2126 654 2210 temporis
678 2130 838 2191 brevitate
865 2137 1041 2214 gesserunt.
1083 2129 1165 2188 Nam
1187 2128 1300 2209 impe-

89 2214 179 2275 rium
200 2231 313 2272 eorum
339 2213 436 2273 duum
468 2216 626 2277 mensium
651 2220 683 2274 et
708 2215 802 2275 unius
829 2213 903 2273 anni
927 2213 1001 2274 fuit.
1045 2209 1213 2287 Sedit-ione
1234 2211 1300 2271 mi.-

88 2293 181 2358 Iitari
206 2295 300 2354 ambo
322 2297 447 2377 pariter
469 2297 569 2356 occisi
591 2304 679 2357 sunt.
779 2286 782 2291 ’

135 2377 241 2436 XXII.
280 2379 412 2438 Crestus
443 2387 490 2437 est
523 2386 599 2459 post
626 2378 688 2438 hos
720 2399 756 2439 ar.
790 2398 1008 2440 susumus
1041 2393 1301 2437 srronrxus.
1402 2408 1406 2415 ·

90 2459 157 2520 Ilio
179 2457 333 2520 Antonini
359 2458 540 2521 Caracallus
562 2460 646 2521 filius
674 2461 873 2542 putabatur:
905 2460 1055 2521 sacerdos
1087 2468 1192 2520 autem
1216 2453 1301 2516 Ela-

89 2541 198 2627 gabali
223 2542 335 2622 templi
359 2553 439 2603 erat.
484 2544 514 2602 Is
536 2565 636 2623 quum
658 2545 792 2604 Romam
816 2542 936 2625 ingenti
961 2551 992 2601 et
1013 2539 1154 2601 militurn
1181 2547 1213 2600 et
1233 2540 1301 2599 Se-

89 2635 186 2686 natus
210 2625 450 2705 exspectatione
476 2626 635 2697 venisset,
666 2627 799 2707 probris
824 2647 857 2684 se
880 2624 1031 2684 omnibus
1055 2621 1298 2689 contaminavit.

90 2704 354 2787 Impu'dicissime
380 2716 411 2764 et
443 2706 671 2767 obscenissime
701 2709 803 2780 vixit,
833 2706 1032 2787 biennioque
1066 2716 1142 2787 post
1173 2716 1204 2768 et
1233 2704 1299 2766 vlt

90 2788 258 2850 mansibus
279 2788 420 2848 tumultu
443 2789 631 2850 interfectus
653 2798 700 2851 est
723 2788 876 2864 militari,
900 2797 1027 2871 etcum
1048 2810 1085 2865 eo
1108 2798 1213 2852 mater
1232 2788 1300 2851 So-

91 2872 206 2941 aemis,
228 2870 248 2928 S
274 2892 321 2932 ra.
540 2938 543 2943 ,
767 2872 770 2877 ’

136 2892 270 3014 XXIII.y
294 2953 454 3013 Successit
479 2950 557 3014 huic
585 2974 801 3019 anaxarus
834 2971 1107 3025 aaaxsxnaa3
1141 2953 1180 3012 ab
1204 2976 1301 3017 exep-

94 3038 163 3101 citu
187 3039 323 3109 Caesar,
347 3057 361 3093 a
386 3036 504 3096 Senatu
528 3035 691 3121 Augustus
721 3033 926 3106 nominatus,
958 3032 1082 3103 iuvenis
1105 3032 1300 3099 admodum:

97 3128 313 3200 susceptoque
341 3117 492 3180 adversus
520 3120 632 3182 Persas
653 3119 761 3190 bello,
792 3118 922 3193 Xerxen
954 3137 1067 3177 eorum
1089 3137 1199 3195 regem
1220 3117 1301 3200 glo-

98 3202 274 3265 riosissime
295 3201 385 3262 vicit.
428 3201 604 3263 Militarem
626 3201 828 3282 disciplinam
850 3199 1049 3267 severissime
1068 3200 1174 3273 rexit3
1197 3221 1302 3283 quas-

98 3285 170 3345 dam
202 3284 433 3345 tumultuantes
465 3285 608 3367 legiones
640 3286 780 3369 integra's
809 3276 1041 3343 exauctoravit.
1091 3281 1302 3353 Adsssoreus

97 3367 234 3439 habuit,
267 3365 317 3427 vel
348 3367 459 3429 scrinii
496 3370 704 3442 magistrum,
737 3366 935 3448 Ulpianum,
968 3366 1048 3426 iuris
1081 3303 1300 3448 conditorem.

63 3476 66 3481 ·
97 3449 220 3512 Itomae
242 3470 373 3531 quoque
402 3450 592 3515 favorabilis
623 3453 696 3513 fuit.
739 3449 844 3511 Periit
870 3450 902 3509 in
925 3446 1049 3521 Gallia,
1081 3440 1216 3513 militari
1239 3458 1305 3511 tu«

97 3532 214 3607 multu,
236 3533 335 3593 tertio
358 3531 484 3593 decimo
507 3532 637 3618 imperii
660 3554 757 3607 anno,
776 3541 810 3595 et
830 3532 883 3595 die
900 3530 995 3595 VIII.
1011 3530 1197 3609 inmatrem
1210 3554 1301 3598 suam

76 3616 310 3695 'Mammaeam
330 3615 530 3701 unice'pius.
741 3624 744 3629 '
782 3616 785 3625 '
1009 3621 1012 3626 '

478 3760 661 3865 amaa
696 3698 917 3842 nonus.
962 3694 965 3705 ⁸
1011 3746 1013 3751 ’

94 3945 125 4009 1.
149 3890 375 4016 Post'lsune
408 3962 659 4007 nsxrssrxns
694 3938 734 4004 ex
764 3958 907 4029 corpore
936 3936 1074 4001 militari
1103 3926 1227 4017 primus
1259 3936 1302 4002 ad

98 4030 276 4113 Imperium
300 4028 449 4102 accessit,
472 4027 540 4089 sola
569 4027 710 4088 militum
731 4018 915 4105 voluntate,
939 4043 1038 4105 quum
1059 4022 1146 4083 nulla
1168 4020 1303 4083 Senatus

98 4106 334 4177 intercessisset
354 4106 548 4185 auctoritas,
570 4131 676 4192 neque
697 4108 765 4193 ipse
786 4106 926 4175 Senator
947 4111 1039 4166 esset.
1081 4102 1112 4167 Is
1132 4105 1219 4177 bello
1243 4103 1310 4177 adq

96 4198 213 4259 versut
226 4188 415 4257 'Germanos
436 4191 578 4273 feliciter
605 4202 716 4277 gesto.
748 4212 847 4274 quum
869 4211 894 4263 a¹
907 4185 1066 4267 militibus
1087 4197 1168 4265 esspt
1189 4188 1313 4265 Impe-¹

98 4276 418 4379 rator'appcilatus,
442 4298 460 4336 a
480 4270 630 4357 Pupieno
654 4274 824 4357 Aquileiae
846 4270 970 4334 occisus
992 4278 1058 4344 est,
1085 4269 1307 4349 deserentibus

101 4384 178 4425 eum
201 4362 359 4424 militibus
377 4361 463 4432 suis,
487 4380 558 4433 oum
582 4357 650 4417 lilio
676 4357 782 4418 adhuc
798 4376 919 4439 puero,
942 4374 1015 4417 cum
1036 4373 1101 4435 quo
1125 4352 1308 4435 imperave-

99 4454 156 4512 rat
183 4436 323 4505 triennio
347 4453 379 4504 et
398 4444 512 4526 paucIs
533 4436 659 4502 diebus.
840 4436 844 4445 ¹
936 4438 942 4447 ⁴

109 4538 113 4545 '
144 4528 191 4591 II.
223 4524 341 4607 Postea
362 4537 429 4588 tres
451 4520 713 4615 simuIA'ugusti,
727 4522 880 4615 fuerunt,
903 4531 1137 4592 suasurus,
1159 4537 1308 4579 ascar-

100 4618 202 4687 sus,
229 4608 270 4676 'et'
300 4614 549 4676 sosarnus
563 4610 577 4671 ε’
601 4606 668 4671 duo
695 4604 886 4693 superiores
912 4600 1155 4668 bbsaurissimo
1183 4618 1311 4683 aeneas
1324 4637 1338 4666 ,
