2850 4958
421 268 516 349 ula.
541 271 572 346 1.
598 269 707 350 GAl’.
729 268 876 353 XXIV‘.
1206 276 1255 352 85

39 437 100 510 la,
124 455 189 518 qua
211 434 374 498 dissedisse
395 438 480 498 inser
498 430 718 522 sequundum·
737 434 893 500 humanos
913 430 996 502 dixit
1017 450 1131 509 artus.
1156 440 1261 522 qrrod',

43 523 195 581 omnibus
219 543 314 600 opere
323 520 562 602 fungentibus,
586 521 673 580 solus
693 534 802 584 venter
825 527 974 584 immunis
993 536 1127 606 ageret3
1153 523 1263 584 deinde

43 604 255 666 morz'bundos
275 627 298 664 a
316 608 513 664 seiunctione
536 603 654 665 redisse
674 607 894 686 ingratiam,
919 607 1044 691 quando
1073 611 1261 678 sensissent,
1367 612 1371 619 '

42 686 136 771 quod
155 692 223 749 eries
243 710 361 771 opera.
387 686 582 773 nederusen
599 692 789 771 sanguinem
812 689 891 750 cibis
902 722 913 766 ,-
937 696 1168 775 irrugurentur.

364 912 367 917 .
456 865 684 930 CAPUT
724 868 907 933 XXIV..-

86 1018 269 1082 Secundam
292 1021 325 1082 in
348 1019 441 1082 Urbe
454 1018 567 1080 media
594 998 839 1084 Decemviratus
859 1023 965 1086 libido
989 972 1149 1087 conflavit·
1194 1021 1260 1083 Al·
1285 1042 1299 1084 t

39 1101 131 1164 latas
160 1126 177 1163 a
206 1104 342 1165 Graecia
373 1104 459 1185 leges
493 1102 605 1167 decem
634 1104 803 1189 principes
829 1105 927 1182 lecti,
959 1109 1092 1170 iubente
1116 1104 1261 1189 populo,

42 1188 332 1267 conscripserant:
367 1186 582 1269 ordinataque
614 1196 684 1249 erat
707 1187 739 1248 in
772 1189 944 1253 duodecim
969 1192 1089 1254 tabulis
1111 1200 1180 1252 tota
1202 1190 1262 1249 iu-

41 1271 160 1346 stitia,
184 1291 294 1352 quum⁴
307 1279 412 1341 tamen
432 1270 573 1339 traditos
590 1273 696 1333 fasces
713 1272 807 1356 regio
830 1270 972 1356 quodiam
994 1278 1109 1337 furore
1131 1273 1261 1335 retine-

41 1354 138 1415 bant.
183 1355 267 1414 Ante
288 1363 414 1415 ceteros
437 1354 562 1434 Appius
585 1376 623 1416 eo
640 1354 831 1417 insolentiae
847 1357 948 1420 elatus
967 1368 1025 1434 est,
1041 1369 1078 1421 ut
1091 1360 1262 1441 ingenuam
1283 1374 1303 1416 2

42 1437 208 1515 virginem
239 1446 354 1516 stupro
388 1438 585 1510 destinaret,
618 1435 739 1500 oblitus
771 1449 804 1500 et
824 1443 1011 1517 Lucretiae,
1042 1448 1087 1521 [et
1109 1441 1260 1520 regum,]

44 1530 81 1583 et
106 1521 209 1591 iuris,
233 1520 322 1603 quo‘d
345 1521 413 1600 ipse
435 1530 675 1602 composuerat.
718 1523 834 1606 Itaque
861 1548 960 1607 quum
992 1518 1180 1608 oppressam
1204 1523 1259 1582 iu·
1283 1520 1304 1582 5

43 1604 139 1665 dicio
168 1603 266 1685 liliam
298 1603 384 1680 trabi
417 1605 449 1664 in
481 1605 671 1665 servitutem
700 1605 827 1667 videret
849 1610 1020 1692 Virginius
1042 1619 1152 1690 pater,
1178 1604 1263 1666 nihil

44 1695 237 1760 cunctatus,
261 1686 294 1747 in
315 1687 425 1748 medio
445 1689 521 1748 foro
537 1706 632 1747 manu
655 1688 919 1752 sua'interfecit:
946 1691 1149 1775 admotisque
1164 1688 1264 1773 siguis

43 1770 332 1849 commilitonum,
365 1779 468 1832 totam
503 1792 572 1830 eam
603 1769 860 1836 dominationem
895 1776 1056 1849 obsessam
1084 1771 1206 1849 armis,
1229 1771 1264 1834 in
1291 1838 1298 1870 Ι

42 1872 214 1917 carcerem
238 1861 272 1914 ct
292 1848 419 1917 catenas
443 1855 484 1915 ab
506 1852 668 1916 Aventino
695 1863 805 1917 monte
827 1858 980 1923 detraxit.
1001 1862 1027 1959 'u

463 1992 691 2121 carun
734 2034 839 2107 xxv,

42 2196 46 2203 ·
76 2176 238 2238 'Tertiam
257 2172 451 2239 seditionem
474 2178 631 2253 excitavit
648 2158 935 2251 matrimoniorum
957 2178 1118 2267 digniter,
1138 2180 1264 2263 utple-

40 2260 106 2323 bes
127 2282 202 2323 cum
219 2262 368 2345 patriciis
390 2262 622 2347 iungerentur:
648 2264 704 2347 qui
726 2264 885 2327 tumultus
907 2265 943 2329 in
964 2276 1076 2328 monte
1097 2262 1260 2340 Ianiculo,

43 2342 133 2408 duce
150 2344 321 2419 Canuleio,
347 2345 497 2409 Tribuno
518 2347 646 2431 plebis,
671 2349 803 2410 mersit.

348 2550 351 2554 ·
465 2525 690 2592 CAPUT
731 2530 855 2591 XXVI.

90 2684 249 2762 Quartam
270 2678 437 2753 bonorum
458 2678 603 2759 cupido,
628 2686 667 2740 ut
686 2680 798 2762 plebes
820 2702 951 2767 quoque
966 2682 1170 2767 magistratus
1185 2700 1263 2742 cre·
1286 2697 1303 2742 u

42 2775 198 2828 arentur.
241 2762 361 2827 Fabius
384 2764 559 2824 Ambustus
580 2761 718 2823 duarum
739 2773 853 2843 pater,
876 2766 1009 2826 alteram
1031 2765 1179 2847 Sulpicio
1201 2786 1264 2861 pa·
1286 2784 1307 2825 a

40 2848 142 2911 tricii
162 2843 325 2930 sanguinis
347 2846 502 2916 dederat,
524 2843 658 2906 alteram
678 2846 970 2928 plebeiostoloni.
1005 2848 1096 2926 Quae
1118 2849 1262 2931 quodam
1283 2845 1304 2907 3

42 2943 224 3012 tempore,
256 2928 347 3011 quud
375 2928 529 2990 lictoriae
551 2928 661 3009 virgae
691 2948 807 2989 sonum
833 2931 982 3013 ignotum
1002 2932 1175 3011 penatibus
1196 2932 1263 2990 suis

44 3020 242 3098 expaverat,
275 3033 432 3073 esurore
462 3010 539 3071 satis
562 3009 740 3071 insolenter
761 3012 878 3085 irrisa,
908 3012 1260 3072 iniuriam'non‘tulit.
1295 3038 1299 3049 ·

43 3100 166 3180 Itaque
187 3103 300 3155 nactus
321 3096 563 3163 Tribunatum,
586 3091 752 3155 honorum
775 3102 812 3154 et'
828 3096 1074 3178 magistratuum
1095 3092 1307 3169 consorti-4

42 3204 114 3255 um,
139 3179 285 3264 quamvis
308 3180 410 3241 invito
430 3176 577 3248 Senatui,
601 3177 751 3236 extorsit.
795 3176 920 3238 Verum
945 3178 979 3237 in
999 3178 1051 3238 his
1072 3177 1151 3259 ipsis
1174 3178 1263 3239 sedi·
1277 3174 1306 3237 Ι5

45 3264 217 3335 tionibus,
239 3263 425 3345 principem
445 3257 606 3344 populum
630 3260 883 3337 necimmerito
908 3261 1101 3340 suspexeris.
1143 3261 1264 3343 Siquis

46 3349 124 3411 dem
144 3368 230 3407 nunc
250 3346 449 3420 libertatem,
472 3365 558 3405 nuuc
580 3341 787 3423 pudicitiam,
803 3350 874 3405 tum
889 3345 1045 3406 natalium
1059 3344 1263 3428 dignitatem,

44 3440 119 3493 tum
132 3429 299 3491 bonorum
317 3430 436 3492 decora
457 3436 491 3489 et
509 3426 647 3508 insignia
664 3425 850 3487 vindicavit.
873 3430 1030 3512 interque
1043 3428 1262 3504 baec'omnia,
1281 3418 1306 3485 -6

43 3510 170 3587 nullius
192 3513 303 3574 acrior
323 3522 445 3585 custos,
467 3531 564 3595 quam
586 3508 750 3571 libertatis
770 3511 855 3584 fuit3
884 3512 1040 3596 nullaque
1062 3513 1095 3574 in
1115 3515 1262 3594 pretium

38 3598 119 3663 eius
139 3597 251 3679 potuit
270 3595 445 3679 largitione
467 3593 651 3675 corrumpi,
676 3614 777 3677 quum
800 3595 892 3654 utin
913 3617 1053 3678 magno,
1082 3605 1115 3654 et
1135 3599 1167 3657 in
1183 3597 1258 3656 dies

43 3678 175 3743 maiore
202 3678 351 3762 populo,
384 3678 517 3740 interim
547 3676 724 3759 perniciosi
747 3676 833 3738 cives
856 3679 1059 3739 exsisterent.
1103 3678 1300 3756 Maelium7

39 3762 246 3847 largitione,
275 3762 432 3844 Spurium
461 3760 604 3833 Cassium
624 3759 751 3842 agraria
773 3758 844 3843 lege
865 3781 918 3824 sus
944 3769 1033 3822 ectus
1058 3759 1167 3842 regiae
1192 3758 1294 3819 ‹to-³.

39 3845 260 3919 minationis,
291 3843 455 3927 praesenti
486 3853 594 3905 morte
623 3839 785 3903 multavit.
834 3841 882 3905 Ac
912 3785 953 3905 de
984 3841 1106 3923 Spurio
1130 3841 1263 3924 quidem

37 3929 247 4014 supplicium
274 3936 370 4010 pater
399 3926 501 4010 ipsius
522 3924 655 3987 sumsit:
694 3923 781 3983 bunc
808 3925 955 4001 Quinctii
983 3927 1165 3986 Dictator-is
1187 3926 1257 3986 im-

44 4014 165 4097 perio,
194 4013 226 4073 in
250 4010 359 4073 medio
381 4013 458 4072 foro
480 4010 636 4092 Magister
657 4006 815 4088 Equitum
835 4007 992 4072 Servilius
1013 4006 1116 4068 Ahala
1138 4012 1258 4071 confo—
1278 4006 1298 4072 8

45 4098 110 4161 dit.
154 4094 313 4157 Manlium
334 4115 412 4158 vero
437 4091 592 4175 Capitolii
623 4090 808 4160 vindicem,
831 4091 906 4170 quia
927 4092 1105 4174 plerosque
1125 4091 1260 4155 debito-

40 4203 123 4245 -rum
144 4179 354 4253 liberaverat,
377 4176 474 4238 altius
497 4197 531 4238 se
551 4185 585 4236 et
605 4172 768 4237 incivilius
790 4169 986 4246 efferentem,
1008 4176 1050 4235 ab
1072 4174 1139 4248 illa,
1162 4196 1260 4257 quam

43 4262 260 4335 defenderat,
283 4282 359 4323 arce
380 4259 510 4324 deiecit.
552 4258 641 4320 Talis
663 4257 751 4318 domi
776 4278 814 4316 ac
834 4255 1032 4328 furiat-talis
1053 4278 1133 4334 pace
1156 4255 1259 4318 bell'o·
1279 4279 1300 4347 9

44 4368 114 4433 que
142 4346 294 4430 populus¹
312 4344 477 4408 Romanus
506 4344 628 4405 fretum
651 4338 733 4401 illud
755 4337 1022 4414 Adolescentiae,
1053 4339 1087 4401 id
1111 4347 1176 4411 est,
1199 4361 1258 4401 se..

44 4429 190 4495 cundem
212 4429 343 4507 imperii
366 4435 502 4489 aetatem
527 4425 661 4499 habuit,
690 4421 722 4483 iu
743 4444 807 4505 qua
828 4431 933 4486 totam
954 4422 1046 4487 inter·
1065 4422 1160 4507 Alpes
1181 4422 1257 4485 fre·-

45 4525 185 4601 tumqus
205 4514 334 4577 Italiam
356 4509 456 4575 armis
476 4509 616 4595 subegit.
1158 4534 1161 4539 ·
1192 4508 1195 4513 '
