2850 4958
58 408 144 496 dicit
161 408 296 477 Victor.
338 407 391 472 Gi.
415 405 507 494 Epit.
531 408 561 474 1.
586 410 617 495 ς.
646 426 700 475 nr.
731 408 900 475 Gonaentit
921 408 1097 478 Suetonius
1120 409 1158 479 in
1179 410 1304 504 Augu-

58 503 110 560 sto
132 514 162 557 c.
187 493 316 585 71.ubi
338 493 446 574 ipsum
470 492 565 579 aleae
585 516 749 557 rumorem
767 516 832 559 non
851 494 1026 560 declabaom
1048 496 1177 562 scribit.
1278 526 1281 531 ’

97 577 187 640 Ibid.
210 599 282 660 cap.
309 576 461 638 XXXIX.
483 578 516 664 §.'
536 596 589 639 21.
618 580 793 647 carausius
808 612 848 629 -
870 584 1079 644 Britanniam
1097 578 1215 645 hausto
1236 583 1305 645 im-

51 664 150 744 perio
171 664 354 744 superabit.
399 659 509 721 Malim
535 660 646 745 legere
668 674 808 743 augusto
837 667 984 742 imperio.
1027 664 1211 728 Insolenter
1240 665 1303 729 di-

56 752 148 807 ctum
172 752 222 806 est
243 746 413 827 impertiam
435 739 579 804 haurire.
620 743 667 807 At
689 766 772 829 queo
793 747 1008 827 Imperatoris
1031 757 1129 820 sunt,
1159 760 1305 831 augusta

55 825 237 902 dicuntur,
258 834 296 890 nt
317 849 347 890 c.
371 826 561 889 XXXVIII.
586 829 616 913 §.
645 850 674 892 1.
697 840 838 911 augusto
856 825 981 903 habitu,
1003 838 1037 892 et
1057 851 1086 894 c.
1109 831 1195 893 XLI.
1219 835 1246 916 §.
1271 855 1301 897 1.

53 910 161 974 XLII.
186 930 238 973 ao.
261 923 436 994 augustum
455 913 636 983 impertiam.
680 911 870 974 carausium
893 914 1039 996 Augusti
1055 912 1188 977 titulum
1202 936 1304 977 usur·-

10 1008 17 1105 Ιι
55 993 298 1140 puisefilozent
311 992 558 1160 uummifflids.
573 994 698 1139 {asche
717 996 794 1096 ¹⁴⁰?
809 998 996 1139 ”¹¹2V2T·
1010 996 1040 1059 1.
1056 996 1095 1060 P.
1114 998 1211 1144 Ilia-xp.
1227 997 1304 1143 3t810

10 1108 12 1115 ·
115 1102 138 1140 n
215 1098 413 1140 1omeea.
504 1118 622 1139 ...
688 1098 824 1140 serua:
884 1102 1118 1145 cerariorum
1206 1105 1224 1142 s
1257 1104 1303 1143 a·

10 1206 14 1213 -
52 1170 109 1223 tor
128 1173 163 1222 et
182 1099 410 1224 abrahamis
430 1172 463 1223 et
477 1161 642 1244 frequens,
700 1165 728 1230 't.
760 1160 947 1238 Walchins,
968 1102 1208 1229 dhctissimuse
1232 1166 1302 1229 itor
1366 1180 1368 1184 '

53 1243 232 1329 Agricolae
257 1242 406 1319 Tacitei,
430 1243 472 1306 ad
494 1242 555 1306 lib.
580 1243 668 1307 laud.
693 1266 766 1327 cap.
791 1244 886 1307 XIV.
912 1267 948 1328 p,
975 1246 1050 1324 423.
1083 1247 1219 1311 adnotat
1246 1248 1303 1311 in-

10 1342 18 1377 t
55 1325 267 1391 commodum
286 1347 354 1390 esee
373 1327 569 1389 vocabulum
585 1327 793 1410 disceptator,
813 1336 847 1391 et
861 1350 1023 1410 reponere
1037 1330 1159 1394 mavult
1172 1331 1321 1414 ὤμω

10 1420 12 1425 ’
57 1423 169 1484 sator,
194 1408 285 1494 quod
309 1411 401 1472 uncis
421 1410 582 1475 inclusum
607 1410 756 1495 vulgatae
778 1410 915 1474 lectioni
937 1413 1098 1498 apposui,
1121 1432 1165 1478 ne
1190 1412 1302 1479 lecto·-

20 1498 30 1527 ⁶
57 1514 108 1557 res
125 1515 206 1554 nova
229 1491 356 1555 dehoc
379 1492 456 1555 loco
475 1495 665 1556 coniectura
684 1495 931 1575 deiraudentur·

99 1579 139 1639 In
162 1576 291 1638 SEXTI
317 1576 422 1638 RUFI
447 1597 519 1659 cap.
542 1577 683 1642 XXVII.
707 1577 819 1640 locum
840 1579 931 1641 varie
954 1572 1114 1641 tentatum
1138 1579 1185 1642 ito
1213 1576 1301 1643 ted-

10 1734 13 1741 .
56 1659 145 1734 didi,
179 1661 225 1723 uti
253 1680 326 1721 eum
353 1661 392 1720 G.
418 1660 597 1734 Miinnich,
626 1659 699 1722 Rufi
726 1660 835 1723 editor
869 1646 1151 1738 accuratissimhs,
1179 1681 1300 1724 emen-

10 1770 13 1805 :
56 1742 159 1806 davit.
202 1742 364 1826 Equidem
389 1741 471 1826 quid
495 1741 535 1804 de
561 1742 625 1807 hoc
652 1743 728 1806 loco
752 1743 982 1807 constituendo
1004 1743 1300 1828 sentiam„paucit
1418 1790 1420 1795 -

57 1848 231 1908 exponam.
257 1828 360 1888 Rufus
383 1833 507 1899 narrat,
529 1826 751 1889 Constantium
774 1827 881 1910 ipsum
898 1835 1103 1910 praesentem
1121 1827 1173 1889 bis
1192 1827 1300 1890 inter-

10 1902 17 1937 '''
56 1912 157 1975 fuisse
179 1910 265 1974 veris
291 1918 324 1972 et
352 1909 505 1994 gravibus
531 1909 660 1993 pugnis.
703 1909 774 1970 Iam
796 1931 881 1992 quae
908 1909 1031 1971 fuerint
1054 1929 1202 1992 pugnae,
1228 1911 1301 1993 ipse

59 1993 213 2069 declarat,
232 1993 409 2078 Singareua
428 2001 462 2054 et
481 1991 781 2056 constantiniensis.
815 1994 908 2072 Quae
927 2001 1124 2079 sequuntur:
1150 2004 1183 2054 et
1201 2015 1300 2077 quum

61 2076 179 2139 Amida
199 2089 298 2158 capta
318 2087 383 2148 est,
401 2097 506 2158 grase
520 2111 561 2127 -
578 2079 757 2157 accepit-
781 2095 855 2138 cum
870 2075 1135 2161 antecedentibus
1150 2097 1218 2138 uon
1235 2097 1300 2138 co-

59 2158 215 2234 haerent,
239 2160 296 2222 sed
313 2180 435 2221 novum
460 2157 585 2244 aliquid
610 2159 792 2220 continent.
833 2159 949 2241 ltaque
972 2159 1099 2219 maiore
1121 2159 1299 2240 interpun-

58 2240 291 2306 ctione'recte
320 2248 523 2324 separantur.
576 2239 809 2303 Praecedcntia
832 2262 912 2304 vero
943 2240 1158 2303 librariorum
1182 2240 1298 2324 negli-

15 2334 22 2345 “
57 2326 168 2410 gentis
191 2335 224 2388 et
251 2325 478 2388 additamentIs
502 2325 640 2387 maxime
668 2323 843 2406 depravata
866 2323 967 2386 vides.
1010 2324 1140 2402 Quibus
1162 2322 1297 2399 eiectis,

10 2434 12 2443 ·
56 2409 139 2472 haec
161 2431 239 2472 vera
263 2409 407 2472 auctoris
430 2409 531 2471 verba
553 2429 620 2471 esse
643 2405 834 2469 statuerim:
857 2410 1008 2468 nimirum
1028 2412 1242 2488 Ssbgaranae,
1264 2417 1299 2470 et

55 2499 175 2557 o‘terum
199 2495 470 2569 Gomtantiniensr'
482 2513 615 2577 quoque.
658 2496 700 2553 Et
719 2508 817 2575 quum
840 2489 961 2552 Amata
980 2501 1042 2552 eet.
1073 2489 1185 2553 Verba
1194 2509 1299 2572 prae-

10 2614 15 2659 ·.
56 2588 145 2640 sante
177 2578 364 2639 Constantio
393 2574 490 2656 plane
517 2574 682 2658 superflua
705 2581 802 2647 sunt,
830 2595 927 2657 quam
951 2573 1060 2635 statim
1082 2573 1299 2657 praecesserit

52 2681 207 2743 praeseus
226 2659 347 2734 adfuit.
388 2658 517 2720 Deinde
532 2664 749 2742 Singarenae,
769 2654 821 2717 vel
844 2666 882 2719 ut
901 2655 999 2740 vulgo
1022 2656 1156 2742 legitur,
1176 2660 1299 2738 Sisiga-

57 2764 138 2804 rena
162 2743 394 2824 repetitionem
424 2762 491 2803 esse
514 2742 638 2825 prioris
661 2739 824 2814 nominis,
849 2739 974 2803 incuria
999 2738 1216 2804 librariorum
1237 2742 1298 2802 ia-

10 2820 19 2861 '·
58 2834 167 2899 ctam,
202 2832 350 2906 apparet.
398 2821 510 2884 Editio
542 2823 783 2906 antiquissima,
817 2845 913 2905 quam
944 2823 1101 2885 Miinuich
1131 2823 1166 2886 in
1189 2827 1299 2904 praef·

58 2909 138 2971 edit.
163 2928 240 2969 suae
265 2903 438 2987 descripsit
463 2914 494 2966 et
517 2907 650 2967 nomine
674 2905 895 2986 GottiugensIs
917 2905 1096 2988 insignivit,
1121 2905 1167 2969 ita
1182 2906 1297 2968 locum

57 2990 212 3055 exhibet:
235 2993 415 3071 Singarena
428 2999 600 3070 praesenta
627 2990 865 3052 Constantienss'
885 3007 1009 3072 quoquo
1037 2999 1071 3052 et
1090 3010 1164 3053 aum
1187 2991 1298 3051 antina

58 3086 158 3158 capta
177 3084 236 3137 est.
284 3080 388 3135 Grave
411 3082 473 3133 cst.

99 3188 165 3249 Sed
189 3187 272 3250 haec
294 3185 470 3261 sufficiant,
495 3204 597 3271 quum
621 3204 674 3249 me
696 3181 783 3247 ultra
804 3180 997 3266 propositos
1019 3181 1099 3245 fines
1122 3181 1187 3247 iam
1204 3202 1296 3268 pro-

58 3310 203 3375 gressum
228 3309 295 3351 esse
318 3287 465 3375 sentiam.
510 3289 562 3350 Tu
583 3309 678 3363 vero,
698 3285 836 3350 candide
857 3276 989 3361 Lector,
1004 3285 1109 3350 sicubi
1126 3306 1180 3349 me
1193 3306 1297 3372 quum

12 3468 17 3475 ⁵
56 3392 289 3466 festinatione,
322 3399 392 3452 tum
414 3391 639 3453 imbecillitate
663 3390 803 3453 humana
824 3391 987 3453 errantem
1017 3386 1295 3473 deprehenderis,

58 3507 98 3560 ut
116 3495 365 3559 satisfacientem
386 3494 529 3556 muneris
548 3492 733 3555 scholastici
756 3491 870 3555 officiis
896 3500 928 3552 et
950 3491 1101 3574 plurimis
1128 3490 1201 3553 aliis
1227 3512 1297 3555 oc-

59 3597 290 3679 cupationibus
313 3595 488 3657 distentum
507 3615 637 3656 excuses
665 3603 697 3655 et
716 3593 867 3659 doctrina
889 3593 961 3654 Tua
981 3593 1139 3675 corrigas,
1164 3614 1296 3656 meam-

57 3721 126 3786 que
151 3721 302 3784 operam,
325 3721 422 3782 quam
446 3698 607 3761 iuventuti
631 3696 843 3758 historiarum
868 3677 1033 3759 studiosae
1058 3693 1295 3777 aliquantulum

56 3802 276 3893 profuturam
298 3823 415 3887 spero,
441 3821 490 3877 ea,
517 3824 580 3885 qua
599 3821 661 3884 par
682 3808 749 3874 est,
775 3796 974 3884 indulgentia
997 3797 1161 3881 excipias,
1182 3798 1231 3860 uti
1254 3818 1295 3862 ex

58 3908 169 3972 animo
193 3913 286 3987 opto,
312 3904 357 3966 ita
375 3901 614 3965 humanissimis
628 3900 737 3965 verbis
756 3899 805 3961 Te
822 3909 974 3985 rogatum
988 3922 1057 3964 esse
1069 3900 1172 3965 volui.
1199 3899 1296 3966 Scri·

60 4012 111 4099 psi
134 4009 286 4076 Vesnliae
302 4007 344 4073 ad
360 4005 511 4073 Rhenum
523 4003 728 4070 inferiorem·
758 4000 833 4065 Kal.
851 4001 968 4072 sextil.
988 4003 1291 4074 smcccxxvm.

487 4343 871 4378 m
