2850 4958
503 298 595 375 nm.
622 297 668 375 u.
700 252 807 379 car.
834 298 882 382 n.
1162 262 1165 267 ’
1242 286 1292 402 a7

79 470 182 522 susus
210 466 270 520 eat.
311 456 397 529 Tum
429 462 560 545 quidam
592 462 662 544 ipsa
685 460 842 525 velocitas
863 451 987 527 classis
1001 432 1211 548 comparatae
1232 484 1301 525 su·-

82 544 226 627 spicium
256 541 331 606 fuit.
375 546 466 606 lutra
498 546 583 607 enim
604 546 834 629 sexagesimum
861 544 966 622 diem,
987 568 1084 631 quam
1106 567 1197 608 caesa
1218 547 1300 609 silva

83 630 216 698 fuerat,
245 636 376 688 centum
400 628 564 713 sexaginta
598 631 729 690 narium
755 629 864 690 classis
896 629 929 690 in
961 632 1091 692 ancoris
1112 632 1233 704 'stetitt
1265 638 1302 693 ut

82 733 153 773 nou
175 719 246 771 arte
270 712 392 786 factae,
414 711 471 773 scd
491 710 632 794 quodam
656 716 790 775 munere
809 715 956 774 Deorum
979 735 1134 777 conversa
1155 714 1190 775 in
1203 734 1300 775 nares

84 805 185 877 atque
207 802 348 855 mutatae
373 795 508 856 arbores
531 795 730 860 viderentur.
774 795 899 859 Proelii
921 816 1000 857 vero
1024 800 1129 858 forma
1153 797 1299 877 mirati.
1320 798 1342 864 8

81 877 142 940 lis:
174 899 274 959 quum
305 878 375 940 illas
405 879 527 949 celeres
557 879 772 964 volucresque
797 879 942 942 hostium
964 900 1076 952 naves,
1104 879 1166 941 hae
1187 901 1300 961 graves

81 961 264 1043 tardaeque
286 962 614 1044 comprehenderent.
655 966 764 1050 Longe
786 963 850 1024 illis
872 964 1019 1023 nauticae
1048 972 1150 1038 artes,
1181 965 1300 1025 deter-

85 1067 167 1130 gere
201 1065 332 1119 remos,
367 1055 399 1106 et
426 1046 587 1107 ludificari
615 1048 690 1132 fuga
718 1056 837 1109 rostra.
880 1047 1023 1106 Iniectae
1056 1047 1142 1109 enim
1173 1046 1301 1108 ferreae

86 1150 223 1201 manus,
253 1129 485 1212 machinaeque
516 1129 658 1205 validae,
687 1141 761 1193 ante
791 1138 955 1210 certamen
987 1129 1122 1195 inultum
1145 1131 1184 1192 ab
1206 1130 1302 1191 hoste

85 1211 235 1285 derisae·,
267 1213 439 1297 coactique
464 1214 577 1274 hostes
606 1214 698 1297 quasi
730 1214 764 1276 in
795 1211 902 1275 solido
937 1211 1125 1275 decernere.
1180 1214 1343 1301 victorq
1372 1207 1375 1215 ¹

86 1316 169 1379 ergo
191 1293 278 1377 apud
302 1297 455 1377 Liparas,
478 1318 582 1358 messa
604 1306 637 1359 et
656 1298 766 1382 iugata
787 1296 933 1357 hostium
954 1296 1071 1372 classe,
1093 1296 1236 1379 primum
1257 1294 1303 1356 il-

85 1377 156 1440 lum
188 1378 387 1440 maritimum
420 1381 487 1464 egit
518 1380 733 1465 triumphum.
787 1380 885 1441 Cuius
915 1379 1003 1463 quod
1031 1380 1185 1456 gaudium
1215 1376 1345 1448 fuitlro

87 1483 192 1545 quum
212 1461 355 1525 Duillius
376 1465 581 1546 Imperator,
610 1486 677 1526 non
698 1472 871 1526 contentus
897 1463 993 1525 unius
1021 1465 1086 1525 diei
1108 1461 1301 1543 triumpho,

84 1566 150 1624 per
180 1546 279 1605 vitam
312 1568 460 1622 omnem,
490 1546 547 1607 ubi
574 1568 592 1607 a
615 1568 716 1609 coena
737 1546 881 1619 rediret,
908 1545 1100 1628 praelucere
1123 1547 1245 1610 funalia
1271 1553 1304 1606 et

85 1628 280 1713 praecinere
303 1631 366 1691 sibi
395 1630 493 1691 tibias
518 1630 627 1703 iussit,
656 1632 746 1714 quasi
770 1630 920 1713 quotidie
943 1630 1175 1710 triumpharet.
1218 1629 1342 1696 Praeu

85 1719 178 1772 tanta
199 1713 339 1775 victoria
364 1713 436 1775 lere
463 1715 573 1792 [huius
594 1712 730 1794 proelii]
758 1711 910 1774 damnum
936 1713 1001 1773 fuit
1022 1713 1106 1775 alter
1126 1712 1304 1775 Consulum

86 1796 309 1874 interceptus,
331 1793 435 1857 Asina
453 1797 647 1877 Cornelius:
681 1797 755 1878 qui,
779 1795 930 1856 simulato
956 1795 1128 1880 colloquio
1151 1804 1304 1858 evocatus

85 1888 188 1961 stque
209 1881 253 1939 ita
280 1900 473 1961 oppressus,
495 1881 560 1943 fuit
579 1878 737 1962 perfidiae
756 1878 901 1940 Punicae
921 1876 1165 1941 documentum.
1208 1877 1346 1943 Cala-ts

84 1963 160 2023 tino
191 1963 381 2038 Dictatore,
415 1964 486 2026 iera
513 1964 621 2026 omnia
658 1961 823 2044 praesidia
856 1961 1067 2036 Poenorum,
1103 1962 1303 2046 Agrigento,

84 2045 269 2126 Drepanis,
290 2046 480 2122 Panormo,
502 2047 625 2130 Eryce,
646 2046 805 2128 Lilybaeo
829 2043 982 2108 detraxit.
1027 2042 1242 2129 Trepidatum
1257 2044 1348 2111 catab

85 2128 190 2189 semel
214 2129 301 2191 circa
324 2131 600 2192 Camerinensium
624 2129 762 2193 saltum:
785 2127 842 2190 sed
866 2130 981 2190 eximia
997 2129 1120 2191 virtute
1135 2129 1304 2211 Calpurnii

85 2211 274 2287 Flammae,
308 2213 449 2288 Tribuni
473 2215 637 2288 militum,
664 2212 842 2284 evasimus,
870 2212 949 2295 qui,
974 2211 1057 2274 lecta
1081 2222 1305 2275 trecentorum

86 2316 210 2368 mauu,
247 2296 398 2360 infestum
431 2305 464 2359 et
487 2298 641 2359 insessum
667 2298 708 2359 ab
740 2295 891 2355 hostibus
915 2294 1076 2356 tumulum
1109 2296 1304 2377 occupavit,

86 2377 239 2462 adeoque
267 2390 412 2443 moratus
437 2380 582 2457 hostem,
616 2381 691 2442 dum
721 2378 883 2440 exercitus
915 2380 1020 2439 onruis
1054 2378 1217 2443 evaderet.
1258 2377 1350 2455 Acuti

85 2462 138 2523 sic
158 2462 384 2544 pulcherrimo
408 2465 497 2526 exitu
523 2463 822 2547 Thermopylarum
847 2470 879 2523 et
898 2461 1062 2522 Leonidae
1075 2464 1192 2523 famam
1207 2460 1308 2522 adae-

88 2548 227 2627 quavit:
251 2546 317 2610 hoc
340 2546 503 2610 illustrior
527 2550 689 2628 [noster],
711 2544 801 2629 quod
826 2545 1027 2628 expeditioni
1051 2554 1160 2608 tantae
1181 2565 1304 2629 super-

86 2629 156 2691 fuit
183 2632 231 2709 [et
252 2632 451 2710 supervixit,
478 2632 557 2692 licet
577 2630 659 2692 nihil
682 2629 853 2712 scripserit
875 2628 1060 2712 sanguine]
1099 2628 1204 2690 Lucio
1226 2624 1348 2691 Cer-15

86 2711 181 2773 nelio
204 2713 376 2795 Scipione,
399 2737 498 2798 quum
522 2714 584 2774 iam
606 2713 718 2774 Sicilia
740 2712 924 2773 suburbana
940 2722 1024 2772 esset
1037 2712 1152 2794 populi
1167 2712 1305 2775 Romani

86 2795 291 2881 provincia3'
306 2807 457 2879 serpente
480 2797 579 2857 latius
598 2795 701 2870 bello,
724 2795 758 2855 in
779 2793 963 2855 Sardiniam
984 2796 1206 2879 sauciamque
1220 2797 1308 2857 Cor-

85 2880 194 2941 sicam
226 2879 354 2940 transit.
397 2879 517 2941 Olbiae
548 2878 613 2952 ibi,
649 2878 706 2939 bic
732 2876 862 2939 Aleriae
890 2877 982 2938 urbis
1016 2877 1144 2939 excidio
1179 2874 1349 2941 incolaasss

87 2961 234 3023 terruit:
259 2961 407 3043 adeoque
428 2960 517 3023 omni
538 2970 648 3031 terra,
672 2959 776 3032 mari,
801 2957 931 3019 Poenos
953 2960 1169 3040 expugnavit,
1190 2967 1228 3021 ut
1243 2958 1311 3020 iam

89 3044 253 3107 uictoriae
279 3045 364 3109 nihil
389 3045 453 3107 nisi
483 3044 590 3105 Attica
620 3043 688 3123 ipsa
710 3047 861 3103 restaret.
902 3041 1015 3102 Marco
1049 3039 1152 3102 Atilio
1181 3040 1350 3128 Regulosy

91 3126 177 3189 duce
208 3127 272 3188 iam
304 3129 337 3190 in
367 3128 512 3191 Africam
537 3126 710 3208 navigabat
730 3123 875 3186 ballum:
896 3143 958 3186 nec
979 3123 1133 3195 deerant,
1156 3124 1213 3206 qui
1235 3126 1308 3201 ipso

90 3209 209 3273 Punici
231 3211 329 3273 maris
349 3211 483 3275 nomine
503 3231 541 3271 ac
562 3217 694 3270 terrore
714 3207 903 3278 deficerent,
917 3214 1066 3291 augente
1086 3206 1221 3289 insuper
1235 3206 1312 3271 Tri·

89 3294 183 3355 buno
204 3295 326 3357 Nautio
349 3303 492 3357 metum:
517 3293 552 3354 in
573 3313 693 3376 quem,
714 3290 777 3352 nisi
798 3288 981 3372 paruisset,
1004 3289 1110 3351 securi
1135 3288 1308 3368 destricta,

90 3376 278 3461 Imperator
310 3387 398 3442 metu
428 3376 547 3440 mortis
575 3372 746 3457 navigandi
767 3373 848 3435 fecit
867 3371 1046 3435 audaciam.
1090 3374 1171 3435 Mox
1190 3370 1351 3442 deindesb

89 3458 198 3522 scutis
219 3461 384 3544 remisque
403 3468 618 3545 properatum
639 3465 707 3520 est:
731 3465 904 3540 tantusque
924 3464 1037 3519 terror
1057 3456 1178 3521 hostici
1193 3458 1308 3524 adven·

90 3552 147 3605 tus
175 3543 296 3605 Poenis
325 3545 412 3621 tuit,
444 3553 481 3607 ut
507 3543 630 3625 apertis
649 3561 762 3624 paene
792 3539 901 3624 portis
933 3540 1096 3625 Cartbagp
1121 3550 1307 3626 caperetur.
1373 3596 1376 3600 .

90 3625 207 3687 Prima
227 3626 306 3689 belli
327 3627 593 3713 praemium'fuit
615 3626 727 3709 ciuitas
749 3623 890 3707 Clypea:
911 3623 1020 3702 prima
1043 3622 1130 3684 anim
1147 3623 1350 3713 uPuuic019

89 3708 208 3773 littore
236 3712 330 3795 quasi
360 3734 419 3774 arx
449 3721 483 3775 at
511 3710 641 3794 specula
671 3709 854 3793 procurrit.
896 3705 940 3767 Et
968 3706 1066 3777 haec,
1099 3712 1133 3765 et
1157 3712 1304 3768 trecenta

91 3790 234 3875 amplius
263 3794 395 3859 castella
424 3802 544 3856 vastata
564 3801 661 3856 sunt.
714 3792 782 3851 Nec
803 3810 877 3850 cum
906 3788 1113 3864 hominihus,
1145 3787 1201 3851 sed
1229 3807 1345 3852 cuman

91 3877 250 3945 monstris
270 3900 404 3964 quoquc
424 3877 612 3940 dimicatum
632 3884 700 3949 est·,
722 3893 824 3957 quum
844 3872 936 3956 quasi
958 3871 991 3934 in
1013 3871 1189 3951 vindictam
1209 3870 1305 3934 diii·-¹

70 3952 153 4021 'cae
180 3969 276 4036 nata,
305 3963 408 4025 mirae
438 3959 668 4044 magnitudinis
700 3976 849 4039 serpens,
880 3955 987 4034 posita
1018 3954 1105 4039 apud
1125 3954 1303 4040 Bagmdans

93 4051 202 4106 castra
223 4054 366 4110 vexaret.
409 4044 473 4107 Sed
495 4044 639 4106 omnium
659 4043 768 4104 victor
789 4035 930 4123 Regulus
949 4059 1048 4120 quum
1063 4047 1224 4102 terrorem
1240 4057 1343 4102 no·ss

93 4126 194 4189 minis
214 4127 265 4190 sui
284 4129 349 4194 late
369 4127 641 4201 circumtulisset,
664 4144 831 4210 quumque
851 4141 998 4205 magnam
1019 4119 1085 4181 rim
1107 4122 1301 4196 iuventutis,

94 4208 261 4295 ducesque
281 4213 387 4295 ipsos,
409 4221 465 4275 aut
486 4211 667 4289 cecidisset,
689 4217 746 4271 aut
766 4202 957 4270 haberetis
976 4201 1131 4279 vinculis3
1153 4205 1305 4269 classem-

93 4314 161 4379 que
186 4295 307 4379 ingenti
329 4296 451 4383 praeda
482 4305 651 4366 onustam,
686 4303 719 4355 et
747 4287 917 4374 triumpho
948 4306 1097 4371 gratem,
1120 4287 1155 4351 in
1185 4287 1306 4375 Urbem

92 4379 337 4461 praemisisset-3
359 4382 424 4445 iam
444 4381 547 4465 ipsam
569 4386 667 4462 caput
687 4374 765 4439 belli
794 4370 1025 4457 Carthaginem
1049 4371 1186 4455 ur'gebst
1207 4369 1305 4433 obsi-

96 4460 170 4539 dio,
195 4462 339 4550 ipsisque
359 4465 466 4550 portis
487 4462 690 4527 inhaerebat.
723 4458 786 4521 ilic
798 4455 931 4544 paulum
948 4454 1144 4519 circumacta
1158 4454 1350 4520 Fortunam

96 4553 169 4627 esta
198 4554 347 4623 tantum,
375 4558 412 4613 ut
441 4549 536 4630 plura
568 4553 674 4609 essent
698 4543 862 4606 Romanae
882 4537 1013 4603 uirtutis
1035 4536 1189 4622 insignia,
1215 4536 1309 4603 cuius

94 4628 170 4697 {sss
192 4631 388 4721 magnitudo
418 4630 658 4697 calamitatibus
691 4626 907 4712 approbatus.
959 4622 1043 4688 itam
1075 4620 1237 4689 muressis
1270 4622 1374 4714 adst·
