2850 4958
176 252 253 349 abs
438 246 637 335 URXTUS
662 244 910 329 sumtus
932 248 1124 327 tidros

104 398 152 496 'ii
169 424 242 479 ret:
265 423 301 483 st
318 412 433 497 pmissa
451 420 542 477 uus
562 413 695 489 latrum,
717 435 801 498 quas
814 415 983 481 Traianus
996 414 1194 501 quaesierat,
1222 411 1278 477 lta
1290 415 1366 501 qussi

170 500 276 564 ventis
301 497 447 583 undique
476 498 714 573 saevientibus,
744 501 854 582 parvis
874 500 1032 573 maxima,
1056 499 1122 561 ima
1143 497 1281 560 summis
1303 498 1369 562 orba

125 578 242 646 btoto
271 582 501 680 miscebantur.
555 580 725 729 Simulqpe
759 582 896 647 Romam
929 581 1117 686 pestilentia
1151 582 1369 682 precabatur,

127 746 149 812 s
187 687 262 815 ..tt
280 665 1369 835 tittatti.tittt⁰3.t:.,ttt.t.tt¹3¹ttttt‘tttttit':

166 854 242 896 rum
263 832 416 895 amicitiis
438 830 605 907 haerebat,
628 833 794 917 expositos
807 833 984 897 saloninae
1003 833 1137 918 coniugi
1160 830 1369 932 atqucanori

166 916 330 1001 flagitioso
351 914 438 981 filiae
461 914 582 991 attali,
606 916 843 979 Germanorum
867 919 975 1003 regis,
1005 914 1108 998 Pipae
1129 935 1288 978 nomme:
1315 936 1369 1001 qua

122 1020 146 1087 ⁷
166 1020 257 1147 tt?
258 999 405 1149 {titt
417 995 713 1169 limittit
716 1001 982 1149 ttttttittt:
1007 998 1371 1167 taltt‘ttttt

165 1162 285 1243 (lebat,
308 1168 353 1231 im
378 1165 483 1231 arium
505 1186 561 1229 cre
585 1128 653 1228 talm
676 1168 779 1231 ierat:
808 1106 1273 1253 explossquePGermsnorom
1287 1162 1373 1229 mul-

122 1245 329 1325 Btitudins,
397 1246 493 1313 eliani
516 1190 605 1315 bello
628 1250 804 1337 excipitur.
847 1252 923 1332 Quo
945 1274 1012 1315 non
1032 1251 1140 1313 minos
1161 1248 1308 1312 feliciter
1324 1250 1375 1313 ia·

164 1351 227 1409 ru„
248 1355 386 1399 suoram
414 1329 556 1397 tumultu
585 1334 707 1434 periit3
738 1332 829 1419 quod
849 1334 1071 1421 flagitantibus
1090 1333 1374 1416 Mogontiacorun

55 1476 63 1490 ,
120 1436 145 1505 p
165 1412 391 1501 direptiones,
410 1413 488 1505 qaia
507 1414 695 1479 Laelionam
716 1417 887 1493 iuverant,
909 1417 1084 1482 abnuisset.
1127 1415 1241 1499 igitur
1260 1438 1300 1479 eo
1318 1438 1372 1479 oc·

163 1497 253 1575 ciro,
276 1500 399 1567 Marius
410 1545 421 1576 ,
447 1498 529 1561 ferri
552 1500 718 1585 quondam
740 1500 874 1585 opifex,
904 1522 1011 1587 neque
1031 1502 1129 1565 etiam
1149 1506 1226 1561 tum
1246 1499 1370 1563 militiae

124 1582 242 1647 roratis
262 1581 431 1661 clarum
472 1604 549 1645 uum
570 1583 671 1666 capit.
713 1582 862 1647 Proinde
882 1596 999 1649 cuncta
1021 1583 1062 1648 sd
1083 1590 1272 1647 extremum
1296 1584 1372 1647 reci·
1424 1668 1425 1671 Ἴ

165 1662 304 1743 (lerant,
333 1666 453 1741 attali
481 1688 516 1729 us
547 1666 683 1751 imperia
705 1688 744 1730 sc
764 1666 922 1730 virtutum
942 1668 1089 1731 omnium
1111 1664 1214 1729 decus
1233 1666 1372 1731 ludibrio
1414 1706 1424 1764 Ι·

124 1758 282 1813 rresscnt.
324 1750 414 1815 Hinc
443 1749 585 1834 denique
614 1748 808 1813 ioculariter
842 1750 988 1828 dictum,
1023 1772 1129 1835 nequa
1155 1771 1235 1813 uam
1263 1750 1374 1813 mirum

163 1832 288 1909 sideri,
317 1836 348 1901 si
378 1855 448 1899 rem
480 1835 658 1897 itomanam
689 1834 813 1896 Marius
846 1832 983 1898 reficere
1012 1771 1255 1907 contenderet,
1283 1855 1373 1919 qnam

163 1916 309 1993 blasius,
331 1918 477 1981 eiusdem
496 1916 577 1981 artis
598 1925 736 1991 auctm,
756 1916 937 2001 stirpisque
958 1938 996 1981 sc
1018 1916 1186 1989 nominis,
1209 1916 1373 1981 solideris-
1403 1921 1425 2016 ἴθ’

124 2005 224 2063 naret.
269 2000 344 2063 lioo
374 1998 521 2085 iugulato
552 2008 630 2085 post
659 1998 820 2073 biduom,
852 2001 1045 2064 Victorinus
1080 1999 1271 2085 deligitur,
1303 1998 1370 2063 bdli
1401 2044 1407 2095 p

161 2083 298 2145 scientia
320 2081 480 2146 Postumo
502 2102 584 2167 par,
614 2102 730 2145 rerum
748 2080 889 2149 libidine
910 2082 1107 2169 praecipiti:
1142 2105 1212 2168 qua
1236 2080 1371 2147 cobibita
1408 2061 1418 2098 r

160 2164 199 2229 iu
220 2163 383 2243 exordio,
409 2174 486 2251 port
516 2165 642 2228 biennii
664 2165 840 2249 imperium
853 2213 862 2242 ,
895 2167 1116 2250 constupratio
1136 2169 1172 2233 ai
1194 2165 1364 2253 plerisque,
1401 2141 1424 2181 ΒΧ

161 2244 220 2311 ubi
242 2246 395 2312 Attitiani
419 2248 593 2335 coniugem
615 2247 828 2334 concupivit,
849 2252 1042 2337 facinusque
1063 2250 1104 2314 ab
1126 2271 1166 2315 ea
1188 2252 1266 2314 riro
1287 2258 1367 2351 pate·
1400 2239 1425 2300 Γ

161 2330 286 2395 factum
308 2340 377 2407 est,
399 2334 543 2397 accensis
563 2331 679 2396 furtim
703 2331 886 2410 militibus,
916 2355 979 2420 per
997 2332 1198 2401 seditionem
1220 2332 1368 2418 Agrippi·
1415 2403 1420 2411 ,

122 2412 224 2479 sonas
256 2414 433 2480 occiditur.
477 2417 620 2478 Tantum
649 2416 897 2493 actuariorum,
927 2439 1072 2503 quorum
1099 2415 1180 2481 loco
1205 2414 1369 2481 Attitianur

161 2492 364 2575 habebatur,
396 2499 430 2562 in
460 2498 606 2566 exercitu
635 2500 796 2563 factiones
817 2502 948 2587 rigent,
977 2510 1014 2563 ut
1034 2498 1176 2564 arduum
1200 2500 1371 2586 petentibus
1414 2486 1418 2512 ¹

121 2620 124 2627 ·
161 2580 288 2645 malitia
309 2590 513 2667 patraretur:
536 2603 636 2665 genus
656 2581 828 2647 bominum
840 2630 850 2660 ,
872 2584 1067 2667 praesertim
1088 2582 1151 2646 bac
1174 2592 1370 2671 tempestate,

162 2685 303 2811 ppquapp
315 2665 459 2813 ,nqppalre
471 2713 482 2743 ,
503 2665 1070 2813 illilus?’,1⁸⁸dm⁰⁸um'·hi,b⁰⁰ii
1094 2666 1270 2814 onpidpm,
1282 2676 1371 2789 ,atquo
1417 2738 1424 2744 .

162 2771 271 2928 9οηῖίὲ
291 2771 620 2918 ἕοωίηαηξῗυοξὲυὲ
636 2771 964 2909 ulilldqddrdlrllbbsa,
994 2772 1195 2898 ptarqqqmpiq
1211 2775 1369 2897 llllalodrlr
1402 2871 1409 2886 ·

164 2914 340 2991 infestum
371 2914 515 3001 prodens
546 2917 580 2982 in
611 2924 762 3000 tempore
785 2915 838 2979 bis
858 2916 1041 3001 largiendi,
1063 2938 1209 3003 quorum
1232 2916 1371 2982 vecordis
1400 2894 1422 3016 ’ρ

125 2992 350 3083 tddamnoque
370 3020 449 3080 opes
470 2998 685 3064 contraxerit.
727 2999 866 3063 Interim
888 3000 1055 3076 Victoris,
1069 3002 1190 3065 smisso
1207 3002 1370 3067 Victorino
1422 3071 1425 3073 ,

164 3078 257 3157 filio,
277 3082 462 3168 legionibus
482 3080 598 3170 grandi
618 3082 759 3167 pecnnia
780 3084 1097 3169 comprobantibus,
1119 3084 1299 3149 Tetricum
1317 3086 1371 3149 lm·

163 3176 353 3246 pacatorem
373 3164 474 3251 facit,
503 3168 560 3253 qui
583 3165 706 3230 familia
727 3165 855 3242 nobili,
886 3168 1074 3250 praesidatu
1095 3167 1288 3253 Aquitanos
1308 3180 1370 3235 tue⁴

123 3245 284 3324 abbatum
306 3248 441 3331 filioque
462 3250 532 3315 eius
553 3250 689 3313 Tetrico
713 3249 869 3313 Caesarea
892 3250 1031 3336 insignia
1055 3252 1310 3334 impartiuntur.
1342 3251 1371 3313 tt

164 3334 287 3395 Romae
319 3330 486 3396 Gallienus
511 3343 626 3419 pacata
648 3334 781 3407 omnia,
816 3333 938 3418 ignaris
958 3333 1085 3419 publici
1107 3336 1209 3410 mali,
1236 3336 1370 3421 improbo
1406 3371 1411 3389 ·

164 3414 343 3490 suadebat,
376 3417 495 3480 crebro
530 3417 650 3491 etiam,
683 3415 731 3478 uti
761 3415 858 3478 rebus
885 3438 924 3479 ex
953 3417 1123 3481 voluntate
1153 3421 1258 3504 gestie
1285 3421 1370 3490 solet.

91 3516 95 3527 ’
167 3498 265 3562 ludos
286 3520 324 3561 ac
344 3500 426 3561 festa
456 3500 725 3582 triumphorum,
754 3520 820 3582 quo
843 3500 1008 3582 promtius
1031 3500 1183 3565 simulata
1210 3503 1371 3567 confirma·

122 3580 304 3656 adrentur,
330 3602 495 3647 exercens.
536 3583 603 3646 Sed
623 3590 797 3667 postquam
818 3582 1004 3665 periculum
1024 3586 1295 3669 propinquabat,
1318 3596 1371 3644 tan·

129 3667 243 3756 rpdem
275 3665 369 3729 Urbe
399 3664 577 3751 egreditur.
621 3666 769 3749 Namque
799 3665 984 3744 Aureolus,
1016 3664 1119 3752 quum
1149 3690 1213 3751 per
1236 3668 1370 3731 libastiu

168 3750 354 3834 legionibus
374 3760 560 3833 praeesset,
583 3749 730 3824 excitus,
757 3750 807 3812 uti
829 3771 901 3813 mos
922 3758 991 3825 est,
1012 3750 1166 3814 socordia
1189 3759 1259 3814 tum
1282 3746 1373 3835 ignari

130 3832 283 3908 18ducis,
313 3843 421 3897 sumto
453 3833 618 3915 imperio,
650 3832 788 3895 Romam
819 3834 1050 3897 contendebat.
1104 3833 1189 3896 Eum
1222 3836 1374 3898 Gallienus

121 3956 124 3964 ·
169 3915 257 3999 apud
277 3926 425 4000 pontem,
446 3917 500 3980 cui
521 3937 561 3979 cx
580 3937 621 3979 co
644 3915 781 3979 Aureoli
805 3938 924 3981 nomen
948 3926 1009 3991 est,
1031 3918 1139 3980 fusum
1161 3919 1235 3981 acie
1258 3916 1374 3983 Medio-

131 3995 280 4087 rqlsnum
300 4000 422 4087 coegit.
465 3999 574 4101 Qqsm
594 4000 708 4098 urbem
730 3997 1123 4097 dumma'cbinationibus
1138 4003 1248 4102 ompis
1264 3997 1375 4095 qeneriq
1419 4065 1422 4085 .

129 4080 1375 4254 ”tilitttiztttttt‘titii..ittttflittttttatlt..titii

171 4251 281 4326 mins,
305 4248 396 4336 qnasi
419 4249 578 4312 destinata
603 4248 643 4310 ab
669 4269 708 4311 eo
733 4250 774 4310 sd
798 4272 933 4325 necem,
962 4260 1033 4314 astu
1057 4253 1271 4336 composuit,
1293 4253 1374 4315 litte-

169 4354 329 4417 rasquee
356 4354 473 4408 muro,
500 4354 597 4416 qnam
622 4332 841 4396 occultissime
865 4336 998 4417 potuit,
1022 4336 1164 4410 abiecit3
1191 4359 1280 4418 quae
1303 4338 1375 4397 forta

172 4415 399 4479 amemoratis
422 4425 593 4499 repertae,
618 4425 740 4481 matum
763 4420 1048 4500 suspicionemque
1079 4419 1222 4481 iniecere
1247 4410 1376 4482 mandati

130 4499 284 4569 orexitii,
318 4522 431 4564 verum
456 4520 507 4560 eas
543 4499 700 4562 effluxisse
735 4500 860 4562 incuria
895 4501 1134 4565 ministrorum.
1180 4504 1255 4582 Qua
1282 4519 1378 4565 caussa

161 4584 357 4650 Heracliani
372 4579 546 4663 consilio,
571 4583 665 4649 cuius
681 4585 788 4672 gratia
812 4585 847 4647 in
870 4585 1016 4649 exercitu
1041 4596 1139 4674 atque
1160 4585 1375 4672 bonorpras·
