<?xml version="1.0" encoding="UTF-8"?>
<!DOCTYPE html PUBLIC "-//W3C//DTD XHTML 1.0 Transitional//EN"
    "http://www.w3.org/TR/xhtml1/DTD/xhtml1-transitional.dtd">
<html xmlns="http://www.w3.org/1999/xhtml" xml:lang="en" lang="en">
 <head>
  <title>
</title>
<meta http-equiv="Content-Type" content="text/html;charset=utf-8" />
  <meta name='ocr-system' content='tesseract 3.04.00' />
  <meta name='ocr-capabilities' content='ocr_page ocr_carea ocr_par ocr_line ocrx_word'/>
</head>
<body>
  <div class='ocr_page' id='page_1' title='image "./scriptoreshisto00fiedgoog_0157.png"; bbox 0 0 2850 4958; ppageno 0'>
   <div class='ocr_carea' id='block_1_1' title="bbox 159 286 983 369">
    <p class='ocr_par' dir='ltr' id='par_1_1' title="bbox 159 286 983 369">
     <span class='ocr_line' id='line_1_1' title="bbox 159 286 983 369; baseline -0.006 -2"><span class='ocrx_word' id='word_1_1' title='bbox 159 290 227 369; x_wconf 81' lang='lat'><strong>128</strong></span> <span class='ocrx_word' id='word_1_2' title='bbox 545 289 591 366; x_wconf 74' lang='lat' dir='ltr'><strong>t.</strong></span> <span class='ocrx_word' id='word_1_3' title='bbox 623 286 983 364; x_wconf 75' lang='lat' dir='ltr'><strong>arNsEttrmRI</strong></span> 
     </span>
    </p>
   </div>
   <div class='ocr_carea' id='block_1_2' title="bbox 104 452 1349 875">
    <p class='ocr_par' dir='ltr' id='par_1_2' title="bbox 104 452 1349 791">
     <span class='ocr_line' id='line_1_2' title="bbox 104 452 1345 541; baseline 0.001 -22"><span class='ocrx_word' id='word_1_4' title='bbox 104 455 263 540; x_wconf 53' lang='lat' dir='ltr'><strong>&amp;tissimi</strong></span> <span class='ocrx_word' id='word_1_5' title='bbox 293 452 385 517; x_wconf 86' lang='lat' dir='ltr'><strong>ducis</strong></span> <span class='ocrx_word' id='word_1_6' title='bbox 414 462 657 515; x_wconf 74' lang='lat' dir='ltr'><strong>consenesceret</strong></span> <span class='ocrx_word' id='word_1_7' title='bbox 687 452 853 536; x_wconf 84' lang='lat' dir='ltr'><strong>impetus.¹</strong></span> <span class='ocrx_word' id='word_1_8' title='bbox 881 454 950 517; x_wconf 87' lang='lat' dir='ltr'><strong>Neo</strong></span> <span class='ocrx_word' id='word_1_9' title='bbox 971 453 1094 517; x_wconf 84' lang='lat' dir='ltr'><strong>diutins</strong></span> <span class='ocrx_word' id='word_1_10' title='bbox 1114 456 1253 541; x_wconf 73' lang='lat' dir='ltr'><strong>profuit</strong></span> <span class='ocrx_word' id='word_1_11' title='bbox 1280 454 1345 525; x_wconf 81' lang='lat' dir='ltr'><strong>duci</strong></span> 
     </span>
     <span class='ocr_line' id='line_1_3' title="bbox 144 537 1348 625; baseline 0.001 -20"><span class='ocrx_word' id='word_1_12' title='bbox 144 540 285 605; x_wconf 88' lang='lat' dir='ltr'><strong>salutare</strong></span> <span class='ocrx_word' id='word_1_13' title='bbox 307 538 500 600; x_wconf 87' lang='lat' dir='ltr'><strong>eonsilium:</strong></span> <span class='ocrx_word' id='word_1_14' title='bbox 523 537 644 598; x_wconf 88' lang='lat' dir='ltr'><strong>milites</strong></span> <span class='ocrx_word' id='word_1_15' title='bbox 664 537 769 598; x_wconf 87' lang='lat' dir='ltr'><strong>otium</strong></span> <span class='ocrx_word' id='word_1_16' title='bbox 781 582 790 613; x_wconf 94' lang='lat'><strong>,</strong></span> <span class='ocrx_word' id='word_1_17' title='bbox 813 537 892 599; x_wconf 86' lang='lat' dir='ltr'><strong>socii</strong></span> <span class='ocrx_word' id='word_1_18' title='bbox 919 559 1066 615; x_wconf 89' lang='lat' dir='ltr'><strong>moram,</strong></span> <span class='ocrx_word' id='word_1_19' title='bbox 1087 540 1348 625; x_wconf 80' lang='lat' dir='ltr'><strong>principes-ara·</strong></span> 
     </span>
     <span class='ocr_line' id='line_1_4' title="bbox 143 617 1349 709; baseline 0.004 -23"><span class='ocrx_word' id='word_1_20' title='bbox 143 624 251 687; x_wconf 89' lang='lat' dir='ltr'><strong>bitum</strong></span> <span class='ocrx_word' id='word_1_21' title='bbox 280 620 372 683; x_wconf 91' lang='lat' dir='ltr'><strong>ducis</strong></span> <span class='ocrx_word' id='word_1_22' title='bbox 402 621 623 682; x_wconf 90' lang='lat' dir='ltr'><strong>increbabant.</strong></span> <span class='ocrx_word' id='word_1_23' title='bbox 675 617 731 681; x_wconf 86' lang='lat' dir='ltr'><strong>Sic</strong></span> <span class='ocrx_word' id='word_1_24' title='bbox 761 621 1053 704; x_wconf 77' lang='lat' dir='ltr'><strong>praecipitantibus</strong></span> <span class='ocrx_word' id='word_1_25' title='bbox 1087 624 1187 699; x_wconf 80' lang='lat' dir='ltr'><strong>fatis,</strong></span> <span class='ocrx_word' id='word_1_26' title='bbox 1226 626 1349 709; x_wconf 79' lang='lat' dir='ltr'><strong>proelio</strong></span> 
     </span>
     <span class='ocr_line' id='line_1_5' title="bbox 145 701 1348 791; baseline 0.001 -21"><span class='ocrx_word' id='word_1_27' title='bbox 145 713 273 788; x_wconf 87' lang='lat' dir='ltr'><strong>sumpta</strong></span> <span class='ocrx_word' id='word_1_28' title='bbox 300 703 466 765; x_wconf 87' lang='lat' dir='ltr'><strong>Thessalia</strong></span> <span class='ocrx_word' id='word_1_29' title='bbox 498 712 561 765; x_wconf 87' lang='lat' dir='ltr'><strong>est:</strong></span> <span class='ocrx_word' id='word_1_30' title='bbox 597 712 629 765; x_wconf 89' lang='lat' dir='ltr'><strong>et</strong></span> <span class='ocrx_word' id='word_1_31' title='bbox 664 701 861 785; x_wconf 85' lang='lat' dir='ltr'><strong>Philippicis</strong></span> <span class='ocrx_word' id='word_1_32' title='bbox 887 704 1009 787; x_wconf 88' lang='lat' dir='ltr'><strong>campis</strong></span> <span class='ocrx_word' id='word_1_33' title='bbox 1036 706 1162 781; x_wconf 85' lang='lat' dir='ltr'><strong>Urbis,</strong></span> <span class='ocrx_word' id='word_1_34' title='bbox 1202 707 1348 791; x_wconf 84' lang='lat' dir='ltr'><strong>imperii,</strong></span> 
     </span>
    </p>

    <p class='ocr_par' dir='ltr' id='par_1_3' title="bbox 104 786 1349 875">
     <span class='ocr_line' id='line_1_6' title="bbox 104 786 1349 875; baseline 0.003 -25"><span class='ocrx_word' id='word_1_35' title='bbox 104 789 275 875; x_wconf 52' lang='lat' dir='ltr'><strong>regenerata,</strong></span> <span class='ocrx_word' id='word_1_36' title='bbox 292 786 425 849; x_wconf 86' lang='lat' dir='ltr'><strong>humani</strong></span> <span class='ocrx_word' id='word_1_37' title='bbox 447 788 512 848; x_wconf 86' lang='lat' dir='ltr'><strong>fata</strong></span> <span class='ocrx_word' id='word_1_38' title='bbox 535 786 705 849; x_wconf 89' lang='lat' dir='ltr'><strong>commissa</strong></span> <span class='ocrx_word' id='word_1_39' title='bbox 726 795 811 846; x_wconf 84' lang='lat' dir='ltr'><strong>suut.</strong></span> <span class='ocrx_word' id='word_1_40' title='bbox 847 786 1029 869; x_wconf 81' lang='lat' dir='ltr'><strong>Numquam</strong></span> <span class='ocrx_word' id='word_1_41' title='bbox 1049 787 1121 850; x_wconf 84' lang='lat' dir='ltr'><strong>ullo</strong></span> <span class='ocrx_word' id='word_1_42' title='bbox 1132 789 1217 852; x_wconf 90' lang='lat' dir='ltr'><strong>loco</strong></span> <span class='ocrx_word' id='word_1_43' title='bbox 1233 800 1349 855; x_wconf 81' lang='lat' dir='ltr'><strong>tantun</strong></span> 
     </span>
    </p>
   </div>
   <div class='ocr_carea' id='block_1_3' title="bbox 27 868 1365 4702">
    <p class='ocr_par' dir='ltr' id='par_1_4' title="bbox 27 868 1365 4702">
     <span class='ocr_line' id='line_1_7' title="bbox 145 868 1349 955; baseline 0.001 -19"><span class='ocrx_word' id='word_1_44' title='bbox 145 894 266 936; x_wconf 79' lang='lat' dir='ltr'><strong>rursum</strong></span> <span class='ocrx_word' id='word_1_45' title='bbox 283 871 425 955; x_wconf 89' lang='lat' dir='ltr'><strong>populus</strong></span> <span class='ocrx_word' id='word_1_46' title='bbox 444 870 619 943; x_wconf 86' lang='lat' dir='ltr'><strong>Romanus,</strong></span> <span class='ocrx_word' id='word_1_47' title='bbox 641 877 767 930; x_wconf 91' lang='lat' dir='ltr'><strong>tantum</strong></span> <span class='ocrx_word' id='word_1_48' title='bbox 788 868 954 953; x_wconf 82' lang='lat' dir='ltr'><strong>dignitatis</strong></span> <span class='ocrx_word' id='word_1_49' title='bbox 976 870 1124 932; x_wconf 76' lang='lat' dir='ltr'><strong>Fortuna</strong></span> <span class='ocrx_word' id='word_1_50' title='bbox 1144 873 1247 937; x_wconf 85' lang='lat' dir='ltr'><strong>vidit.</strong></span> <span class='ocrx_word' id='word_1_51' title='bbox 1284 876 1349 937; x_wconf 83' lang='lat' dir='ltr'><strong>Tre·</strong></span> 
     </span>
     <span class='ocr_line' id='line_1_8' title="bbox 100 952 1347 1038; baseline 0.002 -20"><span class='ocrx_word' id='word_1_52' title='bbox 100 1030 103 1035; x_wconf 23' lang='grc' dir='ltr'>Ι</span> <span class='ocrx_word' id='word_1_53' title='bbox 146 964 238 1018; x_wconf 89' lang='lat' dir='ltr'><strong>centa</strong></span> <span class='ocrx_word' id='word_1_54' title='bbox 257 955 395 1038; x_wconf 90' lang='lat' dir='ltr'><strong>amplius</strong></span> <span class='ocrx_word' id='word_1_55' title='bbox 414 953 517 1015; x_wconf 90' lang='lat' dir='ltr'><strong>millia</strong></span> <span class='ocrx_word' id='word_1_56' title='bbox 538 953 735 1015; x_wconf 81' lang='lat' dir='ltr'><strong>bellatorum</strong></span> <span class='ocrx_word' id='word_1_57' title='bbox 756 952 836 1013; x_wconf 91' lang='lat' dir='ltr'><strong>hinc</strong></span> <span class='ocrx_word' id='word_1_58' title='bbox 857 952 907 1013; x_wconf 87' lang='lat' dir='ltr'><strong>rel</strong></span> <span class='ocrx_word' id='word_1_59' title='bbox 929 952 1039 1027; x_wconf 86' lang='lat' dir='ltr'><strong>illinc,</strong></span> <span class='ocrx_word' id='word_1_60' title='bbox 1068 964 1209 1037; x_wconf 87' lang='lat' dir='ltr'><strong>praeter</strong></span> <span class='ocrx_word' id='word_1_61' title='bbox 1239 958 1347 1021; x_wconf 80' lang='lat' dir='ltr'><strong>auxilii</strong></span> 
     </span>
     <span class='ocr_line' id='line_1_9' title="bbox 103 1034 1347 1123; baseline 0.002 -22"><span class='ocrx_word' id='word_1_62' title='bbox 103 1036 259 1123; x_wconf 77' lang='lat' dir='ltr'><strong>45regum</strong></span> <span class='ocrx_word' id='word_1_63' title='bbox 294 1049 326 1101; x_wconf 90' lang='lat' dir='ltr'><strong>et</strong></span> <span class='ocrx_word' id='word_1_64' title='bbox 354 1039 500 1099; x_wconf 89' lang='lat' dir='ltr'><strong>Senatus.</strong></span> <span class='ocrx_word' id='word_1_65' title='bbox 543 1038 728 1119; x_wconf 80' lang='lat' dir='ltr'><strong>Numquam</strong></span> <span class='ocrx_word' id='word_1_66' title='bbox 761 1035 958 1096; x_wconf 85' lang='lat' dir='ltr'><strong>imminentis</strong></span> <span class='ocrx_word' id='word_1_67' title='bbox 984 1034 1097 1099; x_wconf 89' lang='lat' dir='ltr'><strong>ruinae</strong></span> <span class='ocrx_word' id='word_1_68' title='bbox 1128 1039 1347 1111; x_wconf 65' lang='lat' dir='ltr'><strong>manifestiori</strong></span> 
     </span>
     <span class='ocr_line' id='line_1_10' title="bbox 144 1114 1344 1205; baseline 0.004 -22"><span class='ocrx_word' id='word_1_69' title='bbox 144 1122 313 1205; x_wconf 78' lang='lat' dir='ltr'><strong>prodigia:</strong></span> <span class='ocrx_word' id='word_1_70' title='bbox 335 1123 411 1203; x_wconf 83' lang='lat' dir='ltr'><strong>fuga</strong></span> <span class='ocrx_word' id='word_1_71' title='bbox 432 1114 649 1192; x_wconf 67' lang='lat' dir='ltr'><strong>uictimarum,</strong></span> <span class='ocrx_word' id='word_1_72' title='bbox 665 1119 818 1178; x_wconf 84' lang='lat' dir='ltr'><strong>&#39;examina</strong></span> <span class='ocrx_word' id='word_1_73' title='bbox 841 1119 873 1178; x_wconf 90' lang='lat' dir='ltr'><strong>iu</strong></span> <span class='ocrx_word' id='word_1_74' title='bbox 896 1118 1007 1203; x_wconf 80' lang='lat' dir='ltr'><strong>signis,</strong></span> <span class='ocrx_word' id='word_1_75' title='bbox 1025 1119 1173 1183; x_wconf 81' lang='lat' dir='ltr'><strong>interdiu</strong></span> <span class='ocrx_word' id='word_1_76' title='bbox 1189 1126 1344 1187; x_wconf 83' lang='lat' dir='ltr'><strong>tenebr&#39;te.</strong></span> 
     </span>
     <span class='ocr_line' id='line_1_11' title="bbox 143 1201 1344 1287; baseline -0.001 -17"><span class='ocrx_word' id='word_1_77' title='bbox 143 1208 219 1270; x_wconf 81' lang='lat' dir='ltr'><strong>Dux</strong></span> <span class='ocrx_word' id='word_1_78' title='bbox 250 1206 339 1287; x_wconf 88' lang='lat' dir='ltr'><strong>ipse,</strong></span> <span class='ocrx_word' id='word_1_79' title='bbox 370 1206 404 1265; x_wconf 90' lang='lat' dir='ltr'><strong>in</strong></span> <span class='ocrx_word' id='word_1_80' title='bbox 425 1212 585 1265; x_wconf 86' lang='lat' dir='ltr'><strong>nocturna</strong></span> <span class='ocrx_word' id='word_1_81' title='bbox 610 1203 750 1285; x_wconf 85' lang='lat' dir='ltr'><strong>imagine</strong></span> <span class='ocrx_word' id='word_1_82' title='bbox 776 1202 896 1263; x_wconf 84' lang='lat' dir='ltr'><strong>theatri</strong></span> <span class='ocrx_word' id='word_1_83' title='bbox 918 1201 968 1263; x_wconf 90' lang='lat' dir='ltr'><strong>sui</strong></span> <span class='ocrx_word' id='word_1_84' title='bbox 988 1201 1121 1265; x_wconf 88' lang='lat' dir='ltr'><strong>audiens</strong></span> <span class='ocrx_word' id='word_1_85' title='bbox 1141 1205 1296 1287; x_wconf 88' lang='lat' dir='ltr'><strong>plausum</strong></span> <span class='ocrx_word' id='word_1_86' title='bbox 1318 1208 1344 1269; x_wconf 75' lang='lat' dir='ltr'><strong>it</strong></span> 
     </span>
     <span class='ocr_line' id='line_1_12' title="bbox 143 1286 1341 1375; baseline 0.001 -25"><span class='ocrx_word' id='word_1_87' title='bbox 143 1288 278 1350; x_wconf 90' lang='lat' dir='ltr'><strong>modum</strong></span> <span class='ocrx_word' id='word_1_88' title='bbox 305 1288 453 1370; x_wconf 87' lang='lat' dir='ltr'><strong>planctus</strong></span> <span class='ocrx_word' id='word_1_89' title='bbox 482 1288 743 1357; x_wconf 87' lang='lat' dir='ltr'><strong>circumsonare,</strong></span> <span class='ocrx_word' id='word_1_90' title='bbox 775 1307 869 1345; x_wconf 89' lang='lat' dir='ltr'><strong>mane</strong></span> <span class='ocrx_word' id='word_1_91' title='bbox 896 1305 969 1346; x_wconf 88' lang='lat' dir='ltr'><strong>curu</strong></span> <span class='ocrx_word' id='word_1_92' title='bbox 989 1286 1081 1368; x_wconf 93' lang='lat' dir='ltr'><strong>pullo</strong></span> <span class='ocrx_word' id='word_1_93' title='bbox 1104 1286 1254 1371; x_wconf 82' lang='lat' dir='ltr'><strong>(nefasl)</strong></span> <span class='ocrx_word' id='word_1_94' title='bbox 1275 1288 1341 1375; x_wconf 81' lang='lat' dir='ltr'><strong>apud</strong></span> 
     </span>
     <span class='ocr_line' id='line_1_13' title="bbox 104 1368 1339 1455; baseline 0 -20"><span class='ocrx_word' id='word_1_95' title='bbox 104 1371 307 1455; x_wconf 69' lang='lat' dir='ltr'><strong>dbprincipia</strong></span> <span class='ocrx_word' id='word_1_96' title='bbox 329 1378 520 1450; x_wconf 89' lang='lat' dir='ltr'><strong>conspectus</strong></span> <span class='ocrx_word' id='word_1_97' title='bbox 542 1378 601 1430; x_wconf 90' lang='lat' dir='ltr'><strong>est.</strong></span> <span class='ocrx_word' id='word_1_98' title='bbox 643 1370 826 1451; x_wconf 81' lang='lat' dir='ltr'><strong>Numquam</strong></span> <span class='ocrx_word' id='word_1_99' title='bbox 848 1369 958 1441; x_wconf 86' lang='lat' dir='ltr'><strong>acrior</strong></span> <span class='ocrx_word' id='word_1_100' title='bbox 981 1390 1086 1451; x_wconf 90' lang='lat' dir='ltr'><strong>neque</strong></span> <span class='ocrx_word' id='word_1_101' title='bbox 1108 1368 1259 1435; x_wconf 87' lang='lat' dir='ltr'><strong>alacrior</strong></span> <span class='ocrx_word' id='word_1_102' title='bbox 1270 1384 1339 1441; x_wconf 73' lang='lat' dir='ltr'><strong>eres·</strong></span> 
     </span>
     <span class='ocr_line' id='line_1_14' title="bbox 144 1451 1365 1530; baseline 0.002 -13"><span class='ocrx_word' id='word_1_103' title='bbox 144 1456 229 1517; x_wconf 86' lang='lat' dir='ltr'><strong>citus</strong></span> <span class='ocrx_word' id='word_1_104' title='bbox 254 1454 396 1516; x_wconf 86' lang='lat' dir='ltr'><strong>Caesaris</strong></span> <span class='ocrx_word' id='word_1_105' title='bbox 421 1453 504 1513; x_wconf 87' lang='lat' dir='ltr'><strong>fuit:</strong></span> <span class='ocrx_word' id='word_1_106' title='bbox 537 1452 614 1513; x_wconf 86' lang='lat' dir='ltr'><strong>inde</strong></span> <span class='ocrx_word' id='word_1_107' title='bbox 636 1451 769 1513; x_wconf 86' lang='lat' dir='ltr'><strong>classico</strong></span> <span class='ocrx_word' id='word_1_108' title='bbox 795 1451 907 1530; x_wconf 90' lang='lat' dir='ltr'><strong>prius,</strong></span> <span class='ocrx_word' id='word_1_109' title='bbox 933 1451 1009 1513; x_wconf 90' lang='lat' dir='ltr'><strong>inde</strong></span> <span class='ocrx_word' id='word_1_110' title='bbox 1032 1452 1109 1514; x_wconf 90' lang='lat' dir='ltr'><strong>tela.</strong></span> <span class='ocrx_word' id='word_1_111' title='bbox 1154 1454 1335 1521; x_wconf 66' lang='lat' dir='ltr'><strong>Adnotatu!</strong></span> <span class='ocrx_word' id='word_1_112' title='bbox 1359 1462 1365 1525; x_wconf 80' lang='lat' dir='ltr'><strong>l</strong></span> 
     </span>
     <span class='ocr_line' id='line_1_15' title="bbox 144 1528 1365 1621; baseline 0.003 -21"><span class='ocrx_word' id='word_1_113' title='bbox 144 1559 278 1621; x_wconf 88' lang='lat' dir='ltr'><strong>quoque</strong></span> <span class='ocrx_word' id='word_1_114' title='bbox 305 1535 538 1597; x_wconf 87' lang='lat' dir='ltr'><strong>committentis</strong></span> <span class='ocrx_word' id='word_1_115' title='bbox 562 1535 665 1595; x_wconf 90' lang='lat' dir='ltr'><strong>aciem</strong></span> <span class='ocrx_word' id='word_1_116' title='bbox 695 1534 833 1595; x_wconf 76' lang='lat' dir='ltr'><strong>Crastini</strong></span> <span class='ocrx_word' id='word_1_117' title='bbox 855 1535 980 1616; x_wconf 80' lang='lat' dir='ltr'><strong>pilum:</strong></span> <span class='ocrx_word' id='word_1_118' title='bbox 1004 1537 1059 1618; x_wconf 87' lang='lat' dir='ltr'><strong>qui</strong></span> <span class='ocrx_word' id='word_1_119' title='bbox 1082 1558 1162 1598; x_wconf 85' lang='lat' dir='ltr'><strong>mox</strong></span> <span class='ocrx_word' id='word_1_120' title='bbox 1184 1536 1331 1603; x_wconf 75' lang='lat' dir='ltr'><strong>adnotat</strong></span> <span class='ocrx_word' id='word_1_121' title='bbox 1355 1528 1365 1587; x_wconf 71' lang='lat' dir='ltr'><strong>l</strong></span> 
     </span>
     <span class='ocr_line' id='line_1_16' title="bbox 146 1616 1364 1705; baseline 0.002 -23"><span class='ocrx_word' id='word_1_122' title='bbox 146 1644 183 1681; x_wconf 93' lang='lat' dir='ltr'><strong>os</strong></span> <span class='ocrx_word' id='word_1_123' title='bbox 203 1620 324 1705; x_wconf 82' lang='lat' dir='ltr'><strong>gladio,</strong></span> <span class='ocrx_word' id='word_1_124' title='bbox 346 1621 393 1681; x_wconf 89' lang='lat' dir='ltr'><strong>sic</strong></span> <span class='ocrx_word' id='word_1_125' title='bbox 406 1620 501 1680; x_wconf 90' lang='lat' dir='ltr'><strong>&#39;iuter</strong></span> <span class='ocrx_word' id='word_1_126' title='bbox 520 1616 674 1680; x_wconf 83' lang='lat' dir='ltr'><strong>cadavera</strong></span> <span class='ocrx_word' id='word_1_127' title='bbox 695 1626 857 1699; x_wconf 88' lang='lat' dir='ltr'><strong>repertus,</strong></span> <span class='ocrx_word' id='word_1_128' title='bbox 879 1617 1051 1679; x_wconf 88' lang='lat' dir='ltr'><strong>libidinem</strong></span> <span class='ocrx_word' id='word_1_129' title='bbox 1071 1639 1109 1678; x_wconf 90' lang='lat' dir='ltr'><strong>ac</strong></span> <span class='ocrx_word' id='word_1_130' title='bbox 1129 1621 1269 1697; x_wconf 87' lang='lat' dir='ltr'><strong>rabiem,</strong></span> <span class='ocrx_word' id='word_1_131' title='bbox 1287 1632 1328 1705; x_wconf 66' lang='lat' dir='ltr'><strong>qn</strong></span> <span class='ocrx_word' id='word_1_132' title='bbox 1351 1618 1364 1667; x_wconf 73' lang='lat' dir='ltr'><strong>l</strong></span> 
     </span>
     <span class='ocr_line' id='line_1_17' title="bbox 103 1688 1365 1791; baseline 0.003 -27"><span class='ocrx_word' id='word_1_133' title='bbox 103 1707 364 1791; x_wconf 70' lang='lat' dir='ltr'><strong>47pu&#39;gnavrrat,</strong></span> <span class='ocrx_word' id='word_1_134' title='bbox 398 1703 466 1781; x_wconf 88' lang='lat' dir='ltr'><strong>ipsa</strong></span> <span class='ocrx_word' id='word_1_135' title='bbox 487 1703 633 1764; x_wconf 73' lang='lat' dir='ltr'><strong>novitate</strong></span> <span class='ocrx_word' id='word_1_136' title='bbox 654 1700 798 1762; x_wconf 86' lang='lat' dir='ltr'><strong>vulneris</strong></span> <span class='ocrx_word' id='word_1_137' title='bbox 820 1700 1039 1781; x_wconf 82' lang='lat' dir='ltr'><strong>praeferebat.</strong></span> <span class='ocrx_word' id='word_1_138' title='bbox 1081 1701 1146 1764; x_wconf 87' lang='lat' dir='ltr'><strong>Sed</strong></span> <span class='ocrx_word' id='word_1_139' title='bbox 1169 1726 1230 1767; x_wconf 92' lang='lat' dir='ltr'><strong>nec</strong></span> <span class='ocrx_word' id='word_1_140' title='bbox 1248 1706 1325 1781; x_wconf 62' lang='lat' dir='ltr'><strong>mini</strong></span> <span class='ocrx_word' id='word_1_141' title='bbox 1348 1688 1365 1749; x_wconf 69' lang='lat' dir='ltr'><strong>l*</strong></span> 
     </span>
     <span class='ocr_line' id='line_1_18' title="bbox 145 1776 1365 1868; baseline 0.002 -19"><span class='ocrx_word' id='word_1_142' title='bbox 145 1786 372 1849; x_wconf 79' lang='lat' dir='ltr'><strong>admirabilior</strong></span> <span class='ocrx_word' id='word_1_143' title='bbox 403 1788 490 1849; x_wconf 89' lang='lat' dir='ltr'><strong>illius</strong></span> <span class='ocrx_word' id='word_1_144' title='bbox 521 1787 625 1847; x_wconf 87' lang='lat' dir='ltr'><strong>exitus</strong></span> <span class='ocrx_word' id='word_1_145' title='bbox 651 1782 742 1845; x_wconf 91' lang='lat' dir='ltr'><strong>belli.</strong></span> <span class='ocrx_word' id='word_1_146' title='bbox 765 1784 919 1868; x_wconf 83' lang='lat' dir='ltr'><strong>¹Quippe</strong></span> <span class='ocrx_word' id='word_1_147' title='bbox 949 1806 1050 1866; x_wconf 86' lang='lat' dir='ltr'><strong>quum</strong></span> <span class='ocrx_word' id='word_1_148' title='bbox 1072 1784 1251 1867; x_wconf 88' lang='lat' dir='ltr'><strong>Pompeius</strong></span> <span class='ocrx_word' id='word_1_149' title='bbox 1270 1776 1365 1851; x_wconf 68' lang='lat' dir='ltr'><strong>oded*</strong></span> 
     </span>
     <span class='ocr_line' id='line_1_19' title="bbox 147 1857 1365 1954; baseline 0.003 -24"><span class='ocrx_word' id='word_1_150' title='bbox 147 1871 293 1954; x_wconf 89' lang='lat' dir='ltr'><strong>equitum</strong></span> <span class='ocrx_word' id='word_1_151' title='bbox 314 1868 410 1949; x_wconf 91' lang='lat' dir='ltr'><strong>copia</strong></span> <span class='ocrx_word' id='word_1_152' title='bbox 432 1868 635 1941; x_wconf 84' lang='lat' dir='ltr'><strong>abundaret,</strong></span> <span class='ocrx_word' id='word_1_153' title='bbox 662 1874 700 1927; x_wconf 91' lang='lat' dir='ltr'><strong>ut</strong></span> <span class='ocrx_word' id='word_1_154' title='bbox 726 1865 823 1927; x_wconf 82' lang='lat' dir='ltr'><strong>facile</strong></span> <span class='ocrx_word' id='word_1_155' title='bbox 845 1866 1126 1931; x_wconf 81' lang='lat' dir='ltr'><strong>circumventurus</strong></span> <span class='ocrx_word' id='word_1_156' title='bbox 1146 1870 1212 1933; x_wconf 91' lang='lat' dir='ltr'><strong>sibi</strong></span> <span class='ocrx_word' id='word_1_157' title='bbox 1233 1872 1322 1933; x_wconf 76' lang='lat' dir='ltr'><strong>Caer-</strong></span> <span class='ocrx_word' id='word_1_158' title='bbox 1345 1857 1365 1915; x_wconf 68' lang='lat' dir='ltr'><strong>lt</strong></span> 
     </span>
     <span class='ocr_line' id='line_1_20' title="bbox 102 1947 1365 2037; baseline -0.006 -19"><span class='ocrx_word' id='word_1_159' title='bbox 102 1953 227 2032; x_wconf 63' lang='lat' dir='ltr'><strong>dssrem·</strong></span> <span class='ocrx_word' id='word_1_160' title='bbox 241 1951 427 2025; x_wconf 82' lang='lat' dir='ltr'><strong>rideretur,</strong></span> <span class='ocrx_word' id='word_1_161' title='bbox 458 1952 696 2012; x_wconf 88' lang='lat' dir='ltr'><strong>circumventus</strong></span> <span class='ocrx_word' id='word_1_162' title='bbox 727 1949 798 2030; x_wconf 89' lang='lat' dir='ltr'><strong>ipse</strong></span> <span class='ocrx_word' id='word_1_163' title='bbox 829 1950 887 2011; x_wconf 84' lang='lat' dir='ltr'><strong>est.</strong></span> <span class='ocrx_word' id='word_1_164' title='bbox 931 1951 1015 2013; x_wconf 88' lang='lat' dir='ltr'><strong>Nam</strong></span> <span class='ocrx_word' id='word_1_165' title='bbox 1044 1973 1145 2035; x_wconf 89' lang='lat' dir='ltr'><strong>quum</strong></span> <span class='ocrx_word' id='word_1_166' title='bbox 1168 1953 1319 2037; x_wconf 82' lang='lat' dir='ltr'><strong>diuaeque</strong></span> <span class='ocrx_word' id='word_1_167' title='bbox 1344 1947 1365 2011; x_wconf 68' lang='lat' dir='ltr'><strong>tl,</strong></span> 
     </span>
     <span class='ocr_line' id='line_1_21' title="bbox 143 2031 1363 2121; baseline 0.002 -24"><span class='ocrx_word' id='word_1_168' title='bbox 143 2038 250 2097; x_wconf 85' lang='lat' dir='ltr'><strong>Marte</strong></span> <span class='ocrx_word' id='word_1_169' title='bbox 272 2033 523 2106; x_wconf 87' lang='lat' dir='ltr'><strong>contenderent,</strong></span> <span class='ocrx_word' id='word_1_170' title='bbox 547 2034 699 2114; x_wconf 90' lang='lat' dir='ltr'><strong>iussuque</strong></span> <span class='ocrx_word' id='word_1_171' title='bbox 719 2031 870 2113; x_wconf 90' lang='lat' dir='ltr'><strong>Pompeii</strong></span> <span class='ocrx_word' id='word_1_172' title='bbox 896 2040 928 2093; x_wconf 88' lang='lat' dir='ltr'><strong>et</strong></span> <span class='ocrx_word' id='word_1_173' title='bbox 947 2035 1037 2096; x_wconf 80' lang='lat' dir='ltr'><strong>tusus</strong></span> <span class='ocrx_word' id='word_1_174' title='bbox 1059 2058 1076 2095; x_wconf 90' lang='lat' dir='ltr'><strong>a</strong></span> <span class='ocrx_word' id='word_1_175' title='bbox 1098 2058 1205 2099; x_wconf 88' lang='lat' dir='ltr'><strong>cornu</strong></span> <span class='ocrx_word' id='word_1_176' title='bbox 1225 2038 1321 2121; x_wconf 86' lang='lat' dir='ltr'><strong>erupit·</strong></span> <span class='ocrx_word' id='word_1_177' title='bbox 1343 2038 1363 2083; x_wconf 69' lang='lat'><strong>¹³</strong></span> 
     </span>
     <span class='ocr_line' id='line_1_22' title="bbox 145 2114 1359 2201; baseline 0.003 -22"><span class='ocrx_word' id='word_1_178' title='bbox 145 2128 194 2180; x_wconf 89' lang='lat' dir='ltr'><strong>set</strong></span> <span class='ocrx_word' id='word_1_179' title='bbox 224 2118 405 2201; x_wconf 85' lang='lat' dir='ltr'><strong>equitatus,</strong></span> <span class='ocrx_word' id='word_1_180' title='bbox 433 2124 569 2198; x_wconf 90' lang='lat' dir='ltr'><strong>repente</strong></span> <span class='ocrx_word' id='word_1_181' title='bbox 595 2115 672 2176; x_wconf 86' lang='lat' dir='ltr'><strong>hine</strong></span> <span class='ocrx_word' id='word_1_182' title='bbox 699 2114 793 2198; x_wconf 84' lang='lat' dir='ltr'><strong>signo</strong></span> <span class='ocrx_word' id='word_1_183' title='bbox 814 2114 913 2190; x_wconf 90' lang='lat' dir='ltr'><strong>dato,</strong></span> <span class='ocrx_word' id='word_1_184' title='bbox 936 2118 1178 2181; x_wconf 87' lang='lat' dir='ltr'><strong>Germanorum</strong></span> <span class='ocrx_word' id='word_1_185' title='bbox 1199 2120 1319 2185; x_wconf 77' lang='lat' dir='ltr'><strong>cotona</strong></span> <span class='ocrx_word' id='word_1_186' title='bbox 1343 2120 1359 2163; x_wconf 74' lang='lat'><strong>&#39;²</strong></span> 
     </span>
     <span class='ocr_line' id='line_1_23' title="bbox 144 2184 1365 2286; baseline 0.002 -23"><span class='ocrx_word' id='word_1_187' title='bbox 144 2206 272 2263; x_wconf 80' lang='lat' dir='ltr'><strong>tantum</strong></span> <span class='ocrx_word' id='word_1_188' title='bbox 293 2200 327 2260; x_wconf 88' lang='lat' dir='ltr'><strong>in</strong></span> <span class='ocrx_word' id='word_1_189' title='bbox 347 2199 464 2260; x_wconf 85' lang='lat' dir='ltr'><strong>effusos</strong></span> <span class='ocrx_word' id='word_1_190' title='bbox 485 2199 609 2281; x_wconf 82' lang='lat' dir='ltr'><strong>equites</strong></span> <span class='ocrx_word' id='word_1_191' title='bbox 632 2200 741 2259; x_wconf 83' lang='lat' dir='ltr'><strong>fecere</strong></span> <span class='ocrx_word' id='word_1_192' title='bbox 762 2197 936 2281; x_wconf 90' lang='lat' dir='ltr'><strong>impetum,</strong></span> <span class='ocrx_word' id='word_1_193' title='bbox 959 2208 996 2261; x_wconf 91' lang='lat' dir='ltr'><strong>ut</strong></span> <span class='ocrx_word' id='word_1_194' title='bbox 1016 2201 1050 2262; x_wconf 90' lang='lat' dir='ltr'><strong>hi</strong></span> <span class='ocrx_word' id='word_1_195' title='bbox 1068 2221 1135 2263; x_wconf 90' lang='lat' dir='ltr'><strong>esse</strong></span> <span class='ocrx_word' id='word_1_196' title='bbox 1149 2198 1321 2286; x_wconf 66' lang='lat' dir='ltr'><strong>pedi-teuid</strong></span> <span class='ocrx_word' id='word_1_197' title='bbox 1342 2184 1365 2246; x_wconf 64' lang='lat' dir='ltr'><strong>ll</strong></span> 
     </span>
     <span class='ocr_line' id='line_1_24' title="bbox 104 2268 1365 2373; baseline 0.003 -26"><span class='ocrx_word' id='word_1_198' title='bbox 104 2285 256 2373; x_wconf 64' lang='lat' dir='ltr'><strong>dpve‘nirc</strong></span> <span class='ocrx_word' id='word_1_199' title='bbox 278 2284 312 2349; x_wconf 87' lang='lat' dir='ltr'><strong>in</strong></span> <span class='ocrx_word' id='word_1_200' title='bbox 335 2282 426 2365; x_wconf 86' lang='lat' dir='ltr'><strong>equis</strong></span> <span class='ocrx_word' id='word_1_201' title='bbox 445 2282 647 2343; x_wconf 80' lang='lat' dir='ltr'><strong>riderentur.</strong></span> <span class='ocrx_word' id='word_1_202' title='bbox 688 2282 781 2349; x_wconf 89' lang='lat' dir='ltr'><strong>Hanc</strong></span> <span class='ocrx_word' id='word_1_203' title='bbox 803 2291 943 2361; x_wconf 77' lang='lat' dir='ltr'><strong>stragem</strong></span> <span class='ocrx_word' id='word_1_204' title='bbox 979 2284 1149 2367; x_wconf 76' lang='lat' dir='ltr'><strong>[fugientis</strong></span> <span class='ocrx_word' id='word_1_205' title='bbox 1171 2284 1320 2371; x_wconf 83' lang='lat' dir='ltr'><strong>equitstttl</strong></span> <span class='ocrx_word' id='word_1_206' title='bbox 1342 2268 1365 2351; x_wconf 81' lang='lat' dir='ltr'><strong>ll</strong></span> 
     </span>
     <span class='ocr_line' id='line_1_25' title="bbox 145 2350 1362 2439; baseline 0 -8"><span class='ocrx_word' id='word_1_207' title='bbox 145 2368 225 2431; x_wconf 82' lang='lat' dir='ltr'><strong>levis</strong></span> <span class='ocrx_word' id='word_1_208' title='bbox 251 2374 433 2427; x_wconf 89' lang='lat' dir='ltr'><strong>armaturae</strong></span> <span class='ocrx_word' id='word_1_209' title='bbox 460 2366 555 2426; x_wconf 87' lang='lat' dir='ltr'><strong>ruina</strong></span> <span class='ocrx_word' id='word_1_210' title='bbox 582 2364 738 2425; x_wconf 86' lang='lat' dir='ltr'><strong>comitata</strong></span> <span class='ocrx_word' id='word_1_211' title='bbox 766 2374 825 2425; x_wconf 88' lang='lat' dir='ltr'><strong>eat.</strong></span> <span class='ocrx_word' id='word_1_212' title='bbox 869 2366 963 2427; x_wconf 86' lang='lat' dir='ltr'><strong>Tunc</strong></span> <span class='ocrx_word' id='word_1_213' title='bbox 984 2375 1114 2431; x_wconf 83' lang='lat' dir='ltr'><strong>terrore</strong></span> <span class='ocrx_word' id='word_1_214' title='bbox 1133 2369 1232 2433; x_wconf 89' lang='lat' dir='ltr'><strong>latius</strong></span> <span class='ocrx_word' id='word_1_215' title='bbox 1253 2350 1362 2439; x_wconf 71' lang='lat' dir='ltr'><strong>dststlt</strong></span> 
     </span>
     <span class='ocr_line' id='line_1_26' title="bbox 145 2430 1365 2531; baseline 0.001 -19"><span class='ocrx_word' id='word_1_216' title='bbox 145 2451 355 2514; x_wconf 83' lang='lat' dir='ltr'><strong>turbantibus</strong></span> <span class='ocrx_word' id='word_1_217' title='bbox 376 2449 514 2510; x_wconf 76' lang='lat' dir='ltr'><strong>inuicem</strong></span> <span class='ocrx_word' id='word_1_218' title='bbox 534 2447 651 2528; x_wconf 73' lang='lat' dir='ltr'><strong>copiis3</strong></span> <span class='ocrx_word' id='word_1_219' title='bbox 674 2446 799 2527; x_wconf 88' lang='lat' dir='ltr'><strong>reliqua</strong></span> <span class='ocrx_word' id='word_1_220' title='bbox 822 2458 944 2531; x_wconf 80' lang='lat' dir='ltr'><strong>strages</strong></span> <span class='ocrx_word' id='word_1_221' title='bbox 965 2450 1055 2531; x_wconf 86' lang='lat' dir='ltr'><strong>q&#39;uasi</strong></span> <span class='ocrx_word' id='word_1_222' title='bbox 1076 2474 1139 2513; x_wconf 91' lang='lat' dir='ltr'><strong>una</strong></span> <span class='ocrx_word' id='word_1_223' title='bbox 1159 2474 1256 2515; x_wconf 87' lang='lat' dir='ltr'><strong>manu</strong></span> <span class='ocrx_word' id='word_1_224' title='bbox 1267 2454 1322 2515; x_wconf 68' lang='lat' dir='ltr'><strong>hah</strong></span> <span class='ocrx_word' id='word_1_225' title='bbox 1342 2430 1365 2495; x_wconf 51' lang='grc' dir='ltr'><strong>ι’</strong></span> 
     </span>
     <span class='ocr_line' id='line_1_27' title="bbox 146 2529 1365 2621; baseline 0.001 -25"><span class='ocrx_word' id='word_1_226' title='bbox 146 2544 213 2595; x_wconf 88' lang='lat' dir='ltr'><strong>est:</strong></span> <span class='ocrx_word' id='word_1_227' title='bbox 245 2555 310 2595; x_wconf 90' lang='lat' dir='ltr'><strong>nec.</strong></span> <span class='ocrx_word' id='word_1_228' title='bbox 327 2532 392 2593; x_wconf 92' lang='lat' dir='ltr'><strong>ulla</strong></span> <span class='ocrx_word' id='word_1_229' title='bbox 414 2552 466 2593; x_wconf 89' lang='lat' dir='ltr'><strong>res</strong></span> <span class='ocrx_word' id='word_1_230' title='bbox 486 2531 588 2612; x_wconf 78' lang='lat' dir='ltr'><strong>magis</strong></span> <span class='ocrx_word' id='word_1_231' title='bbox 611 2529 712 2591; x_wconf 77' lang='lat' dir='ltr'><strong>exitio</strong></span> <span class='ocrx_word' id='word_1_232' title='bbox 733 2530 818 2603; x_wconf 84' lang='lat' dir='ltr'><strong>fuit,</strong></span> <span class='ocrx_word' id='word_1_233' title='bbox 842 2554 938 2614; x_wconf 88' lang='lat' dir='ltr'><strong>quam</strong></span> <span class='ocrx_word' id='word_1_234' title='bbox 961 2533 1030 2615; x_wconf 87' lang='lat' dir='ltr'><strong>ipsa</strong></span> <span class='ocrx_word' id='word_1_235' title='bbox 1052 2536 1215 2601; x_wconf 79' lang='lat' dir='ltr'><strong>exercitus</strong></span> <span class='ocrx_word' id='word_1_236' title='bbox 1228 2534 1323 2621; x_wconf 68' lang='lat' dir='ltr'><strong>magri·</strong></span> <span class='ocrx_word' id='word_1_237' title='bbox 1342 2538 1365 2577; x_wconf 71' lang='lat'><strong>¹²¹</strong></span> 
     </span>
     <span class='ocr_line' id='line_1_28' title="bbox 103 2612 1365 2701; baseline 0.002 -22"><span class='ocrx_word' id='word_1_238' title='bbox 103 2614 237 2681; x_wconf 74' lang='lat' dir='ltr'><strong>botudo.</strong></span> <span class='ocrx_word' id='word_1_239' title='bbox 280 2616 402 2677; x_wconf 89' lang='lat' dir='ltr'><strong>Multus</strong></span> <span class='ocrx_word' id='word_1_240' title='bbox 425 2615 459 2675; x_wconf 91' lang='lat' dir='ltr'><strong>in</strong></span> <span class='ocrx_word' id='word_1_241' title='bbox 481 2635 520 2675; x_wconf 92' lang='lat' dir='ltr'><strong>eo</strong></span> <span class='ocrx_word' id='word_1_242' title='bbox 539 2612 670 2695; x_wconf 91' lang='lat' dir='ltr'><strong>proelio</strong></span> <span class='ocrx_word' id='word_1_243' title='bbox 695 2614 812 2673; x_wconf 87' lang='lat' dir='ltr'><strong>Caesar</strong></span> <span class='ocrx_word' id='word_1_244' title='bbox 831 2617 907 2688; x_wconf 86' lang='lat' dir='ltr'><strong>fuit,</strong></span> <span class='ocrx_word' id='word_1_245' title='bbox 929 2616 1120 2701; x_wconf 89' lang='lat' dir='ltr'><strong>mediusque</strong></span> <span class='ocrx_word' id='word_1_246' title='bbox 1140 2619 1230 2681; x_wconf 87' lang='lat' dir='ltr'><strong>iuter</strong></span> <span class='ocrx_word' id='word_1_247' title='bbox 1254 2621 1324 2701; x_wconf 64' lang='grc' dir='ltr'><strong>ἰωμ-</strong></span> <span class='ocrx_word' id='word_1_248' title='bbox 1343 2620 1365 2661; x_wconf 76' lang='lat'><strong>⁸¹¹</strong></span> 
     </span>
     <span class='ocr_line' id='line_1_29' title="bbox 144 2696 1364 2841; baseline -0.001 -77"><span class='ocrx_word' id='word_1_249' title='bbox 144 2704 343 2764; x_wconf 82' lang='lat' dir='ltr'><strong>ratoremet</strong></span> <span class='ocrx_word' id='word_1_250' title='bbox 363 2697 512 2759; x_wconf 82' lang='lat' dir='ltr'><strong>militem.</strong></span> <span class='ocrx_word' id='word_1_251' title='bbox 556 2696 660 2758; x_wconf 91' lang='lat' dir='ltr'><strong>Voces</strong></span> <span class='ocrx_word' id='word_1_252' title='bbox 682 2717 814 2778; x_wconf 90' lang='lat' dir='ltr'><strong>quoque</strong></span> <span class='ocrx_word' id='word_1_253' title='bbox 837 2699 1056 2841; x_wconf 71' lang='lat' dir='ltr'><strong>obequitqntis</strong></span> <span class='ocrx_word' id='word_1_254' title='bbox 1079 2712 1250 2782; x_wconf 84' lang='lat' dir='ltr'><strong>exceptae,</strong></span> <span class='ocrx_word' id='word_1_255' title='bbox 1270 2702 1326 2765; x_wconf 75' lang='lat' dir='ltr'><strong>alto·</strong></span> <span class='ocrx_word' id='word_1_256' title='bbox 1349 2709 1364 2783; x_wconf 68' lang='grc' dir='ltr'><strong>(ξ</strong></span> 
     </span>
     <span class='ocr_line' id='line_1_30' title="bbox 144 2778 1365 2867; baseline 0.002 -22"><span class='ocrx_word' id='word_1_257' title='bbox 144 2805 181 2845; x_wconf 90' lang='lat' dir='ltr'><strong>ra</strong></span> <span class='ocrx_word' id='word_1_258' title='bbox 203 2791 357 2855; x_wconf 82' lang='lat' dir='ltr'><strong>cruenta,</strong></span> <span class='ocrx_word' id='word_1_259' title='bbox 385 2781 441 2842; x_wconf 94' lang='lat' dir='ltr'><strong>scd</strong></span> <span class='ocrx_word' id='word_1_260' title='bbox 474 2780 591 2854; x_wconf 89' lang='lat' dir='ltr'><strong>docta,</strong></span> <span class='ocrx_word' id='word_1_261' title='bbox 624 2788 657 2841; x_wconf 89' lang='lat' dir='ltr'><strong>et</strong></span> <span class='ocrx_word' id='word_1_262' title='bbox 683 2778 723 2840; x_wconf 93' lang='lat' dir='ltr'><strong>ad</strong></span> <span class='ocrx_word' id='word_1_263' title='bbox 752 2780 925 2841; x_wconf 87' lang='lat' dir='ltr'><strong>victoriam</strong></span> <span class='ocrx_word' id='word_1_264' title='bbox 958 2782 1089 2857; x_wconf 84' lang='lat' dir='ltr'><strong>eicax,</strong></span> <span class='ocrx_word' id='word_1_265' title='bbox 1122 2788 1218 2847; x_wconf 81' lang='lat' dir='ltr'><strong>Miles</strong></span> <span class='ocrx_word' id='word_1_266' title='bbox 1222 2787 1326 2867; x_wconf 71' lang='lat' dir='ltr'><strong>factis</strong></span> <span class='ocrx_word' id='word_1_267' title='bbox 1356 2792 1365 2825; x_wconf 78' lang='lat'>¹</span> 
     </span>
     <span class='ocr_line' id='line_1_31' title="bbox 130 2857 1365 2953; baseline -0.006 -28"><span class='ocrx_word' id='word_1_268' title='bbox 130 2867 227 2946; x_wconf 83' lang='lat' dir='ltr'><strong>feri.-</strong></span> <span class='ocrx_word' id='word_1_269' title='bbox 249 2865 350 2926; x_wconf 88' lang='lat' dir='ltr'><strong>altera</strong></span> <span class='ocrx_word' id='word_1_270' title='bbox 371 2864 411 2925; x_wconf 88' lang='lat' dir='ltr'><strong>ad</strong></span> <span class='ocrx_word' id='word_1_271' title='bbox 434 2864 642 2925; x_wconf 86' lang='lat' dir='ltr'><strong>iactationem</strong></span> <span class='ocrx_word' id='word_1_272' title='bbox 663 2863 863 2945; x_wconf 90' lang='lat' dir='ltr'><strong>composita,</strong></span> <span class='ocrx_word' id='word_1_273' title='bbox 886 2871 994 2929; x_wconf 79' lang='lat' dir='ltr'><strong>Parce</strong></span> <span class='ocrx_word' id='word_1_274' title='bbox 1015 2868 1327 2953; x_wconf 57' lang='lat' dir='ltr'><strong>orbibusaquumipn</strong></span> <span class='ocrx_word' id='word_1_275' title='bbox 1347 2857 1365 2949; x_wconf 68' lang='lat' dir='ltr'><strong>¹l</strong></span> 
     </span>
     <span class='ocr_line' id='line_1_32' title="bbox 55 2946 1365 3033; baseline 0.001 -21"><span class='ocrx_word' id='word_1_276' title='bbox 55 2963 56 2966; x_wconf 76' lang='grc'>’</span> <span class='ocrx_word' id='word_1_277' title='bbox 103 2946 347 3033; x_wconf 80' lang='lat' dir='ltr'><strong>brsequer-ctur.</strong></span> <span class='ocrx_word' id='word_1_278' title='bbox 390 2948 533 3009; x_wconf 87' lang='lat' dir='ltr'><strong>Felicem</strong></span> <span class='ocrx_word' id='word_1_279' title='bbox 561 2956 738 3030; x_wconf 90' lang='lat' dir='ltr'><strong>utcumque</strong></span> <span class='ocrx_word' id='word_1_280' title='bbox 763 2946 799 3007; x_wconf 90' lang='lat' dir='ltr'><strong>in</strong></span> <span class='ocrx_word' id='word_1_281' title='bbox 828 2946 921 3009; x_wconf 88' lang='lat' dir='ltr'><strong>malis</strong></span> <span class='ocrx_word' id='word_1_282' title='bbox 945 2947 1218 3032; x_wconf 88' lang='lat' dir='ltr'><strong>Pompeium,·-si</strong></span> <span class='ocrx_word' id='word_1_283' title='bbox 1245 2952 1365 3017; x_wconf 66' lang='lat' dir='ltr'><strong>adut</strong></span> 
     </span>
     <span class='ocr_line' id='line_1_33' title="bbox 143 3018 1363 3117; baseline 0.001 -23"><span class='ocrx_word' id='word_1_284' title='bbox 143 3033 271 3115; x_wconf 88' lang='lat' dir='ltr'><strong>ipsum,</strong></span> <span class='ocrx_word' id='word_1_285' title='bbox 292 3045 385 3116; x_wconf 69' lang='lat' dir='ltr'><strong>tquae</strong></span> <span class='ocrx_word' id='word_1_286' title='bbox 413 3031 592 3093; x_wconf 80' lang='lat' dir='ltr'><strong>exercitum</strong></span> <span class='ocrx_word' id='word_1_287' title='bbox 614 3031 701 3103; x_wconf 91' lang='lat' dir='ltr'><strong>eius,</strong></span> <span class='ocrx_word' id='word_1_288' title='bbox 723 3028 870 3091; x_wconf 84' lang='lat' dir='ltr'><strong>Fortuna</strong></span> <span class='ocrx_word' id='word_1_289' title='bbox 892 3029 1065 3094; x_wconf 86' lang='lat' dir='ltr'><strong>traxisset?</strong></span> <span class='ocrx_word' id='word_1_290' title='bbox 1100 3034 1272 3117; x_wconf 77' lang='lat' dir='ltr'><strong>Superstes</strong></span> <span class='ocrx_word' id='word_1_291' title='bbox 1290 3018 1363 3097; x_wconf 77' lang='lat' dir='ltr'><strong>(ll-l</strong></span> 
     </span>
     <span class='ocr_line' id='line_1_34' title="bbox 145 3112 1332 3200; baseline 0.003 -23"><span class='ocrx_word' id='word_1_292' title='bbox 145 3118 277 3194; x_wconf 63' lang='lat' dir='ltr'><strong>enitatis</strong></span> <span class='ocrx_word' id='word_1_293' title='bbox 301 3136 386 3177; x_wconf 86' lang='lat' dir='ltr'><strong>suae</strong></span> <span class='ocrx_word' id='word_1_294' title='bbox 414 3115 517 3189; x_wconf 82' lang='lat' dir='ltr'><strong>vixit,</strong></span> <span class='ocrx_word' id='word_1_295' title='bbox 549 3122 586 3175; x_wconf 90' lang='lat' dir='ltr'><strong>ut</strong></span> <span class='ocrx_word' id='word_1_296' title='bbox 614 3131 688 3174; x_wconf 92' lang='lat' dir='ltr'><strong>cum</strong></span> <span class='ocrx_word' id='word_1_297' title='bbox 718 3112 841 3174; x_wconf 88' lang='lat' dir='ltr'><strong>maiore</strong></span> <span class='ocrx_word' id='word_1_298' title='bbox 872 3112 1033 3177; x_wconf 88' lang='lat' dir='ltr'><strong>dedecore</strong></span> <span class='ocrx_word' id='word_1_299' title='bbox 1069 3137 1131 3200; x_wconf 92' lang='lat' dir='ltr'><strong>per</strong></span> <span class='ocrx_word' id='word_1_300' title='bbox 1165 3118 1332 3191; x_wconf 64' lang='lat' dir='ltr'><strong>&#39;thessalia</strong></span> 
     </span>
     <span class='ocr_line' id='line_1_35' title="bbox 145 3194 1365 3283; baseline 0.001 -21"><span class='ocrx_word' id='word_1_301' title='bbox 145 3201 269 3283; x_wconf 81' lang='lat' dir='ltr'><strong>Tempe</strong></span> <span class='ocrx_word' id='word_1_302' title='bbox 290 3220 382 3281; x_wconf 82' lang='lat' dir='ltr'><strong>equo</strong></span> <span class='ocrx_word' id='word_1_303' title='bbox 412 3199 558 3281; x_wconf 84' lang='lat' dir='ltr'><strong>fugeret,</strong></span> <span class='ocrx_word' id='word_1_304' title='bbox 589 3204 621 3257; x_wconf 89' lang='lat' dir='ltr'><strong>ct</strong></span> <span class='ocrx_word' id='word_1_305' title='bbox 649 3216 712 3259; x_wconf 86' lang='lat' dir='ltr'><strong>una</strong></span> <span class='ocrx_word' id='word_1_306' title='bbox 734 3194 882 3257; x_wconf 87' lang='lat' dir='ltr'><strong>navicula</strong></span> <span class='ocrx_word' id='word_1_307' title='bbox 903 3196 1031 3277; x_wconf 83' lang='lat' dir='ltr'><strong>Lesbon</strong></span> <span class='ocrx_word' id='word_1_308' title='bbox 1052 3200 1291 3282; x_wconf 80' lang='lat' dir='ltr'><strong>applicaretur:</strong></span> <span class='ocrx_word' id='word_1_309' title='bbox 1310 3202 1334 3263; x_wconf 79' lang='lat' dir='ltr'><strong>tl</strong></span> <span class='ocrx_word' id='word_1_310' title='bbox 1355 3202 1365 3247; x_wconf 74' lang='lat' dir='ltr'><strong>l</strong></span> 
     </span>
     <span class='ocr_line' id='line_1_36' title="bbox 144 3276 1333 3366; baseline 0.003 -20"><span class='ocrx_word' id='word_1_311' title='bbox 144 3284 257 3365; x_wconf 88' lang='lat' dir='ltr'><strong>pulsus</strong></span> <span class='ocrx_word' id='word_1_312' title='bbox 279 3280 413 3363; x_wconf 81' lang='lat' dir='ltr'><strong>Syedris</strong></span> <span class='ocrx_word' id='word_1_313' title='bbox 443 3281 477 3341; x_wconf 91' lang='lat' dir='ltr'><strong>in</strong></span> <span class='ocrx_word' id='word_1_314' title='bbox 504 3278 633 3341; x_wconf 89' lang='lat' dir='ltr'><strong>deserto</strong></span> <span class='ocrx_word' id='word_1_315' title='bbox 665 3276 798 3340; x_wconf 87' lang='lat' dir='ltr'><strong>Ciliciae</strong></span> <span class='ocrx_word' id='word_1_316' title='bbox 819 3280 974 3357; x_wconf 91' lang='lat' dir='ltr'><strong>scopulo,</strong></span> <span class='ocrx_word' id='word_1_317' title='bbox 1003 3283 1112 3366; x_wconf 79' lang='lat' dir='ltr'><strong>fugem</strong></span> <span class='ocrx_word' id='word_1_318' title='bbox 1134 3284 1169 3345; x_wconf 89' lang='lat' dir='ltr'><strong>in</strong></span> <span class='ocrx_word' id='word_1_319' title='bbox 1190 3284 1333 3357; x_wconf 63' lang='lat' dir='ltr'><strong>Pa&#39;rthsts</strong></span> 
     </span>
     <span class='ocr_line' id='line_1_37' title="bbox 105 3359 1335 3445; baseline 0.007 -17"><span class='ocrx_word' id='word_1_320' title='bbox 105 3362 314 3435; x_wconf 71' lang='lat' dir='ltr'><strong>buit-fricatu,</strong></span> <span class='ocrx_word' id='word_1_321' title='bbox 336 3359 388 3422; x_wconf 83' lang='lat' dir='ltr'><strong>vel</strong></span> <span class='ocrx_word' id='word_1_322' title='bbox 408 3360 582 3445; x_wconf 80' lang='lat' dir='ltr'><strong>Aegypton</strong></span> <span class='ocrx_word' id='word_1_323' title='bbox 602 3362 760 3444; x_wconf 83' lang='lat' dir='ltr'><strong>agitaret:</strong></span> <span class='ocrx_word' id='word_1_324' title='bbox 789 3369 826 3422; x_wconf 91' lang='lat' dir='ltr'><strong>ut</strong></span> <span class='ocrx_word' id='word_1_325' title='bbox 847 3361 987 3445; x_wconf 90' lang='lat' dir='ltr'><strong>denique</strong></span> <span class='ocrx_word' id='word_1_326' title='bbox 1008 3366 1043 3426; x_wconf 90' lang='lat' dir='ltr'><strong>in</strong></span> <span class='ocrx_word' id='word_1_327' title='bbox 1063 3366 1197 3430; x_wconf 88' lang='lat' dir='ltr'><strong>Pelusio</strong></span> <span class='ocrx_word' id='word_1_328' title='bbox 1220 3370 1335 3437; x_wconf 78' lang='lat' dir='ltr'><strong>littam</strong></span> 
     </span>
     <span class='ocr_line' id='line_1_38' title="bbox 76 3440 1365 3535; baseline 0.005 -26"><span class='ocrx_word' id='word_1_329' title='bbox 76 3449 79 3453; x_wconf 78' lang='grc'><strong>’</strong></span> <span class='ocrx_word' id='word_1_330' title='bbox 147 3446 288 3527; x_wconf 89' lang='lat' dir='ltr'><strong>imperio</strong></span> <span class='ocrx_word' id='word_1_331' title='bbox 315 3443 462 3503; x_wconf 85' lang='lat' dir='ltr'><strong>vilissimi</strong></span> <span class='ocrx_word' id='word_1_332' title='bbox 493 3444 599 3523; x_wconf 74' lang='lat' dir='ltr'><strong>regis,</strong></span> <span class='ocrx_word' id='word_1_333' title='bbox 632 3440 778 3504; x_wconf 87' lang='lat' dir='ltr'><strong>consiliis</strong></span> <span class='ocrx_word' id='word_1_334' title='bbox 799 3444 1000 3526; x_wconf 89' lang='lat' dir='ltr'><strong>spadonum,</strong></span> <span class='ocrx_word' id='word_1_335' title='bbox 1023 3456 1076 3524; x_wconf 92' lang='lat' dir='ltr'><strong>et,</strong></span> <span class='ocrx_word' id='word_1_336' title='bbox 1098 3471 1140 3511; x_wconf 92' lang='lat' dir='ltr'><strong>ue</strong></span> <span class='ocrx_word' id='word_1_337' title='bbox 1162 3452 1246 3535; x_wconf 89' lang='lat' dir='ltr'><strong>quid</strong></span> <span class='ocrx_word' id='word_1_338' title='bbox 1264 3448 1365 3515; x_wconf 67' lang='lat' dir='ltr'><strong>maht</strong></span> 
     </span>
     <span class='ocr_line' id='line_1_39' title="bbox 148 3516 1365 3609; baseline 0.007 -17"><span class='ocrx_word' id='word_1_339' title='bbox 148 3529 244 3601; x_wconf 88' lang='lat' dir='ltr'><strong>desit,</strong></span> <span class='ocrx_word' id='word_1_340' title='bbox 265 3524 416 3609; x_wconf 88' lang='lat' dir='ltr'><strong>Septimii</strong></span> <span class='ocrx_word' id='word_1_341' title='bbox 442 3524 618 3587; x_wconf 89' lang='lat' dir='ltr'><strong>desertoris</strong></span> <span class='ocrx_word' id='word_1_342' title='bbox 639 3525 689 3586; x_wconf 92' lang='lat' dir='ltr'><strong>sui</strong></span> <span class='ocrx_word' id='word_1_343' title='bbox 712 3523 820 3605; x_wconf 81' lang='lat' dir='ltr'><strong>gladio</strong></span> <span class='ocrx_word' id='word_1_344' title='bbox 844 3528 1036 3606; x_wconf 87' lang='lat' dir='ltr'><strong>trucidatus,</strong></span> <span class='ocrx_word' id='word_1_345' title='bbox 1058 3532 1118 3593; x_wconf 87' lang='lat' dir='ltr'><strong>sub</strong></span> <span class='ocrx_word' id='word_1_346' title='bbox 1140 3534 1250 3599; x_wconf 88' lang='lat' dir='ltr'><strong>oculis</strong></span> <span class='ocrx_word' id='word_1_347' title='bbox 1264 3552 1338 3599; x_wconf 73' lang='lat' dir='ltr'><strong>uxo·</strong></span> <span class='ocrx_word' id='word_1_348' title='bbox 1361 3516 1365 3577; x_wconf 42' lang='grc' dir='ltr'><em>Ὗ</em></span> 
     </span>
     <span class='ocr_line' id='line_1_40' title="bbox 106 3607 1339 3696; baseline 0.008 -22"><span class='ocrx_word' id='word_1_349' title='bbox 106 3607 193 3675; x_wconf 70' lang='grc' dir='ltr'><strong>ὅότίε</strong></span> <span class='ocrx_word' id='word_1_350' title='bbox 217 3633 292 3673; x_wconf 88' lang='lat' dir='ltr'><strong>suae</strong></span> <span class='ocrx_word' id='word_1_351' title='bbox 311 3610 559 3690; x_wconf 87' lang='lat' dir='ltr'><strong>liberorumque</strong></span> <span class='ocrx_word' id='word_1_352' title='bbox 580 3616 777 3670; x_wconf 89' lang='lat' dir='ltr'><strong>moreretur.</strong></span> <span class='ocrx_word' id='word_1_353' title='bbox 810 3611 892 3690; x_wconf 89' lang='lat' dir='ltr'><strong>Quis</strong></span> <span class='ocrx_word' id='word_1_354' title='bbox 912 3634 979 3675; x_wconf 91' lang='lat' dir='ltr'><strong>nou</strong></span> <span class='ocrx_word' id='word_1_355' title='bbox 1000 3624 1171 3696; x_wconf 85' lang='lat' dir='ltr'><strong>peractum</strong></span> <span class='ocrx_word' id='word_1_356' title='bbox 1194 3640 1264 3683; x_wconf 88' lang='lat' dir='ltr'><strong>esse</strong></span> <span class='ocrx_word' id='word_1_357' title='bbox 1282 3634 1339 3683; x_wconf 72' lang='lat' dir='ltr'><strong>cr!</strong></span> 
     </span>
     <span class='ocr_line' id='line_1_41' title="bbox 145 3689 1340 3785; baseline 0.003 -26"><span class='ocrx_word' id='word_1_358' title='bbox 145 3694 309 3775; x_wconf 82' lang='lat' dir='ltr'><strong>Pompeio</strong></span> <span class='ocrx_word' id='word_1_359' title='bbox 343 3692 491 3755; x_wconf 84' lang='lat' dir='ltr'><strong>crederet</strong></span> <span class='ocrx_word' id='word_1_360' title='bbox 512 3689 655 3753; x_wconf 87' lang='lat' dir='ltr'><strong>bellum?</strong></span> <span class='ocrx_word' id='word_1_361' title='bbox 690 3691 821 3775; x_wconf 79' lang='lat' dir='ltr'><strong>¹Atquin</strong></span> <span class='ocrx_word' id='word_1_362' title='bbox 842 3696 957 3757; x_wconf 85' lang='lat' dir='ltr'><strong>¹acrius</strong></span> <span class='ocrx_word' id='word_1_363' title='bbox 982 3697 1086 3760; x_wconf 91' lang='lat' dir='ltr'><strong>multo</strong></span> <span class='ocrx_word' id='word_1_364' title='bbox 1119 3708 1220 3785; x_wconf 89' lang='lat' dir='ltr'><strong>atque</strong></span> <span class='ocrx_word' id='word_1_365' title='bbox 1250 3702 1340 3765; x_wconf 82' lang='lat' dir='ltr'><strong>vebs·</strong></span> 
     </span>
     <span class='ocr_line' id='line_1_42' title="bbox 105 3774 1340 3871; baseline 0.002 -30"><span class='ocrx_word' id='word_1_366' title='bbox 105 3775 286 3858; x_wconf 67' lang='lat' dir='ltr'><strong>Sdmentius</strong></span> <span class='ocrx_word' id='word_1_367' title='bbox 307 3775 485 3839; x_wconf 82' lang='lat' dir='ltr'><strong>Thessalici</strong></span> <span class='ocrx_word' id='word_1_368' title='bbox 512 3774 653 3838; x_wconf 87' lang='lat' dir='ltr'><strong>incendii</strong></span> <span class='ocrx_word' id='word_1_369' title='bbox 675 3776 800 3838; x_wconf 90' lang='lat' dir='ltr'><strong>cineres</strong></span> <span class='ocrx_word' id='word_1_370' title='bbox 822 3777 1043 3842; x_wconf 83' lang='lat' dir='ltr'><strong>recaluerunt.&#39;</strong></span> <span class='ocrx_word' id='word_1_371' title='bbox 1081 3778 1125 3843; x_wconf 86' lang='lat' dir='ltr'><strong>Et</strong></span> <span class='ocrx_word' id='word_1_372' title='bbox 1145 3782 1184 3846; x_wconf 88' lang='lat' dir='ltr'><strong>in</strong></span> <span class='ocrx_word' id='word_1_373' title='bbox 1204 3783 1340 3871; x_wconf 72' lang='lat' dir='ltr'><strong>Aegypto</strong></span> 
     </span>
     <span class='ocr_line' id='line_1_43' title="bbox 27 3859 1342 3953; baseline 0.005 -32"><span class='ocrx_word' id='word_1_374' title='bbox 27 3914 30 3921; x_wconf 93' lang='lat'><strong>.</strong></span> <span class='ocrx_word' id='word_1_375' title='bbox 104 3859 279 3944; x_wconf 78' lang='lat' dir='ltr'><strong>bbquidem</strong></span> <span class='ocrx_word' id='word_1_376' title='bbox 294 3860 452 3923; x_wconf 80' lang='lat' dir='ltr'><strong>adversus</strong></span> <span class='ocrx_word' id='word_1_377' title='bbox 475 3860 640 3921; x_wconf 86' lang='lat' dir='ltr'><strong>Caesarem</strong></span> <span class='ocrx_word' id='word_1_378' title='bbox 661 3860 731 3922; x_wconf 90' lang='lat' dir='ltr'><strong>sine</strong></span> <span class='ocrx_word' id='word_1_379' title='bbox 751 3860 900 3942; x_wconf 88' lang='lat' dir='ltr'><strong>partibus</strong></span> <span class='ocrx_word' id='word_1_380' title='bbox 911 3861 1055 3927; x_wconf 80' lang='lat' dir='ltr'><strong>bellum.</strong></span> <span class='ocrx_word' id='word_1_381' title='bbox 1099 3866 1238 3952; x_wconf 82' lang='lat' dir='ltr'><strong>Quippe</strong></span> <span class='ocrx_word' id='word_1_382' title='bbox 1254 3884 1342 3953; x_wconf 79' lang='lat' dir='ltr'><strong>quant</strong></span> 
     </span>
     <span class='ocr_line' id='line_1_44' title="bbox 146 3941 1343 4039; baseline 0.005 -30"><span class='ocrx_word' id='word_1_383' title='bbox 146 3945 374 4018; x_wconf 79' lang='lat' dir='ltr'><strong>Ptolomaeus,</strong></span> <span class='ocrx_word' id='word_1_384' title='bbox 397 3964 456 4005; x_wconf 81' lang='lat' dir='ltr'><strong>rex</strong></span> <span class='ocrx_word' id='word_1_385' title='bbox 476 3941 702 4017; x_wconf 82' lang='lat' dir='ltr'><strong>Alexandriae,</strong></span> <span class='ocrx_word' id='word_1_386' title='bbox 724 3950 884 4006; x_wconf 87' lang='lat' dir='ltr'><strong>summum</strong></span> <span class='ocrx_word' id='word_1_387' title='bbox 905 3944 1009 4007; x_wconf 83' lang='lat' dir='ltr'><strong>civilis</strong></span> <span class='ocrx_word' id='word_1_388' title='bbox 1030 3945 1110 4009; x_wconf 89' lang='lat' dir='ltr'><strong>belli</strong></span> <span class='ocrx_word' id='word_1_389' title='bbox 1130 3950 1238 4014; x_wconf 92' lang='lat' dir='ltr'><strong>scelus</strong></span> <span class='ocrx_word' id='word_1_390' title='bbox 1254 3968 1343 4039; x_wconf 76' lang='lat' dir='ltr'><strong>pert·</strong></span> 
     </span>
     <span class='ocr_line' id='line_1_45' title="bbox 147 4027 1342 4118; baseline 0.002 -25"><span class='ocrx_word' id='word_1_391' title='bbox 147 4028 466 4117; x_wconf 79' lang='lat' dir='ltr'><strong>gisset,·soedusq&#39;ue</strong></span> <span class='ocrx_word' id='word_1_392' title='bbox 486 4027 648 4091; x_wconf 85' lang='lat' dir='ltr'><strong>amicitiae</strong></span> <span class='ocrx_word' id='word_1_393' title='bbox 669 4046 742 4087; x_wconf 92' lang='lat' dir='ltr'><strong>cum</strong></span> <span class='ocrx_word' id='word_1_394' title='bbox 764 4027 919 4101; x_wconf 88' lang='lat' dir='ltr'><strong>Caesare,</strong></span> <span class='ocrx_word' id='word_1_395' title='bbox 941 4027 1051 4092; x_wconf 92' lang='lat' dir='ltr'><strong>medio</strong></span> <span class='ocrx_word' id='word_1_396' title='bbox 1071 4030 1230 4115; x_wconf 90' lang='lat' dir='ltr'><strong>Pompeii</strong></span> <span class='ocrx_word' id='word_1_397' title='bbox 1250 4032 1342 4118; x_wconf 74' lang='lat' dir='ltr'><strong>eapite</strong></span> 
     </span>
     <span class='ocr_line' id='line_1_46' title="bbox 147 4107 1340 4194; baseline 0.004 -17"><span class='ocrx_word' id='word_1_398' title='bbox 147 4112 320 4186; x_wconf 69' lang='lat' dir='ltr'><strong>sanxisset}</strong></span> <span class='ocrx_word' id='word_1_399' title='bbox 350 4110 511 4173; x_wconf 86' lang='lat' dir='ltr'><strong>altionem</strong></span> <span class='ocrx_word' id='word_1_400' title='bbox 541 4107 710 4172; x_wconf 88' lang='lat' dir='ltr'><strong>clarissimi</strong></span> <span class='ocrx_word' id='word_1_401' title='bbox 738 4108 801 4171; x_wconf 84' lang='lat' dir='ltr'><strong>viri</strong></span> <span class='ocrx_word' id='word_1_402' title='bbox 829 4109 979 4174; x_wconf 86' lang='lat' dir='ltr'><strong>Manibus</strong></span> <span class='ocrx_word' id='word_1_403' title='bbox 998 4120 1178 4194; x_wconf 84' lang='lat' dir='ltr'><strong>quaerente</strong></span> <span class='ocrx_word' id='word_1_404' title='bbox 1201 4118 1340 4187; x_wconf 76' lang='lat' dir='ltr'><strong>fanum,</strong></span> 
     </span>
     <span class='ocr_line' id='line_1_47' title="bbox 107 4191 1343 4291; baseline 0.004 -31"><span class='ocrx_word' id='word_1_405' title='bbox 107 4191 258 4261; x_wconf 80' lang='lat' dir='ltr'><strong>bbcaussa</strong></span> <span class='ocrx_word' id='word_1_406' title='bbox 277 4214 346 4256; x_wconf 91' lang='lat' dir='ltr'><strong>non</strong></span> <span class='ocrx_word' id='word_1_407' title='bbox 365 4193 481 4257; x_wconf 87' lang='lat' dir='ltr'><strong>defuit.</strong></span> <span class='ocrx_word' id='word_1_408' title='bbox 525 4192 716 4273; x_wconf 85' lang='lat' dir='ltr'><strong>Cleopatra,</strong></span> <span class='ocrx_word' id='word_1_409' title='bbox 740 4193 825 4273; x_wconf 79' lang='lat' dir='ltr'><strong>regis</strong></span> <span class='ocrx_word' id='word_1_410' title='bbox 846 4214 964 4270; x_wconf 90' lang='lat' dir='ltr'><strong>soror,</strong></span> <span class='ocrx_word' id='word_1_411' title='bbox 985 4198 1084 4259; x_wconf 85' lang='lat' dir='ltr'><strong>affusa</strong></span> <span class='ocrx_word' id='word_1_412' title='bbox 1098 4199 1248 4263; x_wconf 82' lang='lat' dir='ltr'><strong>Caesa-ris</strong></span> <span class='ocrx_word' id='word_1_413' title='bbox 1261 4198 1343 4291; x_wconf 73' lang='lat' dir='ltr'><strong>genl-</strong></span> 
     </span>
     <span class='ocr_line' id='line_1_48' title="bbox 148 4274 1342 4369; baseline -0.002 -26"><span class='ocrx_word' id='word_1_414' title='bbox 148 4282 378 4363; x_wconf 79' lang='lat' dir='ltr'><strong>hus,³partem</strong></span> <span class='ocrx_word' id='word_1_415' title='bbox 406 4277 498 4363; x_wconf 78' lang='lat' dir='ltr'><strong>regni</strong></span> <span class='ocrx_word' id='word_1_416' title='bbox 522 4274 727 4358; x_wconf 87' lang='lat' dir='ltr'><strong>reposcebat.</strong></span> <span class='ocrx_word' id='word_1_417' title='bbox 768 4275 891 4340; x_wconf 80' lang='lat' dir='ltr'><strong>Aderat</strong></span> <span class='ocrx_word' id='word_1_418' title='bbox 913 4276 1195 4363; x_wconf 81' lang='lat' dir='ltr'><strong>puellae&#39;forma,</strong></span> <span class='ocrx_word' id='word_1_419' title='bbox 1217 4293 1254 4346; x_wconf 91' lang='lat' dir='ltr'><strong>et</strong></span> <span class='ocrx_word' id='word_1_420' title='bbox 1273 4294 1342 4369; x_wconf 81' lang='lat' dir='ltr'><strong>quas</strong></span> 
     </span>
     <span class='ocr_line' id='line_1_49' title="bbox 128 4355 1344 4445; baseline -0.001 -19"><span class='ocrx_word' id='word_1_421' title='bbox 128 4363 374 4444; x_wconf 66' lang='lat' dir='ltr'><strong>:duplicaretur</strong></span> <span class='ocrx_word' id='word_1_422' title='bbox 402 4382 441 4423; x_wconf 83' lang='lat' dir='ltr'><strong>ex</strong></span> <span class='ocrx_word' id='word_1_423' title='bbox 471 4357 552 4433; x_wconf 89' lang='lat' dir='ltr'><strong>illo&#39;,</strong></span> <span class='ocrx_word' id='word_1_424' title='bbox 584 4355 674 4441; x_wconf 91' lang='lat' dir='ltr'><strong>quod</strong></span> <span class='ocrx_word' id='word_1_425' title='bbox 703 4357 777 4423; x_wconf 87' lang='lat' dir='ltr'><strong>talis</strong></span> <span class='ocrx_word' id='word_1_426' title='bbox 803 4380 896 4442; x_wconf 88' lang='lat' dir='ltr'><strong>passa</strong></span> <span class='ocrx_word' id='word_1_427' title='bbox 923 4360 1098 4427; x_wconf 82' lang='lat' dir='ltr'><strong>¹videbatur</strong></span> <span class='ocrx_word' id='word_1_428' title='bbox 1125 4364 1344 4445; x_wconf 78' lang='lat' dir='ltr'><strong>iniuriam,&#39;tt</strong></span> 
     </span>
     <span class='ocr_line' id='line_1_50' title="bbox 107 4440 1345 4534; baseline -0.002 -23"><span class='ocrx_word' id='word_1_429' title='bbox 107 4445 268 4534; x_wconf 81' lang='lat' dir='ltr'><strong>b7odium&#39;</strong></span> <span class='ocrx_word' id='word_1_430' title='bbox 293 4446 394 4529; x_wconf 87' lang='lat' dir='ltr'><strong>ipsius</strong></span> <span class='ocrx_word' id='word_1_431' title='bbox 425 4443 532 4527; x_wconf 77' lang='lat' dir='ltr'><strong>regie,</strong></span> <span class='ocrx_word' id='word_1_432' title='bbox 563 4442 620 4526; x_wconf 90' lang='lat' dir='ltr'><strong>qui</strong></span> <span class='ocrx_word' id='word_1_433' title='bbox 650 4440 801 4521; x_wconf 86' lang='lat' dir='ltr'><strong>Pompeii</strong></span> <span class='ocrx_word' id='word_1_434' title='bbox 830 4444 961 4505; x_wconf 88' lang='lat' dir='ltr'><strong>caedem</strong></span> <span class='ocrx_word' id='word_1_435' title='bbox 988 4447 1133 4532; x_wconf 90' lang='lat' dir='ltr'><strong>&#39;partium</strong></span> <span class='ocrx_word' id='word_1_436' title='bbox 1163 4448 1258 4525; x_wconf 79' lang='lat' dir='ltr'><strong>fato,</strong></span> <span class='ocrx_word' id='word_1_437' title='bbox 1289 4464 1345 4511; x_wconf 83' lang='lat' dir='ltr'><strong>nor</strong></span> 
     </span>
     <span class='ocr_line' id='line_1_51' title="bbox 150 4524 1343 4608; baseline -0.002 -15"><span class='ocrx_word' id='word_1_438' title='bbox 150 4528 290 4604; x_wconf 78' lang='lat' dir='ltr'><strong>Caesari,</strong></span> <span class='ocrx_word' id='word_1_439' title='bbox 306 4527 461 4592; x_wconf 84' lang='lat' dir='ltr'><strong>dederat:</strong></span> <span class='ocrx_word' id='word_1_440' title='bbox 484 4524 691 4601; x_wconf 86' lang='lat' dir='ltr'><strong>hauddubie</strong></span> <span class='ocrx_word' id='word_1_441' title='bbox 711 4525 798 4587; x_wconf 87' lang='lat' dir='ltr'><strong>idem</strong></span> <span class='ocrx_word' id='word_1_442' title='bbox 819 4526 854 4588; x_wconf 89' lang='lat' dir='ltr'><strong>in</strong></span> <span class='ocrx_word' id='word_1_443' title='bbox 874 4527 1149 4608; x_wconf 78' lang='lat' dir='ltr'><strong>ipsum-ausurus,</strong></span> <span class='ocrx_word' id='word_1_444' title='bbox 1171 4532 1200 4594; x_wconf 91' lang='lat' dir='ltr'><strong>si</strong></span> <span class='ocrx_word' id='word_1_445' title='bbox 1222 4530 1343 4595; x_wconf 85' lang='lat' dir='ltr'><strong>oocasio</strong></span> 
     </span>
     <span class='ocr_line' id='line_1_52' title="bbox 92 4608 1346 4702; baseline 0.005 -33"><span class='ocrx_word' id='word_1_446' title='bbox 92 4608 279 4679; x_wconf 79' lang='lat' dir='ltr'><strong>58sa11&#39;seas.</strong></span> <span class='ocrx_word' id='word_1_447' title='bbox 323 4613 432 4696; x_wconf 86' lang='lat' dir='ltr'><strong>Quam</strong></span> <span class='ocrx_word' id='word_1_448' title='bbox 461 4608 660 4675; x_wconf 74' lang='lat' dir='ltr'><strong>ubi=Caesar</strong></span> <span class='ocrx_word' id='word_1_449' title='bbox 679 4609 811 4688; x_wconf 82' lang='lat' dir='ltr'><strong>restitui</strong></span> <span class='ocrx_word' id='word_1_450' title='bbox 830 4608 925 4675; x_wconf 80' lang='lat' dir='ltr'><strong>iussit</strong></span> <span class='ocrx_word' id='word_1_451' title='bbox 949 4612 985 4677; x_wconf 89' lang='lat' dir='ltr'><strong>in</strong></span> <span class='ocrx_word' id='word_1_452' title='bbox 1002 4608 1346 4702; x_wconf 66' lang='lat' dir='ltr'><strong>ragnum·,=statiua·sl</strong></span> 
     </span>
    </p>
   </div>
   <div class='ocr_carea' id='block_1_4' title="bbox 0 0 1434 4958">
    <p class='ocr_par' dir='ltr' id='par_1_5' title="bbox 0 0 1434 4958">
     <span class='ocr_line' id='line_1_53' title="bbox 0 0 1434 4958; baseline 0 0"><span class='ocrx_word' id='word_1_453' title='bbox 0 0 1434 4958; x_wconf 95' lang='lat' dir='ltr'><strong> </strong></span> 
     </span>
    </p>
   </div>
  </div>
 </body>
</html>
