2850 4958
68 212 71 221 Ι
128 290 197 373 156
606 282 849 361 moen

124 471 284 539 pugnans,
306 440 435 512 occlsns‘
452 455 521 521 esta
546 446 692 531 ingentes
712 449 782 515 etus
802 442 918 544 copiqs
932 451 1047 527 captae
1068 452 1133 507 ant
1148 444 1314 521 intes-lechi

125 547 221 609 sunt·,
241 554 394 616 magnum
410 530 536 614 pohdns
556 531 629 593 auri
649 538 748 674 atquc
768 536 894 612 argenta
916 528 1051 589 Romam
1073 527 1229 591 relatum.
1254 526 1313 591 Por

125 620 207 681 haec
230 614 392 678 Hannibal
411 611 558 675 diffidere
577 612 619 674 de
638 611 717 673 beli
740 613 851 693 coepit
872 618 999 671 eventu.
1042 608 1201 671 Romanis
1229 610 1313 693 ingen

125 702 251 762 animus
272 698 415 759 accessit.
447 696 496 757 lta
521 712 562 755 ue
583 703 617 755 et
639 694 702 776 ipsi
723 702 941 756 evocaverunt
962 714 1001 753 ex
1021 694 1182 776 Hispania
1203 693 1243 755 P.
1258 696 1313 757 coe

123 782 248 844 nelium
270 780 470 862 Scipionem.
498 716 545 838 Hs
564 776 700 838 Romam
722 797 796 838 cum
819 775 941 859 ingenti
962 776 1069 859 gloria
1090 777 1195 837 venit.
1306 786 1309 797 '

166 878 256 943 XIX.
287 878 329 956 Q.
353 876 517 950 Caecilio,
538 875 576 934 L.
597 874 734 937 Valerio
757 877 845 939 Coss.
869 896 980 936 omnes
1001 870 1173 952 civitates,
1198 878 1310 963 quaein

123 963 262 1041 Bruttiis
282 962 323 1023 ab
345 959 526 1031 Hannibale
544 958 760 1032 tenebantur,
782 958 936 1019 Romanis
957 980 990 1021 se
1011 962 1236 1025 tradiderunt.

167 1065 240 1125 XX.
272 1063 366 1129 Anno
389 1060 483 1159 XIII.
501 1066 676 1158 postquam
697 1060 731 1120 in
752 1058 880 1129 Italiam
901 1059 1065 1151 Hannibal
1085 1056 1252 1137 venerat,
1261 1058 1310 1123 Sa-

122 1143 476 1297 {Intimmtlttff
505 1144 669 1293 {titt
685 1142 1141 1305 ittttitais’ttltt
1155 1146 1309 1311 ititd

122 1311 243 1387 hatur,
266 1310 346 1377 adeo
369 1318 406 1370 ut
424 1316 597 1409 putaretur
618 1306 715 1371 etiam
736 1327 810 1368 cum
840 1307 1027 1373 numinibus
1056 1308 1182 1375 habere
1204 1330 1308 1385 serrata¹
1341 1370 1352 1407 n

123 1413 211 1456 nem.
253 1394 285 1454 ls
307 1392 341 1457 in
362 1391 474 1459 Africa
495 1400 608 1453 contra
629 1390 832 1463 Hannonem,
849 1386 965 1461 ducem
978 1390 1151 1466 Afrorum,
1166 1392 1307 1477 pugnavit
1341 1440 1352 1490 p

125 1476 305 1537 exercitum
337 1474 407 1534 eius
438 1473 624 1547 interfecits
665 1470 807 1543 secundo
838 1471 968 1551 proelio
1002 1483 1106 1540 castra
1140 1476 1231 1559 cepit
1256 1486 1314 1539 ιιι·
1339 1515 1352 1572 ἱ

125 1567 269 1640 quatuor
296 1554 441 1621 millibus
461 1562 507 1631 ,ct
536 1552 719 1639 quingentis
750 1553 929 1628 militibus3
959 1554 1007 1615 XI
1036 1556 1184 1621 millibus
1207 1556 1306 1641 occisis
1349 1556 1352 1571 '

123 1640 326 1723 Syphacem,
359 1634 533 1701 Numidiae
561 1657 691 1715 regem,
724 1637 780 1721 qui
801 1656 835 1699 se
855 1637 945 1698 Afris
965 1638 1203 1713 coniunxerat,
1226 1640 1306 1725 capit,

125 1732 159 1791 et
179 1731 282 1784 castra
314 1719 382 1781 eius
414 1718 550 1785 invadit.
591 1717 724 1800 Syphax
753 1739 827 1780 cnm
853 1718 1065 1787 nobilissimis
1093 1722 1306 1807 Numidis&¹
1337 1703 1352 1820 Ξ

124 1803 261 1871 infinitis
290 1802 426 1884 spoliis,
458 1800 594 1862 Romam
615 1824 632 1860 a
653 1799 809 1881 Scipione
839 1802 993 1869 mittitur.
1038 1804 1111 1882 Qua
1139 1826 1176 1867 re
1202 1806 1306 1889 audiit,
1337 1842 1348 1909 ι

125 1887 230 1947 omnis
251 1886 321 1947 fere
340 1883 436 1945 Italia
457 1882 671 1943 Hannibalem
702 1882 835 1949 descrit.
876 1885 951 1967 Ipse
972 1908 990 1945 a
1013 1885 1307 1975 Carthaginiensibrt

122 1966 234 2041 redire
255 1966 289 2029 in
309 1964 455 2029 Africam
475 1964 629 2039 iubetur,
651 1984 748 2047 quam
767 1966 880 2048 Scipio
903 1967 1058 2031 vastabat.
1215 1970 1218 1975 '

164 2084 254 2145 XXI.
285 2084 336 2144 Ita
356 2106 439 2146 anno
461 2082 573 2145 XVII.
595 2082 636 2143 ab
657 2082 838 2145 Hannibale
859 2085 953 2150 Italia
975 2087 1115 2150 liberata
1138 2098 1210 2164 est,
1234 2110 1305 2175 quan
1337 2092 1352 2157 i

117 2166 201 2235 ¹flens
223 2166 345 2227 dicitnr
368 2166 550 2249 reliquisse.
591 2162 704 2244 Legati
731 2166 1043 2251 Carthaginiensium
1074 2192 1193 2254 pacem
1213 2172 1306 2236 a'Sci·

120 2250 223 2332 pione
242 2250 428 2330 petierunt,
451 2248 491 2309 ab
513 2269 552 2309 eo
575 2246 615 2307 ad
634 2246 789 2308 Senatum
810 2250 945 2312 Romam
963 2254 1164 2315 missisunt:
1189 2256 1306 2338 quadu-
1337 2280 1352 2320 a

145 2332 211 2392 inte
232 2341 264 2392 et
284 2333 429 2414 quinque
449 2330 563 2393 diebus
593 2328 742 2391 induciae
762 2329 855 2394 datae
876 2344 970 2408 sunt,
1002 2358 1176 2420 quousque
1196 2340 1306 2401 Rom
1338 2343 1352 2400 I

120 2434 174 2475 sre
195 2423 228 2475 et
245 2413 374 2497 regredi
395 2421 544 2495 possenti
566 2420 600 2481 et
620 2408 834 2512 XXXmillia
854 2416 966 2514 pondo
988 2421 1115 2502 argenti
1127 2421 1178 2518 ‘ab
1202 2422 1251 2485 his
1266 2440 1305 2481 co·

121 2494 1307 2661 tittt.;ttl.·..lt³t3.5¹stitisisstttt.ttftntit.2:
1337 2598 1350 2651 ι

115 2659 205 2742 plius
228 2681 324 2743 quam
352 2663 469 2723 ΧΧΧ
480 2681 577 2725 nares
598 2658 771 2734 haberant,
805 2674 843 2723 ut
873 2668 907 2732 D
933 2667 1039 2731 millio
1060 2668 1172 2751 pondo
1202 2664 1309 2754 argsstt‘
1337 2694 1352 2736 r

117 2739 254 2815 'darcon
279 2745 424 2823 captivos
440 2754 474 2804 et
488 2742 647 2825 perfugas
670 2741 847 2806 aaddaaans.
870 2796 874 2803 .
1343 2779 1352 2810 s

161 2857 269 2920 XXII.
297 2858 455 2934 Interim,
477 2859 659 2922 Hannibale
678 2857 827 2925 veniente
847 2865 888 2927 ad
913 2865 1079 2944 Africam,
1106 2892 1174 2953 pax
1196 2872 1305 2961 turbslp

119 2949 189 3012 est,
211 2941 313 3009 multa
333 2942 468 3019 hostilia
488 2944 528 3017 ab
559 2942 648 3005 Alcis
676 2945 760 3020 facta
784 2958 877 3024 sunt}
902 2948 1000 3032 legati
1022 2962 1129 3015 tamen
1151 2970 1305 3023 eorumtt
1338 2922 1352 2984 i

113 3021 213 3084 Urba
232 3024 416 3098 venientes,
440 3047 458 3095 a
478 3025 631 3101 Romapis
652 3028 739 3108 capti
760 3039 853 3108 sunt,
883 3040 915 3093 et
936 3032 1068 3105 iubente
1088 3035 1246 3119 Scipione
1264 3038 1306 3111 dis

114 3105 220 3182 missi.
264 3106 426 3174 Hannibal
446 3129 577 3191 quoquo
597 3110 822 3191 frequentibus
843 3114 979 3201 praeliis
999 3118 1101 3179 victus
1122 3140 1140 3177 a
1154 3119 1306 3203 Scipione,
1341 3108 1352 3176 l

114 3188 202 3269 petit
223 3189 320 3248 etiam
351 3190 421 3269 ipse
451 3211 575 3270 pacem.
622 3192 732 3268 Quum
758 3202 889 3263 ventum
919 3206 1001 3261 esset
1024 3198 1064 3271 ad
1096 3200 1306 3287 colloquium.
1343 3193 1352 3253 i

115 3268 234 3329 iisdem
255 3268 499 3347 conditlopibus
521 3271 595 3338 data
618 3282 687 3347 est,
720 3277 837 3366 quibus
857 3279 971 3359 prinas
1003 3280 1112 3350 addita
1140 3282 1308 3369 quingentis
1344 3274 1352 3337 l

114 3349 261 3423 suillibus
282 3350 394 3427 pondo
424 3353 549 3435 argenti
579 3354 604 3427 i]
629 3354 731 3427 millia
753 3357 933 3434 librarum,
954 3372 1095 3446 propter
1112 3386 1309 3453 novampcrs
1346 3364 1352 3395 ⁴

112 3428 237 3489 fidiam.
281 3428 598 3511 Carthaginiensibus
613 3436 814 3509 conditiones
829 3440 1076 3524 displicuerunt,
1093 3447 1309 3535 iusseruntqut
1345 3417 1352 3493 l

111 3507 329 3585 Hannibalem
349 3533 506 3595 pugnare.
546 3516 693 3589 Infertur
713 3538 731 3584 a
752 3518 906 3602 Scipione
920 3536 952 3595 et
967 3529 1145 3603 Masinissa,
1162 3533 1230 3595 alio
1246 3526 1308 3629 regi

110 3590 349 3666 Numidarum,
381 3594 438 3674 qni
469 3594 644 3671 amicitiam
678 3620 752 3671 curn
775 3602 930 3686 Scipione
958 3612 1100 3687 fecerat,
1132 3614 1309 3701 Carthaginis

110 3672 245 3747 bellum.
289 3675 452 3739 Hannibal
481 3687 548 3739 tres
579 3679 803 3759 exploratores
834 3686 875 3759 ad
896 3688 1059 3773 Scipionis
1081 3704 1189 3768 castra
1211 3696 1307 3767 misit't

108 3757 686 3905 tt&{tittt⁰lff⁰m⁰ii⁰ttlt⁰³
700 3779 892 3914 &immi
914 3774 1022 3917 ¹i⁵⁸i²
1051 3779 1251 3874 ·⁰⁵·¹⁰¹¹‘¹i‘¹¹¹⁰
1268 3772 1308 3843 ’τ’

107 3920 301 3992 nunciarent
325 3888 521 4001 Hannibali,
545 3949 627 4010 quae
648 3869 733 4010 sadud
747 3867 1191 4022 ,ltlssudllsnoaslridl¹s¹,dls¹1ll¹.qlw⁸
1214 3872 1309 3941 ut&

147 4035 272 4133 XXIII,
302 4040 430 4105 Interea
458 4046 624 4127 proelium
653 4049 693 4118 ab
727 4059 869 4136 utroque
897 4057 979 4120 duca
1013 4061 1217 4129 instructum
1245 4072 1306 4139 est,

106 4118 202 4199 quale
223 4140 275 4183 vsu
296 4121 362 4191 ulla
384 4129 541 4196 momoria
571 4131 656 4203 fuit,
689 4154 789 4213 quum
809 4140 999 4217 peritissimi
1020 4144 1084 4206 viri
1106 4150 1223 4231 copias
1243 4166 1307 4211 sust

104 4199 146 4269 ad
168 4198 289 4273 bellum
311 4203 497 4271 educarent.
539 4209 652 4291 Scipio
674 4217 782 4277 victor
804 4222 944 4295 recedit,
967 4246 1069 4304 paene
1091 4230 1163 4307 ipso
1187 4230 1307 4293 Hanni-

102 4278 176 4357 ¹hale
201 4291 322 4363 capto,
345 4288 401 4367 qni
422 4291 564 4368 primum
586 4313 660 4354 cum
681 4299 791 4360 multis
813 4304 988 4384 equitibus,
1011 4308 1129 4370 deinde
1150 4335 1227 4374 cum
1241 4312 1304 4385 XX'.

100 4370 268 4461 postremo
291 4385 364 4433 oum
387 4380 529 4451 quatuor
550 4375 660 4435 evasit.
703 4380 837 4442 Inventa
860 4386 893 4445 in
914 4390 1025 4450 castris
1047 4392 1242 4456 Hannibalis
1257 4416 1306 4457 ar·

100 4452 186 4517 genti
208 4446 319 4517 pondo
342 4450 403 4509 XX
424 4450 537 4527 millia,
561 4459 631 4517 auri
652 4459 779 4533 LXXX,
803 4475 910 4528 cetera
932 4471 1144 4551 supellectilis
1164 4479 1302 4551 eonion.

96 4524 178 4603 pisti
208 4524 241 4601 l‘l
269 4538 432 4608 esstsuea
459 4554 525 4629 113¹.
547 4558 623 4611 etim
643 4540 962 4629 Carthaginiensibus
981 4556 1066 4627 iacta
1088 4566 1148 4619 est.
1192 4559 1303 4645 Scipia
