<?xml version="1.0" encoding="UTF-8"?>
<!DOCTYPE html PUBLIC "-//W3C//DTD XHTML 1.0 Transitional//EN"
    "http://www.w3.org/TR/xhtml1/DTD/xhtml1-transitional.dtd">
<html xmlns="http://www.w3.org/1999/xhtml" xml:lang="en" lang="en">
 <head>
  <title>
</title>
<meta http-equiv="Content-Type" content="text/html;charset=utf-8" />
  <meta name='ocr-system' content='tesseract 3.04.00' />
  <meta name='ocr-capabilities' content='ocr_page ocr_carea ocr_par ocr_line ocrx_word'/>
</head>
<body>
  <div class='ocr_page' id='page_1' title='image "./scriptoreshisto00fiedgoog_0138.png"; bbox 0 0 2850 4958; ppageno 0'>
   <div class='ocr_carea' id='block_1_1' title="bbox 486 288 1249 395">
    <p class='ocr_par' dir='ltr' id='par_1_1' title="bbox 486 288 1249 395">
     <span class='ocr_line' id='line_1_1' title="bbox 486 288 1249 395; baseline -0.004 -14"><span class='ocrx_word' id='word_1_1' title='bbox 486 288 672 384; x_wconf 60' lang='lat' dir='ltr'><strong>lib-111·</strong></span> <span class='ocrx_word' id='word_1_2' title='bbox 691 288 868 381; x_wconf 64' lang='lat' dir='ltr'><strong>clm.</strong></span> <span class='ocrx_word' id='word_1_3' title='bbox 1179 315 1249 395; x_wconf 83' lang='lat'><strong>109</strong></span> 
     </span>
    </p>
   </div>
   <div class='ocr_carea' id='block_1_2' title="bbox 39 446 1296 933">
    <p class='ocr_par' dir='ltr' id='par_1_2' title="bbox 39 446 1296 933">
     <span class='ocr_line' id='line_1_2' title="bbox 40 446 1295 541; baseline -0.003 -23"><span class='ocrx_word' id='word_1_4' title='bbox 40 453 99 528; x_wconf 83' lang='lat' dir='ltr'><strong>ri,</strong></span> <span class='ocrx_word' id='word_1_5' title='bbox 122 460 224 528; x_wconf 88' lang='lat' dir='ltr'><strong>terra,</strong></span> <span class='ocrx_word' id='word_1_6' title='bbox 245 450 499 541; x_wconf 83' lang='lat' dir='ltr'><strong>fluminibusque</strong></span> <span class='ocrx_word' id='word_1_7' title='bbox 517 452 680 524; x_wconf 84' lang='lat' dir='ltr'><strong>veniebat.</strong></span> <span class='ocrx_word' id='word_1_8' title='bbox 717 453 871 537; x_wconf 74' lang='lat' dir='ltr'><strong>Cyzicum</strong></span> <span class='ocrx_word' id='word_1_9' title='bbox 889 446 1295 536; x_wconf 72' lang='lat' dir='ltr'><strong>nobillsctrltas,arce,15</strong></span> 
     </span>
     <span class='ocr_line' id='line_1_3' title="bbox 42 535 1257 625; baseline -0.002 -26"><span class='ocrx_word' id='word_1_10' title='bbox 42 538 240 610; x_wconf 87' lang='lat' dir='ltr'><strong>moenibus,</strong></span> <span class='ocrx_word' id='word_1_11' title='bbox 260 543 364 621; x_wconf 84' lang='lat' dir='ltr'><strong>portu</strong></span> <span class='ocrx_word' id='word_1_12' title='bbox 383 539 598 621; x_wconf 80' lang='lat' dir='ltr'><strong>turribusque</strong></span> <span class='ocrx_word' id='word_1_13' title='bbox 616 537 821 612; x_wconf 83' lang='lat' dir='ltr'><strong>marmoreis,</strong></span> <span class='ocrx_word' id='word_1_14' title='bbox 842 535 1006 606; x_wconf 77' lang='lat' dir='ltr'><strong>Asiaticae</strong></span> <span class='ocrx_word' id='word_1_15' title='bbox 1026 538 1142 625; x_wconf 79' lang='lat' dir='ltr'><strong>plagae</strong></span> <span class='ocrx_word' id='word_1_16' title='bbox 1157 537 1257 598; x_wconf 93' lang='lat' dir='ltr'><strong>litto-</strong></span> 
     </span>
     <span class='ocr_line' id='line_1_4' title="bbox 39 618 1256 704; baseline -0.002 -21"><span class='ocrx_word' id='word_1_17' title='bbox 39 640 84 683; x_wconf 84' lang='lat' dir='ltr'><strong>ra</strong></span> <span class='ocrx_word' id='word_1_18' title='bbox 107 620 260 683; x_wconf 88' lang='lat' dir='ltr'><strong>illustrat.</strong></span> <span class='ocrx_word' id='word_1_19' title='bbox 302 620 395 683; x_wconf 88' lang='lat' dir='ltr'><strong>Hauc</strong></span> <span class='ocrx_word' id='word_1_20' title='bbox 418 620 497 695; x_wconf 89' lang='lat' dir='ltr'><strong>ills,</strong></span> <span class='ocrx_word' id='word_1_21' title='bbox 528 618 621 704; x_wconf 84' lang='lat' dir='ltr'><strong>quasi</strong></span> <span class='ocrx_word' id='word_1_22' title='bbox 647 618 784 685; x_wconf 85' lang='lat' dir='ltr'><strong>alteram</strong></span> <span class='ocrx_word' id='word_1_23' title='bbox 805 620 959 698; x_wconf 80' lang='lat' dir='ltr'><strong>Romam,</strong></span> <span class='ocrx_word' id='word_1_24' title='bbox 989 630 1062 685; x_wconf 88' lang='lat' dir='ltr'><strong>toto</strong></span> <span class='ocrx_word' id='word_1_25' title='bbox 1094 624 1256 689; x_wconf 81' lang='lat' dir='ltr'><strong>invaserat</strong></span> 
     </span>
     <span class='ocr_line' id='line_1_5' title="bbox 40 700 1296 804; baseline 0.002 -39"><span class='ocrx_word' id='word_1_26' title='bbox 40 701 149 765; x_wconf 89' lang='lat' dir='ltr'><strong>bello.</strong></span> <span class='ocrx_word' id='word_1_27' title='bbox 180 702 247 765; x_wconf 87' lang='lat' dir='ltr'><strong>Sed</strong></span> <span class='ocrx_word' id='word_1_28' title='bbox 272 700 425 765; x_wconf 83' lang='lat' dir='ltr'><strong>fiduciam</strong></span> <span class='ocrx_word' id='word_1_29' title='bbox 454 703 628 804; x_wconf 74' lang='lat' dir='ltr'><strong>oppidanis</strong></span> <span class='ocrx_word' id='word_1_30' title='bbox 658 703 829 767; x_wconf 86' lang='lat' dir='ltr'><strong>resistendi</strong></span> <span class='ocrx_word' id='word_1_31' title='bbox 849 705 988 768; x_wconf 86' lang='lat' dir='ltr'><strong>nuncius</strong></span> <span class='ocrx_word' id='word_1_32' title='bbox 1008 705 1107 781; x_wconf 82' lang='lat' dir='ltr'><strong>fecit,</strong></span> <span class='ocrx_word' id='word_1_33' title='bbox 1133 701 1296 766; x_wconf 80' lang='lat' dir='ltr'><strong>docensrli</strong></span> 
     </span>
     <span class='ocr_line' id='line_1_6' title="bbox 42 784 1256 933; baseline 0 -87"><span class='ocrx_word' id='word_1_34' title='bbox 42 784 222 847; x_wconf 80' lang='lat' dir='ltr'><strong>adventare</strong></span> <span class='ocrx_word' id='word_1_35' title='bbox 243 785 436 861; x_wconf 80' lang='lat' dir='ltr'>Lucullum,</span> <span class='ocrx_word' id='word_1_36' title='bbox 458 810 515 872; x_wconf 79' lang='lat' dir='ltr'><strong>qun</strong></span> <span class='ocrx_word' id='word_1_37' title='bbox 535 786 715 870; x_wconf 78' lang='lat' dir='ltr'><strong>(horribile</strong></span> <span class='ocrx_word' id='word_1_38' title='bbox 735 786 825 850; x_wconf 90' lang='lat' dir='ltr'><strong>dictu</strong></span> <span class='ocrx_word' id='word_1_39' title='bbox 838 784 864 868; x_wconf 87' lang='lat' dir='ltr'><strong>l)</strong></span> <span class='ocrx_word' id='word_1_40' title='bbox 882 808 944 933; x_wconf 74' lang='lat' dir='ltr'><strong>per</strong></span> <span class='ocrx_word' id='word_1_41' title='bbox 966 788 1089 850; x_wconf 87' lang='lat' dir='ltr'><strong>medias</strong></span> <span class='ocrx_word' id='word_1_42' title='bbox 1109 785 1256 849; x_wconf 91' lang='lat' dir='ltr'><strong>bostium</strong></span> 
     </span>
    </p>
   </div>
   <div class='ocr_carea' id='block_1_3' title="bbox 12 868 1323 4688">
    <p class='ocr_par' dir='ltr' id='par_1_3' title="bbox 38 868 1303 2860">
     <span class='ocr_line' id='line_1_7' title="bbox 40 868 1254 956; baseline 0 -27"><span class='ocrx_word' id='word_1_43' title='bbox 40 888 143 931; x_wconf 80' lang='lat' dir='ltr'><strong>nares</strong></span> <span class='ocrx_word' id='word_1_44' title='bbox 173 878 248 932; x_wconf 90' lang='lat' dir='ltr'><strong>utre</strong></span> <span class='ocrx_word' id='word_1_45' title='bbox 272 889 462 952; x_wconf 89' lang='lat' dir='ltr'><strong>suspensus,</strong></span> <span class='ocrx_word' id='word_1_46' title='bbox 493 879 527 933; x_wconf 87' lang='lat' dir='ltr'><strong>at</strong></span> <span class='ocrx_word' id='word_1_47' title='bbox 555 869 694 955; x_wconf 89' lang='lat' dir='ltr'><strong>pedibus</strong></span> <span class='ocrx_word' id='word_1_48' title='bbox 716 868 781 932; x_wconf 89' lang='lat' dir='ltr'><strong>iter</strong></span> <span class='ocrx_word' id='word_1_49' title='bbox 801 870 885 956; x_wconf 76' lang='lat' dir='ltr'><strong>adgu</strong></span> <span class='ocrx_word' id='word_1_50' title='bbox 910 892 1047 947; x_wconf 85' lang='lat' dir='ltr'><strong>ernam,</strong></span> <span class='ocrx_word' id='word_1_51' title='bbox 1068 870 1254 933; x_wconf 79' lang='lat' dir='ltr'><strong>ridentibus</strong></span> 
     </span>
     <span class='ocr_line' id='line_1_8' title="bbox 39 950 1297 1041; baseline 0.001 -29"><span class='ocrx_word' id='word_1_52' title='bbox 39 950 165 1035; x_wconf 88' lang='lat' dir='ltr'><strong>procul</strong></span> <span class='ocrx_word' id='word_1_53' title='bbox 187 950 281 1037; x_wconf 88' lang='lat' dir='ltr'><strong>quasi</strong></span> <span class='ocrx_word' id='word_1_54' title='bbox 298 953 424 1015; x_wconf 88' lang='lat' dir='ltr'><strong>marina</strong></span> <span class='ocrx_word' id='word_1_55' title='bbox 436 953 563 1036; x_wconf 81' lang='lat' dir='ltr'><strong>pistrix</strong></span> <span class='ocrx_word' id='word_1_56' title='bbox 583 960 738 1015; x_wconf 81' lang='lat' dir='ltr'><strong>eraserat.</strong></span> <span class='ocrx_word' id='word_1_57' title='bbox 770 954 851 1015; x_wconf 85' lang='lat' dir='ltr'><strong>Mox</strong></span> <span class='ocrx_word' id='word_1_58' title='bbox 863 954 956 1019; x_wconf 91' lang='lat' dir='ltr'><strong>clade</strong></span> <span class='ocrx_word' id='word_1_59' title='bbox 969 976 1137 1030; x_wconf 87' lang='lat' dir='ltr'><strong>conversa,</strong></span> <span class='ocrx_word' id='word_1_60' title='bbox 1153 971 1297 1041; x_wconf 84' lang='lat' dir='ltr'><strong>quum17</strong></span> 
     </span>
     <span class='ocr_line' id='line_1_9' title="bbox 38 1035 1257 1121; baseline -0.002 -24"><span class='ocrx_word' id='word_1_61' title='bbox 38 1054 85 1097; x_wconf 84' lang='lat' dir='ltr'><strong>ex</strong></span> <span class='ocrx_word' id='word_1_62' title='bbox 105 1056 197 1097; x_wconf 89' lang='lat' dir='ltr'><strong>mora</strong></span> <span class='ocrx_word' id='word_1_63' title='bbox 218 1035 419 1097; x_wconf 79' lang='lat' dir='ltr'><strong>obsidentem</strong></span> <span class='ocrx_word' id='word_1_64' title='bbox 439 1058 550 1121; x_wconf 77' lang='lat' dir='ltr'><strong>regem</strong></span> <span class='ocrx_word' id='word_1_65' title='bbox 571 1038 692 1110; x_wconf 85' lang='lat' dir='ltr'><strong>fames,</strong></span> <span class='ocrx_word' id='word_1_66' title='bbox 723 1044 757 1098; x_wconf 92' lang='lat' dir='ltr'><strong>et</strong></span> <span class='ocrx_word' id='word_1_67' title='bbox 776 1057 816 1099; x_wconf 82' lang='lat' dir='ltr'><strong>ex</strong></span> <span class='ocrx_word' id='word_1_68' title='bbox 836 1039 922 1100; x_wconf 84' lang='lat' dir='ltr'><strong>fame</strong></span> <span class='ocrx_word' id='word_1_69' title='bbox 941 1037 1127 1121; x_wconf 75' lang='lat' dir='ltr'><strong>pestilentia</strong></span> <span class='ocrx_word' id='word_1_70' title='bbox 1149 1055 1257 1120; x_wconf 77' lang='lat' dir='ltr'><strong>urge-</strong></span> 
     </span>
     <span class='ocr_line' id='line_1_10' title="bbox 39 1118 1255 1204; baseline -0.002 -23"><span class='ocrx_word' id='word_1_71' title='bbox 39 1125 116 1193; x_wconf 82' lang='lat' dir='ltr'><strong>ret,</strong></span> <span class='ocrx_word' id='word_1_72' title='bbox 137 1118 342 1181; x_wconf 79' lang='lat' dir='ltr'><strong>recedentem</strong></span> <span class='ocrx_word' id='word_1_73' title='bbox 363 1118 519 1182; x_wconf 80' lang='lat' dir='ltr'><strong>Lucullus</strong></span> <span class='ocrx_word' id='word_1_74' title='bbox 541 1118 750 1201; x_wconf 86' lang='lat' dir='ltr'><strong>adsequitur,</strong></span> <span class='ocrx_word' id='word_1_75' title='bbox 773 1119 922 1204; x_wconf 76' lang='lat' dir='ltr'><strong>adeoque</strong></span> <span class='ocrx_word' id='word_1_76' title='bbox 940 1120 1081 1193; x_wconf 90' lang='lat' dir='ltr'><strong>cecidit,</strong></span> <span class='ocrx_word' id='word_1_77' title='bbox 1104 1128 1142 1182; x_wconf 93' lang='lat' dir='ltr'><strong>ut</strong></span> <span class='ocrx_word' id='word_1_78' title='bbox 1161 1121 1255 1183; x_wconf 81' lang='lat' dir='ltr'><strong>Gra-</strong></span> 
     </span>
     <span class='ocr_line' id='line_1_11' title="bbox 39 1195 1300 1283; baseline 0 -20"><span class='ocrx_word' id='word_1_79' title='bbox 39 1199 139 1264; x_wconf 85' lang='lat' dir='ltr'><strong>nicus</strong></span> <span class='ocrx_word' id='word_1_80' title='bbox 160 1211 193 1263; x_wconf 88' lang='lat' dir='ltr'><strong>et</strong></span> <span class='ocrx_word' id='word_1_81' title='bbox 212 1202 355 1283; x_wconf 77' lang='lat' dir='ltr'><strong>Aesepus</strong></span> <span class='ocrx_word' id='word_1_82' title='bbox 376 1224 484 1265; x_wconf 88' lang='lat' dir='ltr'><strong>amnes</strong></span> <span class='ocrx_word' id='word_1_83' title='bbox 506 1203 633 1266; x_wconf 89' lang='lat' dir='ltr'><strong>cruenti</strong></span> <span class='ocrx_word' id='word_1_84' title='bbox 657 1201 884 1265; x_wconf 82' lang='lat' dir='ltr'><strong>redderentur.</strong></span> <span class='ocrx_word' id='word_1_85' title='bbox 928 1202 996 1266; x_wconf 83' lang='lat' dir='ltr'><strong>Rex</strong></span> <span class='ocrx_word' id='word_1_86' title='bbox 1014 1204 1162 1279; x_wconf 87' lang='lat' dir='ltr'><strong>callidus,</strong></span> <span class='ocrx_word' id='word_1_87' title='bbox 1183 1195 1300 1264; x_wconf 77' lang='lat' dir='ltr'><strong>sao-18</strong></span> 
     </span>
     <span class='ocr_line' id='line_1_12' title="bbox 40 1284 1258 1371; baseline -0.001 -24"><span class='ocrx_word' id='word_1_88' title='bbox 40 1304 225 1368; x_wconf 80' lang='lat' dir='ltr'><strong>memeque</strong></span> <span class='ocrx_word' id='word_1_89' title='bbox 245 1284 401 1359; x_wconf 78' lang='lat' dir='ltr'><strong>avaritiae</strong></span> <span class='ocrx_word' id='word_1_90' title='bbox 419 1286 563 1369; x_wconf 88' lang='lat' dir='ltr'><strong>peritus,</strong></span> <span class='ocrx_word' id='word_1_91' title='bbox 585 1287 695 1369; x_wconf 78' lang='lat' dir='ltr'><strong>spargi</strong></span> <span class='ocrx_word' id='word_1_92' title='bbox 717 1308 735 1347; x_wconf 89' lang='lat' dir='ltr'><strong>a</strong></span> <span class='ocrx_word' id='word_1_93' title='bbox 756 1287 958 1371; x_wconf 71' lang='lat' dir='ltr'><strong>fugientibus</strong></span> <span class='ocrx_word' id='word_1_94' title='bbox 979 1286 1122 1350; x_wconf 89' lang='lat' dir='ltr'><strong>sarcinas</strong></span> <span class='ocrx_word' id='word_1_95' title='bbox 1145 1294 1178 1349; x_wconf 90' lang='lat' dir='ltr'><strong>et</strong></span> <span class='ocrx_word' id='word_1_96' title='bbox 1192 1302 1258 1369; x_wconf 83' lang='lat' dir='ltr'><strong>pe-</strong></span> 
     </span>
     <span class='ocr_line' id='line_1_13' title="bbox 41 1366 1300 1453; baseline -0.001 -24"><span class='ocrx_word' id='word_1_97' title='bbox 41 1366 178 1429; x_wconf 90' lang='lat' dir='ltr'><strong>cuniam</strong></span> <span class='ocrx_word' id='word_1_98' title='bbox 202 1368 315 1439; x_wconf 87' lang='lat' dir='ltr'><strong>iussit,</strong></span> <span class='ocrx_word' id='word_1_99' title='bbox 337 1390 401 1452; x_wconf 92' lang='lat' dir='ltr'><strong>qua</strong></span> <span class='ocrx_word' id='word_1_100' title='bbox 420 1378 589 1453; x_wconf 71' lang='lat' dir='ltr'><strong>sequentes</strong></span> <span class='ocrx_word' id='word_1_101' title='bbox 611 1376 810 1432; x_wconf 86' lang='lat' dir='ltr'><strong>moraretur.</strong></span> <span class='ocrx_word' id='word_1_102' title='bbox 852 1372 921 1434; x_wconf 81' lang='lat' dir='ltr'><strong>Nec</strong></span> <span class='ocrx_word' id='word_1_103' title='bbox 939 1369 1072 1435; x_wconf 82' lang='lat' dir='ltr'><strong>felicior</strong></span> <span class='ocrx_word' id='word_1_104' title='bbox 1095 1370 1129 1434; x_wconf 91' lang='lat' dir='ltr'><strong>in</strong></span> <span class='ocrx_word' id='word_1_105' title='bbox 1149 1367 1232 1431; x_wconf 89' lang='lat' dir='ltr'><strong>mari</strong></span> <span class='ocrx_word' id='word_1_106' title='bbox 1244 1386 1300 1452; x_wconf 83' lang='lat'><strong>,19</strong></span> 
     </span>
     <span class='ocr_line' id='line_1_14' title="bbox 42 1452 1256 1538; baseline 0.002 -28"><span class='ocrx_word' id='word_1_107' title='bbox 42 1471 147 1533; x_wconf 90' lang='lat' dir='ltr'><strong>quam</strong></span> <span class='ocrx_word' id='word_1_108' title='bbox 166 1460 254 1511; x_wconf 89' lang='lat' dir='ltr'><strong>terra</strong></span> <span class='ocrx_word' id='word_1_109' title='bbox 275 1452 369 1532; x_wconf 85' lang='lat' dir='ltr'><strong>fuga:</strong></span> <span class='ocrx_word' id='word_1_110' title='bbox 401 1453 526 1536; x_wconf 89' lang='lat' dir='ltr'><strong>quippe</strong></span> <span class='ocrx_word' id='word_1_111' title='bbox 546 1461 676 1515; x_wconf 89' lang='lat' dir='ltr'><strong>centum</strong></span> <span class='ocrx_word' id='word_1_112' title='bbox 697 1454 836 1538; x_wconf 85' lang='lat' dir='ltr'><strong>amplius</strong></span> <span class='ocrx_word' id='word_1_113' title='bbox 856 1454 988 1515; x_wconf 80' lang='lat' dir='ltr'><strong>navium</strong></span> <span class='ocrx_word' id='word_1_114' title='bbox 1007 1453 1159 1526; x_wconf 80' lang='lat' dir='ltr'><strong>classem,</strong></span> <span class='ocrx_word' id='word_1_115' title='bbox 1187 1473 1256 1534; x_wconf 87' lang='lat' dir='ltr'><strong>ap-</strong></span> 
     </span>
     <span class='ocr_line' id='line_1_15' title="bbox 40 1533 1255 1619; baseline 0.003 -27"><span class='ocrx_word' id='word_1_116' title='bbox 40 1543 262 1617; x_wconf 87' lang='lat' dir='ltr'><strong>paratumque</strong></span> <span class='ocrx_word' id='word_1_117' title='bbox 280 1533 360 1595; x_wconf 88' lang='lat' dir='ltr'><strong>belli</strong></span> <span class='ocrx_word' id='word_1_118' title='bbox 384 1554 534 1617; x_wconf 83' lang='lat' dir='ltr'><strong>gravem,</strong></span> <span class='ocrx_word' id='word_1_119' title='bbox 555 1535 590 1597; x_wconf 87' lang='lat' dir='ltr'><strong>i&#39;n</strong></span> <span class='ocrx_word' id='word_1_120' title='bbox 610 1534 750 1596; x_wconf 91' lang='lat' dir='ltr'><strong>Pontico</strong></span> <span class='ocrx_word' id='word_1_121' title='bbox 773 1536 857 1600; x_wconf 88' lang='lat' dir='ltr'><strong>mari</strong></span> <span class='ocrx_word' id='word_1_122' title='bbox 887 1535 1034 1619; x_wconf 80' lang='lat' dir='ltr'><strong>adgressa</strong></span> <span class='ocrx_word' id='word_1_123' title='bbox 1062 1542 1255 1618; x_wconf 84' lang='lat' dir='ltr'><strong>tempestas,</strong></span> 
     </span>
     <span class='ocr_line' id='line_1_16' title="bbox 42 1614 1261 1717; baseline -0.002 -40"><span class='ocrx_word' id='word_1_124' title='bbox 42 1624 115 1677; x_wconf 88' lang='lat' dir='ltr'><strong>tam</strong></span> <span class='ocrx_word' id='word_1_125' title='bbox 139 1617 236 1716; x_wconf 76' lang='lat' dir='ltr'><strong>foeda</strong></span> <span class='ocrx_word' id='word_1_126' title='bbox 255 1625 362 1699; x_wconf 83' lang='lat' dir='ltr'><strong>strage</strong></span> <span class='ocrx_word' id='word_1_127' title='bbox 381 1618 553 1692; x_wconf 77' lang='lat' dir='ltr'><strong>laceravit,</strong></span> <span class='ocrx_word' id='word_1_128' title='bbox 576 1625 612 1677; x_wconf 89' lang='lat' dir='ltr'><strong>ut</strong></span> <span class='ocrx_word' id='word_1_129' title='bbox 631 1616 760 1717; x_wconf 46' lang='lat' dir='ltr'><strong>naualis·</strong></span> <span class='ocrx_word' id='word_1_130' title='bbox 774 1618 855 1682; x_wconf 90' lang='lat' dir='ltr'><strong>belli</strong></span> <span class='ocrx_word' id='word_1_131' title='bbox 875 1618 982 1717; x_wconf 71' lang='lat' dir='ltr'><strong>instar</strong></span> <span class='ocrx_word' id='word_1_132' title='bbox 1000 1617 1160 1682; x_wconf 88' lang='lat' dir='ltr'><strong>efficeret:</strong></span> <span class='ocrx_word' id='word_1_133' title='bbox 1183 1614 1261 1698; x_wconf 89' lang='lat' dir='ltr'><strong>pla-</strong></span> 
     </span>
     <span class='ocr_line' id='line_1_17' title="bbox 41 1700 1297 1869; baseline -0.001 -28"><span class='ocrx_word' id='word_1_134' title='bbox 41 1700 390 1856; x_wconf 64' lang='lat' dir='ltr'><strong>:titttnbtttllt’</strong></span> <span class='ocrx_word' id='word_1_135' title='bbox 407 1700 1065 1869; x_wconf 69' lang='lat' dir='ltr'><strong>tttltt.⁰¹¹.t,lt⁰ttttt”tt‘lttt</strong></span> <span class='ocrx_word' id='word_1_136' title='bbox 1087 1719 1297 1845; x_wconf 65' lang='lat' dir='ltr'><strong>“tttttz..</strong></span> 
     </span>
     <span class='ocr_line' id='line_1_18' title="bbox 45 1861 1255 1951; baseline 0.001 -26"><span class='ocrx_word' id='word_1_137' title='bbox 45 1861 114 1925; x_wconf 88' lang='lat' dir='ltr'><strong>inm</strong></span> <span class='ocrx_word' id='word_1_138' title='bbox 134 1886 244 1929; x_wconf 89' lang='lat' dir='ltr'><strong>omnes</strong></span> <span class='ocrx_word' id='word_1_139' title='bbox 264 1866 454 1929; x_wconf 77' lang='lat' dir='ltr'><strong>validissimi</strong></span> <span class='ocrx_word' id='word_1_140' title='bbox 474 1867 567 1951; x_wconf 83' lang='lat' dir='ltr'><strong>regni</strong></span> <span class='ocrx_word' id='word_1_141' title='bbox 587 1866 676 1928; x_wconf 79' lang='lat' dir='ltr'><strong>vires</strong></span> <span class='ocrx_word' id='word_1_142' title='bbox 701 1876 814 1941; x_wconf 90' lang='lat' dir='ltr'><strong>erant·,</strong></span> <span class='ocrx_word' id='word_1_143' title='bbox 845 1864 902 1929; x_wconf 90' lang='lat' dir='ltr'><strong>sed</strong></span> <span class='ocrx_word' id='word_1_144' title='bbox 929 1866 1056 1929; x_wconf 90' lang='lat' dir='ltr'><strong>animus</strong></span> <span class='ocrx_word' id='word_1_145' title='bbox 1076 1866 1168 1928; x_wconf 88' lang='lat' dir='ltr'><strong>malis</strong></span> <span class='ocrx_word' id='word_1_146' title='bbox 1189 1886 1255 1926; x_wconf 88' lang='lat' dir='ltr'><strong>au-</strong></span> 
     </span>
     <span class='ocr_line' id='line_1_19' title="bbox 44 1947 1296 2034; baseline 0.002 -27"><span class='ocrx_word' id='word_1_147' title='bbox 44 1947 197 2029; x_wconf 78' lang='lat' dir='ltr'><strong>gebatur.</strong></span> <span class='ocrx_word' id='word_1_148' title='bbox 237 1951 352 2030; x_wconf 92' lang='lat' dir='ltr'><strong>Itaque</strong></span> <span class='ocrx_word' id='word_1_149' title='bbox 380 1971 557 2013; x_wconf 79' lang='lat' dir='ltr'><strong>conversus</strong></span> <span class='ocrx_word' id='word_1_150' title='bbox 587 1948 628 2011; x_wconf 89' lang='lat' dir='ltr'><strong>ad</strong></span> <span class='ocrx_word' id='word_1_151' title='bbox 658 1948 825 2032; x_wconf 88' lang='lat' dir='ltr'><strong>proximas</strong></span> <span class='ocrx_word' id='word_1_152' title='bbox 855 1957 986 2034; x_wconf 76' lang='lat' dir='ltr'><strong>gentes,</strong></span> <span class='ocrx_word' id='word_1_153' title='bbox 1019 1958 1127 2014; x_wconf 87' lang='lat' dir='ltr'><strong>totum</strong></span> <span class='ocrx_word' id='word_1_154' title='bbox 1153 1963 1296 2033; x_wconf 81' lang='lat' dir='ltr'><strong>paeneut</strong></span> 
     </span>
     <span class='ocr_line' id='line_1_20' title="bbox 46 2030 1257 2115; baseline 0.001 -26"><span class='ocrx_word' id='word_1_155' title='bbox 46 2030 221 2093; x_wconf 83' lang='lat' dir='ltr'><strong>Orientem</strong></span> <span class='ocrx_word' id='word_1_156' title='bbox 242 2052 280 2093; x_wconf 86' lang='lat' dir='ltr'><strong>ac</strong></span> <span class='ocrx_word' id='word_1_157' title='bbox 301 2032 575 2114; x_wconf 84' lang='lat' dir='ltr'><strong>septemtrionem</strong></span> <span class='ocrx_word' id='word_1_158' title='bbox 596 2033 691 2093; x_wconf 89' lang='lat' dir='ltr'><strong>ruina</strong></span> <span class='ocrx_word' id='word_1_159' title='bbox 712 2053 768 2093; x_wconf 91' lang='lat' dir='ltr'><strong>sua</strong></span> <span class='ocrx_word' id='word_1_160' title='bbox 790 2032 944 2095; x_wconf 76' lang='lat' dir='ltr'><strong>involvit·</strong></span> <span class='ocrx_word' id='word_1_161' title='bbox 982 2033 1093 2108; x_wconf 88' lang='lat' dir='ltr'><strong>lberi,</strong></span> <span class='ocrx_word' id='word_1_162' title='bbox 1126 2030 1257 2115; x_wconf 84' lang='lat' dir='ltr'><strong>Caspii,</strong></span> 
     </span>
     <span class='ocr_line' id='line_1_21' title="bbox 45 2112 1257 2200; baseline 0.001 -27"><span class='ocrx_word' id='word_1_163' title='bbox 45 2112 179 2188; x_wconf 80' lang='lat' dir='ltr'><strong>Albani,</strong></span> <span class='ocrx_word' id='word_1_164' title='bbox 202 2123 235 2176; x_wconf 88' lang='lat' dir='ltr'><strong>et</strong></span> <span class='ocrx_word' id='word_1_165' title='bbox 256 2124 413 2197; x_wconf 88' lang='lat' dir='ltr'><strong>utraeque</strong></span> <span class='ocrx_word' id='word_1_166' title='bbox 433 2115 653 2178; x_wconf 88' lang='lat' dir='ltr'><strong>sollicitantur</strong></span> <span class='ocrx_word' id='word_1_167' title='bbox 672 2113 864 2179; x_wconf 78' lang='lat' dir='ltr'><strong>Armeniae:</strong></span> <span class='ocrx_word' id='word_1_168' title='bbox 886 2135 1012 2200; x_wconf 82' lang='lat' dir='ltr'><strong>perque</strong></span> <span class='ocrx_word' id='word_1_169' title='bbox 1034 2115 1143 2178; x_wconf 87' lang='lat' dir='ltr'><strong>omnia</strong></span> <span class='ocrx_word' id='word_1_170' title='bbox 1158 2115 1257 2179; x_wconf 87' lang='lat' dir='ltr'><strong>decus</strong></span> 
     </span>
     <span class='ocr_line' id='line_1_22' title="bbox 47 2195 1300 2281; baseline 0.001 -24"><span class='ocrx_word' id='word_1_171' title='bbox 47 2204 84 2257; x_wconf 88' lang='lat' dir='ltr'><strong>et</strong></span> <span class='ocrx_word' id='word_1_172' title='bbox 102 2216 221 2258; x_wconf 89' lang='lat' dir='ltr'><strong>nomen</strong></span> <span class='ocrx_word' id='word_1_173' title='bbox 243 2206 276 2260; x_wconf 85' lang='lat' dir='ltr'><strong>et</strong></span> <span class='ocrx_word' id='word_1_174' title='bbox 295 2199 410 2262; x_wconf 90' lang='lat' dir='ltr'><strong>titulos</strong></span> <span class='ocrx_word' id='word_1_175' title='bbox 432 2199 593 2281; x_wconf 89' lang='lat' dir='ltr'><strong>Pompeio</strong></span> <span class='ocrx_word' id='word_1_176' title='bbox 616 2219 676 2259; x_wconf 91' lang='lat' dir='ltr'><strong>suo</strong></span> <span class='ocrx_word' id='word_1_177' title='bbox 697 2198 844 2260; x_wconf 80' lang='lat' dir='ltr'><strong>Fortuna</strong></span> <span class='ocrx_word' id='word_1_178' title='bbox 866 2199 1054 2280; x_wconf 86' lang='lat' dir='ltr'><strong>quaerebat.</strong></span> <span class='ocrx_word' id='word_1_179' title='bbox 1097 2198 1176 2276; x_wconf 89' lang='lat' dir='ltr'><strong>Qui,</strong></span> <span class='ocrx_word' id='word_1_180' title='bbox 1200 2195 1300 2259; x_wconf 77' lang='lat' dir='ltr'><strong>ublas</strong></span> 
     </span>
     <span class='ocr_line' id='line_1_23' title="bbox 45 2277 1260 2365; baseline 0 -25"><span class='ocrx_word' id='word_1_181' title='bbox 45 2278 142 2340; x_wconf 85' lang='lat' dir='ltr'><strong>novis</strong></span> <span class='ocrx_word' id='word_1_182' title='bbox 162 2280 306 2343; x_wconf 88' lang='lat' dir='ltr'><strong>motibus</strong></span> <span class='ocrx_word' id='word_1_183' title='bbox 327 2283 443 2345; x_wconf 88' lang='lat' dir='ltr'><strong>ardere</strong></span> <span class='ocrx_word' id='word_1_184' title='bbox 462 2280 572 2343; x_wconf 85' lang='lat' dir='ltr'><strong>Asiam</strong></span> <span class='ocrx_word' id='word_1_185' title='bbox 590 2279 692 2353; x_wconf 83' lang='lat' dir='ltr'><strong>videt,</strong></span> <span class='ocrx_word' id='word_1_186' title='bbox 714 2277 863 2365; x_wconf 89' lang='lat' dir='ltr'><strong>aliosque</strong></span> <span class='ocrx_word' id='word_1_187' title='bbox 884 2300 922 2341; x_wconf 84' lang='lat' dir='ltr'><strong>ex</strong></span> <span class='ocrx_word' id='word_1_188' title='bbox 944 2281 1017 2344; x_wconf 90' lang='lat' dir='ltr'><strong>aliis</strong></span> <span class='ocrx_word' id='word_1_189' title='bbox 1036 2281 1175 2365; x_wconf 88' lang='lat' dir='ltr'><strong>prodire</strong></span> <span class='ocrx_word' id='word_1_190' title='bbox 1195 2299 1260 2341; x_wconf 87' lang='lat' dir='ltr'><strong>re-</strong></span> 
     </span>
     <span class='ocr_line' id='line_1_24' title="bbox 45 2361 1261 2449; baseline 0.001 -27"><span class='ocrx_word' id='word_1_191' title='bbox 45 2382 125 2447; x_wconf 78' lang='lat' dir='ltr'><strong>ges,</strong></span> <span class='ocrx_word' id='word_1_192' title='bbox 146 2361 231 2425; x_wconf 93' lang='lat' dir='ltr'><strong>nibil</strong></span> <span class='ocrx_word' id='word_1_193' title='bbox 252 2364 467 2427; x_wconf 90' lang='lat' dir='ltr'><strong>cunctandum</strong></span> <span class='ocrx_word' id='word_1_194' title='bbox 488 2374 596 2437; x_wconf 89' lang='lat' dir='ltr'><strong>ratus,</strong></span> <span class='ocrx_word' id='word_1_195' title='bbox 618 2362 809 2445; x_wconf 88' lang='lat' dir='ltr'><strong>priusquam</strong></span> <span class='ocrx_word' id='word_1_196' title='bbox 830 2365 917 2425; x_wconf 90' lang='lat' dir='ltr'><strong>inter</strong></span> <span class='ocrx_word' id='word_1_197' title='bbox 937 2385 972 2426; x_wconf 88' lang='lat' dir='ltr'><strong>sc</strong></span> <span class='ocrx_word' id='word_1_198' title='bbox 992 2363 1138 2449; x_wconf 83' lang='lat' dir='ltr'><strong>gentium</strong></span> <span class='ocrx_word' id='word_1_199' title='bbox 1152 2361 1261 2424; x_wconf 87' lang='lat' dir='ltr'><strong>robo-</strong></span> 
     </span>
     <span class='ocr_line' id='line_1_25' title="bbox 44 2444 1260 2533; baseline -0.002 -26"><span class='ocrx_word' id='word_1_200' title='bbox 44 2464 86 2507; x_wconf 84' lang='lat' dir='ltr'><strong>ra</strong></span> <span class='ocrx_word' id='word_1_201' title='bbox 107 2451 258 2520; x_wconf 86' lang='lat' dir='ltr'><strong>coirent,</strong></span> <span class='ocrx_word' id='word_1_202' title='bbox 280 2449 390 2509; x_wconf 86' lang='lat' dir='ltr'><strong>statim</strong></span> <span class='ocrx_word' id='word_1_203' title='bbox 408 2457 510 2533; x_wconf 87' lang='lat' dir='ltr'><strong>ponte</strong></span> <span class='ocrx_word' id='word_1_204' title='bbox 530 2448 666 2509; x_wconf 80' lang='lat' dir='ltr'><strong>navibus</strong></span> <span class='ocrx_word' id='word_1_205' title='bbox 687 2447 792 2521; x_wconf 86' lang='lat' dir='ltr'><strong>facto,</strong></span> <span class='ocrx_word' id='word_1_206' title='bbox 815 2447 962 2509; x_wconf 86' lang='lat' dir='ltr'><strong>omnium</strong></span> <span class='ocrx_word' id='word_1_207' title='bbox 983 2456 1059 2510; x_wconf 88' lang='lat' dir='ltr'><strong>ante</strong></span> <span class='ocrx_word' id='word_1_208' title='bbox 1077 2467 1112 2509; x_wconf 89' lang='lat' dir='ltr'><strong>se</strong></span> <span class='ocrx_word' id='word_1_209' title='bbox 1132 2444 1260 2529; x_wconf 90' lang='lat' dir='ltr'><strong>primus</strong></span> 
     </span>
     <span class='ocr_line' id='line_1_26' title="bbox 46 2520 1303 2615; baseline 0.001 -27"><span class='ocrx_word' id='word_1_210' title='bbox 46 2528 167 2588; x_wconf 88' lang='lat' dir='ltr'><strong>transit</strong></span> <span class='ocrx_word' id='word_1_211' title='bbox 196 2528 407 2610; x_wconf 84' lang='lat' dir='ltr'><strong>Euphraten:</strong></span> <span class='ocrx_word' id='word_1_212' title='bbox 438 2551 615 2615; x_wconf 77' lang='lat' dir='ltr'><strong>regemque</strong></span> <span class='ocrx_word' id='word_1_213' title='bbox 640 2528 816 2612; x_wconf 83' lang='lat' dir='ltr'><strong>fugientem</strong></span> <span class='ocrx_word' id='word_1_214' title='bbox 844 2529 951 2591; x_wconf 89' lang='lat' dir='ltr'><strong>media</strong></span> <span class='ocrx_word' id='word_1_215' title='bbox 972 2540 1085 2593; x_wconf 90' lang='lat' dir='ltr'><strong>nactus</strong></span> <span class='ocrx_word' id='word_1_216' title='bbox 1105 2520 1303 2592; x_wconf 68' lang='lat' dir='ltr'><strong>dementant</strong></span> 
     </span>
     <span class='ocr_line' id='line_1_27' title="bbox 46 2609 1261 2695; baseline 0.001 -25"><span class='ocrx_word' id='word_1_217' title='bbox 46 2612 185 2693; x_wconf 90' lang='lat' dir='ltr'><strong>(quanta</strong></span> <span class='ocrx_word' id='word_1_218' title='bbox 205 2611 346 2675; x_wconf 82' lang='lat' dir='ltr'><strong>felicitas</strong></span> <span class='ocrx_word' id='word_1_219' title='bbox 365 2610 468 2693; x_wconf 83' lang='lat' dir='ltr'><strong>viril)</strong></span> <span class='ocrx_word' id='word_1_220' title='bbox 488 2633 554 2674; x_wconf 92' lang='lat' dir='ltr'><strong>uno</strong></span> <span class='ocrx_word' id='word_1_221' title='bbox 576 2611 703 2695; x_wconf 87' lang='lat' dir='ltr'><strong>praelio</strong></span> <span class='ocrx_word' id='word_1_222' title='bbox 724 2613 878 2674; x_wconf 85' lang='lat' dir='ltr'><strong>coniecit.</strong></span> <span class='ocrx_word' id='word_1_223' title='bbox 921 2610 1090 2677; x_wconf 81' lang='lat' dir='ltr'><strong>Nocturna</strong></span> <span class='ocrx_word' id='word_1_224' title='bbox 1105 2634 1142 2674; x_wconf 89' lang='lat' dir='ltr'><strong>ea</strong></span> <span class='ocrx_word' id='word_1_225' title='bbox 1156 2609 1261 2673; x_wconf 91' lang='lat' dir='ltr'><strong>dimi-</strong></span> 
     </span>
     <span class='ocr_line' id='line_1_28' title="bbox 45 2693 1262 2794; baseline 0.001 -39"><span class='ocrx_word' id='word_1_226' title='bbox 45 2693 137 2755; x_wconf 90' lang='lat' dir='ltr'><strong>catio</strong></span> <span class='ocrx_word' id='word_1_227' title='bbox 167 2693 251 2767; x_wconf 85' lang='lat' dir='ltr'><strong>fuit,</strong></span> <span class='ocrx_word' id='word_1_228' title='bbox 283 2704 318 2757; x_wconf 90' lang='lat' dir='ltr'><strong>et</strong></span> <span class='ocrx_word' id='word_1_229' title='bbox 341 2697 496 2761; x_wconf 33' lang='lat' dir='ltr'><strong>Lunafin</strong></span> <span class='ocrx_word' id='word_1_230' title='bbox 525 2694 699 2779; x_wconf 77' lang='lat' dir='ltr'><strong>partibus:</strong></span> <span class='ocrx_word' id='word_1_231' title='bbox 729 2694 852 2777; x_wconf 90' lang='lat' dir='ltr'><strong>quippe</strong></span> <span class='ocrx_word' id='word_1_232' title='bbox 872 2697 980 2779; x_wconf 89' lang='lat' dir='ltr'><strong>[quasi</strong></span> <span class='ocrx_word' id='word_1_233' title='bbox 1002 2695 1219 2759; x_wconf 88' lang='lat' dir='ltr'><strong>commilitans</strong></span> <span class='ocrx_word' id='word_1_234' title='bbox 1231 2695 1262 2794; x_wconf 72' lang='lat'><strong>,1</strong></span> 
     </span>
     <span class='ocr_line' id='line_1_29' title="bbox 44 2776 1262 2860; baseline 0.002 -25"><span class='ocrx_word' id='word_1_235' title='bbox 44 2796 153 2858; x_wconf 87' lang='lat' dir='ltr'><strong>quum</strong></span> <span class='ocrx_word' id='word_1_236' title='bbox 170 2797 188 2834; x_wconf 92' lang='lat' dir='ltr'><strong>a</strong></span> <span class='ocrx_word' id='word_1_237' title='bbox 209 2783 302 2859; x_wconf 79' lang='lat' dir='ltr'><strong>tergo</strong></span> <span class='ocrx_word' id='word_1_238' title='bbox 322 2799 357 2839; x_wconf 92' lang='lat' dir='ltr'><strong>se</strong></span> <span class='ocrx_word' id='word_1_239' title='bbox 376 2777 548 2851; x_wconf 86' lang='lat' dir='ltr'><strong>hostibus,</strong></span> <span class='ocrx_word' id='word_1_240' title='bbox 571 2799 589 2839; x_wconf 92' lang='lat' dir='ltr'><strong>a</strong></span> <span class='ocrx_word' id='word_1_241' title='bbox 609 2776 694 2839; x_wconf 83' lang='lat' dir='ltr'><strong>facie</strong></span> <span class='ocrx_word' id='word_1_242' title='bbox 713 2776 867 2838; x_wconf 81' lang='lat' dir='ltr'><strong>Romanis</strong></span> <span class='ocrx_word' id='word_1_243' title='bbox 890 2780 1104 2860; x_wconf 85' lang='lat' dir='ltr'><strong>praebuisset,</strong></span> <span class='ocrx_word' id='word_1_244' title='bbox 1125 2777 1262 2841; x_wconf 77' lang='lat' dir='ltr'><strong>Pontica</strong></span> 
     </span>
    </p>

    <p class='ocr_par' dir='ltr' id='par_1_4' title="bbox 12 2858 1323 4688">
     <span class='ocr_line' id='line_1_30' title="bbox 12 2858 1260 2945; baseline 0.003 -26"><span class='ocrx_word' id='word_1_245' title='bbox 12 2876 17 2881; x_wconf 88' lang='lat'>·</span> <span class='ocrx_word' id='word_1_246' title='bbox 44 2878 111 2943; x_wconf 88' lang='lat' dir='ltr'><strong>per</strong></span> <span class='ocrx_word' id='word_1_247' title='bbox 129 2878 277 2919; x_wconf 89' lang='lat' dir='ltr'><strong>errorem</strong></span> <span class='ocrx_word' id='word_1_248' title='bbox 298 2858 429 2945; x_wconf 77' lang='lat' dir='ltr'><strong>longius</strong></span> <span class='ocrx_word' id='word_1_249' title='bbox 450 2860 599 2923; x_wconf 86' lang='lat' dir='ltr'><strong>cadentes</strong></span> <span class='ocrx_word' id='word_1_250' title='bbox 621 2858 752 2921; x_wconf 91' lang='lat' dir='ltr'><strong>umbras</strong></span> <span class='ocrx_word' id='word_1_251' title='bbox 773 2880 865 2933; x_wconf 86' lang='lat' dir='ltr'><strong>suas,</strong></span> <span class='ocrx_word' id='word_1_252' title='bbox 894 2862 985 2943; x_wconf 85' lang='lat' dir='ltr'><strong>quasi</strong></span> <span class='ocrx_word' id='word_1_253' title='bbox 1006 2860 1152 2924; x_wconf 88' lang='lat' dir='ltr'><strong>bostium</strong></span> <span class='ocrx_word' id='word_1_254' title='bbox 1173 2881 1260 2923; x_wconf 88' lang='lat' dir='ltr'><strong>cor-</strong></span> 
     </span>
     <span class='ocr_line' id='line_1_31' title="bbox 45 2934 1304 3025; baseline 0.002 -24"><span class='ocrx_word' id='word_1_255' title='bbox 45 2962 154 3025; x_wconf 90' lang='lat' dir='ltr'><strong>pora,</strong></span> <span class='ocrx_word' id='word_1_256' title='bbox 185 2941 352 3023; x_wconf 88' lang='lat' dir='ltr'><strong>petebant.</strong></span> <span class='ocrx_word' id='word_1_257' title='bbox 399 2940 444 3004; x_wconf 86' lang='lat' dir='ltr'><strong>Et</strong></span> <span class='ocrx_word' id='word_1_258' title='bbox 471 2940 681 3005; x_wconf 82' lang='lat' dir='ltr'><strong>Mithridates</strong></span> <span class='ocrx_word' id='word_1_259' title='bbox 706 2940 838 3023; x_wconf 90' lang='lat' dir='ltr'><strong>quidem</strong></span> <span class='ocrx_word' id='word_1_260' title='bbox 868 2952 966 3004; x_wconf 90' lang='lat' dir='ltr'><strong>nocte</strong></span> <span class='ocrx_word' id='word_1_261' title='bbox 997 2942 1053 3003; x_wconf 87' lang='lat' dir='ltr'><strong>illa</strong></span> <span class='ocrx_word' id='word_1_262' title='bbox 1081 2934 1304 3014; x_wconf 66' lang='lat' dir='ltr'><strong>debellatnsssci</strong></span> 
     </span>
     <span class='ocr_line' id='line_1_32' title="bbox 47 3022 1261 3107; baseline 0.001 -22"><span class='ocrx_word' id='word_1_263' title='bbox 47 3034 113 3085; x_wconf 89' lang='lat' dir='ltr'><strong>est:</strong></span> <span class='ocrx_word' id='word_1_264' title='bbox 136 3022 223 3088; x_wconf 88' lang='lat' dir='ltr'><strong>nihil</strong></span> <span class='ocrx_word' id='word_1_265' title='bbox 243 3025 331 3087; x_wconf 85' lang='lat' dir='ltr'><strong>enim</strong></span> <span class='ocrx_word' id='word_1_266' title='bbox 377 3035 468 3088; x_wconf 90' lang='lat' dir='ltr'><strong>ostca</strong></span> <span class='ocrx_word' id='word_1_267' title='bbox 488 3022 602 3098; x_wconf 81' lang='lat' dir='ltr'><strong>valuit,</strong></span> <span class='ocrx_word' id='word_1_268' title='bbox 624 3044 820 3107; x_wconf 88' lang='lat' dir='ltr'><strong>quamquam</strong></span> <span class='ocrx_word' id='word_1_269' title='bbox 845 3024 954 3086; x_wconf 89' lang='lat' dir='ltr'><strong>omnia</strong></span> <span class='ocrx_word' id='word_1_270' title='bbox 976 3022 1145 3105; x_wconf 76' lang='lat' dir='ltr'><strong>ekpertus,</strong></span> <span class='ocrx_word' id='word_1_271' title='bbox 1158 3034 1261 3088; x_wconf 86' lang='lat' dir='ltr'><strong>&#39;more</strong></span> 
     </span>
     <span class='ocr_line' id='line_1_33' title="bbox 50 3046 1300 3208; baseline -0.004 -41"><span class='ocrx_word' id='word_1_272' title='bbox 50 3107 215 3191; x_wconf 77' lang='lat' dir='ltr'><strong>unguium,</strong></span> <span class='ocrx_word' id='word_1_273' title='bbox 238 3106 308 3190; x_wconf 92' lang='lat' dir='ltr'><strong>qui,</strong></span> <span class='ocrx_word' id='word_1_274' title='bbox 320 3046 458 3208; x_wconf 35' lang='lat' dir='ltr'><strong>‘obtrita</strong></span> <span class='ocrx_word' id='word_1_275' title='bbox 478 3106 597 3189; x_wconf 90' lang='lat' dir='ltr'><strong>capite,</strong></span> <span class='ocrx_word' id='word_1_276' title='bbox 618 3105 938 3205; x_wconf 39' lang='lat' dir='ltr'><strong>postremum-quade</strong></span> <span class='ocrx_word' id='word_1_277' title='bbox 951 3107 1127 3205; x_wconf 71' lang='lat' dir='ltr'><strong>minantur.</strong></span> <span class='ocrx_word' id='word_1_278' title='bbox 1150 3095 1300 3191; x_wconf 80' lang='lat' dir='ltr'><strong>Quip-s5</strong></span> 
     </span>
     <span class='ocr_line' id='line_1_34' title="bbox 48 3186 1278 3356; baseline -0.001 -21"><span class='ocrx_word' id='word_1_279' title='bbox 48 3190 554 3356; x_wconf 53' lang='lat' dir='ltr'><strong>titttttfftttifftttt</strong></span> <span class='ocrx_word' id='word_1_280' title='bbox 573 3186 1278 3336; x_wconf 61' lang='lat' dir='ltr'><strong>itit:’.tttltttttttittbt-</strong></span> 
     </span>
     <span class='ocr_line' id='line_1_35' title="bbox 51 3353 1262 3439; baseline -0.002 -20"><span class='ocrx_word' id='word_1_281' title='bbox 51 3356 185 3439; x_wconf 79' lang='lat' dir='ltr'><strong>iungere</strong></span> <span class='ocrx_word' id='word_1_282' title='bbox 212 3358 406 3439; x_wconf 89' lang='lat' dir='ltr'><strong>Bosporon,</strong></span> <span class='ocrx_word' id='word_1_283' title='bbox 434 3356 511 3419; x_wconf 90' lang='lat' dir='ltr'><strong>inde</strong></span> <span class='ocrx_word' id='word_1_284' title='bbox 540 3376 603 3438; x_wconf 89' lang='lat' dir='ltr'><strong>per</strong></span> <span class='ocrx_word' id='word_1_285' title='bbox 631 3353 825 3427; x_wconf 87' lang='lat' dir='ltr'><strong>Thraciam,</strong></span> <span class='ocrx_word' id='word_1_286' title='bbox 848 3353 1074 3417; x_wconf 79' lang='lat' dir='ltr'><strong>Macedoniam</strong></span> <span class='ocrx_word' id='word_1_287' title='bbox 1094 3360 1129 3416; x_wconf 89' lang='lat' dir='ltr'><strong>et</strong></span> <span class='ocrx_word' id='word_1_288' title='bbox 1150 3354 1262 3417; x_wconf 85' lang='lat' dir='ltr'><strong>Grae-</strong></span> 
     </span>
     <span class='ocr_line' id='line_1_36' title="bbox 51 3425 1302 3518; baseline 0.001 -17"><span class='ocrx_word' id='word_1_289' title='bbox 51 3439 132 3503; x_wconf 89' lang='lat' dir='ltr'><strong>ciam</strong></span> <span class='ocrx_word' id='word_1_290' title='bbox 155 3440 341 3505; x_wconf 90' lang='lat' dir='ltr'><strong>transilire:</strong></span> <span class='ocrx_word' id='word_1_291' title='bbox 363 3439 412 3503; x_wconf 91' lang='lat' dir='ltr'><strong>sic</strong></span> <span class='ocrx_word' id='word_1_292' title='bbox 432 3439 560 3501; x_wconf 89' lang='lat' dir='ltr'><strong>ltaliam</strong></span> <span class='ocrx_word' id='word_1_293' title='bbox 582 3438 816 3518; x_wconf 77' lang='lat' dir='ltr'><strong>necopinata:</strong></span> <span class='ocrx_word' id='word_1_294' title='bbox 838 3435 1003 3500; x_wconf 79' lang='lat' dir='ltr'><strong>invadere.</strong></span> <span class='ocrx_word' id='word_1_295' title='bbox 1037 3439 1180 3501; x_wconf 86' lang='lat' dir='ltr'><strong>Tantum</strong></span> <span class='ocrx_word' id='word_1_296' title='bbox 1198 3425 1302 3502; x_wconf 66' lang='grc' dir='ltr'>οο-ὓθ</span> 
     </span>
     <span class='ocr_line' id='line_1_37' title="bbox 49 3520 1262 3605; baseline 0.001 -22"><span class='ocrx_word' id='word_1_297' title='bbox 49 3522 178 3605; x_wconf 76' lang='lat' dir='ltr'><strong>gitnsit.</strong></span> <span class='ocrx_word' id='word_1_298' title='bbox 220 3522 286 3585; x_wconf 85' lang='lat' dir='ltr'><strong>Sed</strong></span> <span class='ocrx_word' id='word_1_299' title='bbox 306 3522 491 3586; x_wconf 85' lang='lat' dir='ltr'><strong>defectione</strong></span> <span class='ocrx_word' id='word_1_300' title='bbox 512 3521 635 3585; x_wconf 85' lang='lat' dir='ltr'><strong>civium</strong></span> <span class='ocrx_word' id='word_1_301' title='bbox 656 3520 901 3603; x_wconf 86' lang='lat' dir='ltr'><strong>Pharnacisque</strong></span> <span class='ocrx_word' id='word_1_302' title='bbox 917 3520 990 3584; x_wconf 53' lang='lat' dir='ltr'><strong>*filii</strong></span> <span class='ocrx_word' id='word_1_303' title='bbox 1020 3520 1143 3585; x_wconf 86' lang='lat' dir='ltr'><strong>scelere</strong></span> <span class='ocrx_word' id='word_1_304' title='bbox 1162 3543 1262 3604; x_wconf 87' lang='lat' dir='ltr'><strong>prae-</strong></span> 
     </span>
     <span class='ocr_line' id='line_1_38' title="bbox 48 3602 1303 3687; baseline -0.002 -20"><span class='ocrx_word' id='word_1_305' title='bbox 48 3611 186 3680; x_wconf 78' lang='lat' dir='ltr'><strong>ventus,</strong></span> <span class='ocrx_word' id='word_1_306' title='bbox 216 3605 301 3668; x_wconf 87' lang='lat' dir='ltr'><strong>male</strong></span> <span class='ocrx_word' id='word_1_307' title='bbox 329 3612 489 3669; x_wconf 87' lang='lat' dir='ltr'><strong>tentatum</strong></span> <span class='ocrx_word' id='word_1_308' title='bbox 514 3626 641 3667; x_wconf 80' lang='lat' dir='ltr'><strong>reneno</strong></span> <span class='ocrx_word' id='word_1_309' title='bbox 667 3604 821 3687; x_wconf 88' lang='lat' dir='ltr'><strong>spiritum</strong></span> <span class='ocrx_word' id='word_1_310' title='bbox 843 3607 935 3667; x_wconf 82' lang='lat' dir='ltr'><strong>ferro</strong></span> <span class='ocrx_word' id='word_1_311' title='bbox 958 3602 1095 3686; x_wconf 82' lang='lat' dir='ltr'><strong>expulit.</strong></span> <span class='ocrx_word' id='word_1_312' title='bbox 1138 3605 1303 3680; x_wconf 69' lang='lat' dir='ltr'><strong>Gnaeasssz</strong></span> 
     </span>
     <span class='ocr_line' id='line_1_39' title="bbox 49 3683 1261 3771; baseline -0.003 -20"><span class='ocrx_word' id='word_1_313' title='bbox 49 3688 184 3751; x_wconf 89' lang='lat' dir='ltr'><strong>interim</strong></span> <span class='ocrx_word' id='word_1_314' title='bbox 213 3691 349 3771; x_wconf 80' lang='lat' dir='ltr'><strong>Magnus</strong></span> <span class='ocrx_word' id='word_1_315' title='bbox 378 3687 512 3752; x_wconf 87' lang='lat' dir='ltr'><strong>rebellis</strong></span> <span class='ocrx_word' id='word_1_316' title='bbox 544 3687 641 3751; x_wconf 79' lang='lat' dir='ltr'><strong>Asiae</strong></span> <span class='ocrx_word' id='word_1_317' title='bbox 669 3687 825 3769; x_wconf 84' lang='lat' dir='ltr'><strong>reliquias</strong></span> <span class='ocrx_word' id='word_1_318' title='bbox 854 3706 1010 3770; x_wconf 89' lang='lat' dir='ltr'><strong>sequens,</strong></span> <span class='ocrx_word' id='word_1_319' title='bbox 1044 3704 1107 3766; x_wconf 90' lang='lat' dir='ltr'><strong>per</strong></span> <span class='ocrx_word' id='word_1_320' title='bbox 1133 3683 1261 3747; x_wconf 81' lang='lat' dir='ltr'><strong>diversa</strong></span> 
     </span>
     <span class='ocr_line' id='line_1_40' title="bbox 49 3765 1262 3857; baseline -0.006 -22"><span class='ocrx_word' id='word_1_321' title='bbox 49 3771 198 3857; x_wconf 72' lang='lat' dir='ltr'><strong>gentium</strong></span> <span class='ocrx_word' id='word_1_322' title='bbox 217 3780 448 3855; x_wconf 88' lang='lat' dir='ltr'><strong>terrarumque</strong></span> <span class='ocrx_word' id='word_1_323' title='bbox 464 3771 636 3834; x_wconf 79' lang='lat' dir='ltr'><strong>volitabat.</strong></span> <span class='ocrx_word' id='word_1_324' title='bbox 678 3771 762 3831; x_wconf 86' lang='lat' dir='ltr'><strong>Nam</strong></span> <span class='ocrx_word' id='word_1_325' title='bbox 782 3768 842 3828; x_wconf 91' lang='lat' dir='ltr'><strong>sub</strong></span> <span class='ocrx_word' id='word_1_326' title='bbox 865 3771 1037 3831; x_wconf 86' lang='lat' dir='ltr'><strong>Orientem</strong></span> <span class='ocrx_word' id='word_1_327' title='bbox 1051 3772 1179 3827; x_wconf 89' lang='lat' dir='ltr'><strong>secutus</strong></span> <span class='ocrx_word' id='word_1_328' title='bbox 1191 3765 1262 3828; x_wconf 79' lang='lat' dir='ltr'><strong>Ar-</strong></span> 
     </span>
     <span class='ocr_line' id='line_1_41' title="bbox 50 3848 1259 3949; baseline -0.005 -32"><span class='ocrx_word' id='word_1_329' title='bbox 50 3856 198 3929; x_wconf 88' lang='lat' dir='ltr'><strong>menios,</strong></span> <span class='ocrx_word' id='word_1_330' title='bbox 219 3855 323 3936; x_wconf 84' lang='lat' dir='ltr'><strong>captis</strong></span> <span class='ocrx_word' id='word_1_331' title='bbox 343 3855 378 3919; x_wconf 89' lang='lat' dir='ltr'><strong>in</strong></span> <span class='ocrx_word' id='word_1_332' title='bbox 398 3855 471 3938; x_wconf 92' lang='lat' dir='ltr'><strong>ipso</strong></span> <span class='ocrx_word' id='word_1_333' title='bbox 493 3854 601 3935; x_wconf 84' lang='lat' dir='ltr'><strong>cupite</strong></span> <span class='ocrx_word' id='word_1_334' title='bbox 620 3854 725 3937; x_wconf 82' lang='lat' dir='ltr'><strong>gentis</strong></span> <span class='ocrx_word' id='word_1_335' title='bbox 746 3851 883 3931; x_wconf 86' lang='lat' dir='ltr'><strong>satrapis</strong></span> <span class='ocrx_word' id='word_1_336' title='bbox 903 3850 1112 3929; x_wconf 66' lang='lat' dir='ltr'><strong>[Artaxatia]</strong></span> <span class='ocrx_word' id='word_1_337' title='bbox 1127 3848 1259 3949; x_wconf 90' lang='lat' dir='ltr'><strong>snppli-</strong></span> 
     </span>
     <span class='ocr_line' id='line_1_42' title="bbox 50 3926 1298 4023; baseline -0.004 -22"><span class='ocrx_word' id='word_1_338' title='bbox 50 3960 122 4001; x_wconf 87' lang='lat' dir='ltr'><strong>cem</strong></span> <span class='ocrx_word' id='word_1_339' title='bbox 142 3937 237 4000; x_wconf 91' lang='lat' dir='ltr'><strong>iussit</strong></span> <span class='ocrx_word' id='word_1_340' title='bbox 259 3958 397 4023; x_wconf 82' lang='lat' dir='ltr'><strong>regnare</strong></span> <span class='ocrx_word' id='word_1_341' title='bbox 425 3936 613 4017; x_wconf 81' lang='lat' dir='ltr'><strong>Tigranem.</strong></span> <span class='ocrx_word' id='word_1_342' title='bbox 654 3935 699 3997; x_wconf 85' lang='lat' dir='ltr'><strong>At</strong></span> <span class='ocrx_word' id='word_1_343' title='bbox 720 3933 754 3995; x_wconf 88' lang='lat' dir='ltr'><strong>iu</strong></span> <span class='ocrx_word' id='word_1_344' title='bbox 773 3932 1048 4011; x_wconf 78' lang='lat' dir='ltr'><strong>septemtrionem</strong></span> <span class='ocrx_word' id='word_1_345' title='bbox 1066 3926 1298 4014; x_wconf 76' lang='lat' dir='ltr'><strong>Scytbicumsd</strong></span> 
     </span>
     <span class='ocr_line' id='line_1_43' title="bbox 49 4014 1258 4105; baseline -0.001 -24"><span class='ocrx_word' id='word_1_346' title='bbox 49 4020 137 4093; x_wconf 86' lang='lat' dir='ltr'><strong>iter.</strong></span> <span class='ocrx_word' id='word_1_347' title='bbox 159 4030 324 4105; x_wconf 88' lang='lat' dir='ltr'><strong>tamquam</strong></span> <span class='ocrx_word' id='word_1_348' title='bbox 344 4016 623 4091; x_wconf 86' lang='lat' dir='ltr'><strong>in·meri,-stellis</strong></span> <span class='ocrx_word' id='word_1_349' title='bbox 642 4024 787 4089; x_wconf 88' lang='lat' dir='ltr'><strong>secutus,</strong></span> <span class='ocrx_word' id='word_1_350' title='bbox 811 4014 953 4078; x_wconf 85' lang='lat' dir='ltr'><strong>Colchos</strong></span> <span class='ocrx_word' id='word_1_351' title='bbox 971 4014 1108 4079; x_wconf 85' lang='lat' dir='ltr'><strong>cecidit:</strong></span> <span class='ocrx_word' id='word_1_352' title='bbox 1130 4014 1258 4099; x_wconf 79' lang='lat' dir='ltr'><strong>ignovit</strong></span> 
     </span>
     <span class='ocr_line' id='line_1_44' title="bbox 48 4096 1258 4187; baseline -0.004 -21"><span class='ocrx_word' id='word_1_353' title='bbox 48 4104 192 4169; x_wconf 83' lang='lat' dir='ltr'><strong>iberiae:</strong></span> <span class='ocrx_word' id='word_1_354' title='bbox 215 4104 365 4187; x_wconf 85' lang='lat' dir='ltr'><strong>pepercit</strong></span> <span class='ocrx_word' id='word_1_355' title='bbox 377 4102 524 4175; x_wconf 77' lang='lat' dir='ltr'><strong>Albanis,</strong></span> <span class='ocrx_word' id='word_1_356' title='bbox 539 4112 714 4185; x_wconf 78' lang='lat' dir='ltr'><strong>regemque</strong></span> <span class='ocrx_word' id='word_1_357' title='bbox 728 4099 849 4161; x_wconf 90' lang='lat' dir='ltr'><strong>borum</strong></span> <span class='ocrx_word' id='word_1_358' title='bbox 861 4098 1025 4174; x_wconf 68' lang='lat' dir='ltr'><strong>Oroesen,</strong></span> <span class='ocrx_word' id='word_1_359' title='bbox 1038 4096 1258 4179; x_wconf 83' lang='lat' dir='ltr'><strong>[Colchorum</strong></span> 
     </span>
     <span class='ocr_line' id='line_1_45' title="bbox 50 4178 1256 4269; baseline -0.007 -18"><span class='ocrx_word' id='word_1_360' title='bbox 50 4186 202 4251; x_wconf 86' lang='lat' dir='ltr'><strong>Orodem</strong></span> <span class='ocrx_word' id='word_1_361' title='bbox 214 4192 236 4269; x_wconf 93' lang='lat'><strong>,]</strong></span> <span class='ocrx_word' id='word_1_362' title='bbox 257 4187 376 4269; x_wconf 90' lang='lat' dir='ltr'><strong>positis</strong></span> <span class='ocrx_word' id='word_1_363' title='bbox 393 4186 455 4249; x_wconf 88' lang='lat' dir='ltr'><strong>sab</strong></span> <span class='ocrx_word' id='word_1_364' title='bbox 476 4186 549 4268; x_wconf 89' lang='lat' dir='ltr'><strong>ipso</strong></span> <span class='ocrx_word' id='word_1_365' title='bbox 573 4186 713 4248; x_wconf 83' lang='lat' dir='ltr'><strong>Caucaso</strong></span> <span class='ocrx_word' id='word_1_366' title='bbox 735 4182 870 4256; x_wconf 87' lang='lat' dir='ltr'><strong>castris,</strong></span> <span class='ocrx_word' id='word_1_367' title='bbox 893 4180 987 4243; x_wconf 88' lang='lat' dir='ltr'><strong>iussit</strong></span> <span class='ocrx_word' id='word_1_368' title='bbox 1008 4178 1166 4263; x_wconf 76' lang='lat' dir='ltr'><strong>inplens</strong></span> <span class='ocrx_word' id='word_1_369' title='bbox 1193 4179 1256 4242; x_wconf 84' lang='lat' dir='ltr'><strong>de-</strong></span> 
     </span>
     <span class='ocr_line' id='line_1_46' title="bbox 48 4260 1256 4353; baseline -0.007 -18"><span class='ocrx_word' id='word_1_370' title='bbox 48 4269 223 4335; x_wconf 86' lang='lat' dir='ltr'><strong>scendere:</strong></span> <span class='ocrx_word' id='word_1_371' title='bbox 259 4270 450 4344; x_wconf 79' lang='lat' dir='ltr'><strong>Arthocen,</strong></span> <span class='ocrx_word' id='word_1_372' title='bbox 477 4266 534 4353; x_wconf 93' lang='lat' dir='ltr'><strong>qui</strong></span> <span class='ocrx_word' id='word_1_373' title='bbox 555 4268 661 4332; x_wconf 84' lang='lat' dir='ltr'><strong>iberis</strong></span> <span class='ocrx_word' id='word_1_374' title='bbox 683 4266 886 4350; x_wconf 86' lang='lat' dir='ltr'><strong>imperabat,</strong></span> <span class='ocrx_word' id='word_1_375' title='bbox 911 4270 945 4325; x_wconf 89' lang='lat' dir='ltr'><strong>et</strong></span> <span class='ocrx_word' id='word_1_376' title='bbox 970 4262 1103 4327; x_wconf 84' lang='lat' dir='ltr'><strong>¹obsides</strong></span> <span class='ocrx_word' id='word_1_377' title='bbox 1131 4260 1256 4327; x_wconf 86' lang='lat' dir='ltr'><strong>liberos</strong></span> 
     </span>
     <span class='ocr_line' id='line_1_47' title="bbox 49 4344 1255 4424; baseline -0.01 -3"><span class='ocrx_word' id='word_1_378' title='bbox 49 4356 145 4421; x_wconf 89' lang='lat' dir='ltr'><strong>dare.</strong></span> <span class='ocrx_word' id='word_1_379' title='bbox 187 4353 337 4418; x_wconf 85' lang='lat' dir='ltr'><strong>Oroesen</strong></span> <span class='ocrx_word' id='word_1_380' title='bbox 366 4353 463 4417; x_wconf 89' lang='lat' dir='ltr'><strong>etiam</strong></span> <span class='ocrx_word' id='word_1_381' title='bbox 494 4359 719 4415; x_wconf 87' lang='lat' dir='ltr'><strong>remuneratus</strong></span> <span class='ocrx_word' id='word_1_382' title='bbox 751 4358 822 4424; x_wconf 85' lang='lat' dir='ltr'><strong>est,</strong></span> <span class='ocrx_word' id='word_1_383' title='bbox 849 4348 941 4411; x_wconf 84' lang='lat' dir='ltr'><strong>ultro</strong></span> <span class='ocrx_word' id='word_1_384' title='bbox 970 4345 1011 4409; x_wconf 89' lang='lat' dir='ltr'><strong>ab</strong></span> <span class='ocrx_word' id='word_1_385' title='bbox 1037 4344 1176 4407; x_wconf 78' lang='lat' dir='ltr'><strong>Albania</strong></span> <span class='ocrx_word' id='word_1_386' title='bbox 1196 4366 1255 4409; x_wconf 87' lang='lat' dir='ltr'><strong>sua</strong></span> 
     </span>
     <span class='ocr_line' id='line_1_48' title="bbox 47 4427 1299 4515; baseline -0.01 -14"><span class='ocrx_word' id='word_1_387' title='bbox 47 4434 208 4501; x_wconf 88' lang='lat' dir='ltr'><strong>lectulum</strong></span> <span class='ocrx_word' id='word_1_388' title='bbox 229 4459 361 4500; x_wconf 88' lang='lat' dir='ltr'><strong>aureum</strong></span> <span class='ocrx_word' id='word_1_389' title='bbox 383 4444 417 4500; x_wconf 80' lang='lat' dir='ltr'><strong>ct</strong></span> <span class='ocrx_word' id='word_1_390' title='bbox 436 4434 499 4498; x_wconf 85' lang='lat' dir='ltr'><strong>alia</strong></span> <span class='ocrx_word' id='word_1_391' title='bbox 521 4435 606 4498; x_wconf 91' lang='lat' dir='ltr'><strong>dona</strong></span> <span class='ocrx_word' id='word_1_392' title='bbox 627 4433 821 4494; x_wconf 86' lang='lat' dir='ltr'><strong>mittentem.</strong></span> <span class='ocrx_word' id='word_1_393' title='bbox 861 4433 1018 4495; x_wconf 83' lang='lat' dir='ltr'><strong>Necnon</strong></span> <span class='ocrx_word' id='word_1_394' title='bbox 1038 4437 1073 4490; x_wconf 85' lang='lat' dir='ltr'><strong>et</strong></span> <span class='ocrx_word' id='word_1_395' title='bbox 1090 4428 1129 4490; x_wconf 88' lang='lat' dir='ltr'><strong>iu&#39;</strong></span> <span class='ocrx_word' id='word_1_396' title='bbox 1146 4427 1299 4515; x_wconf 78' lang='lat' dir='ltr'><strong>Meri-sq</strong></span> 
     </span>
     <span class='ocr_line' id='line_1_49' title="bbox 48 4515 1323 4601; baseline -0.009 -18"><span class='ocrx_word' id='word_1_397' title='bbox 48 4522 139 4585; x_wconf 86' lang='lat' dir='ltr'><strong>diem</strong></span> <span class='ocrx_word' id='word_1_398' title='bbox 159 4540 255 4582; x_wconf 79' lang='lat' dir='ltr'><strong>verso</strong></span> <span class='ocrx_word' id='word_1_399' title='bbox 275 4519 414 4599; x_wconf 72' lang='lat' dir='ltr'><strong>agmine,</strong></span> <span class='ocrx_word' id='word_1_400' title='bbox 434 4517 595 4581; x_wconf 75' lang='lat' dir='ltr'><strong>Libanum</strong></span> <span class='ocrx_word' id='word_1_401' title='bbox 615 4515 731 4598; x_wconf 84' lang='lat' dir='ltr'><strong>Syriae</strong></span> <span class='ocrx_word' id='word_1_402' title='bbox 752 4516 1010 4601; x_wconf 84' lang='lat' dir='ltr'><strong>Damascumque</strong></span> <span class='ocrx_word' id='word_1_403' title='bbox 1028 4521 1271 4589; x_wconf 54' lang='lat' dir='ltr'><strong>transgressus,</strong></span> <span class='ocrx_word' id='word_1_404' title='bbox 1320 4578 1323 4583; x_wconf 53' lang='grc'><strong>,</strong></span> 
     </span>
     <span class='ocr_line' id='line_1_50' title="bbox 49 4594 1296 4688; baseline -0.008 -21"><span class='ocrx_word' id='word_1_405' title='bbox 49 4624 113 4688; x_wconf 87' lang='lat' dir='ltr'><strong>per</strong></span> <span class='ocrx_word' id='word_1_406' title='bbox 130 4625 265 4669; x_wconf 85' lang='lat' dir='ltr'><strong>nemora</strong></span> <span class='ocrx_word' id='word_1_407' title='bbox 287 4602 343 4670; x_wconf 88' lang='lat' dir='ltr'><strong>illa</strong></span> <span class='ocrx_word' id='word_1_408' title='bbox 364 4602 521 4678; x_wconf 85' lang='lat' dir='ltr'><strong>odorata,</strong></span> <span class='ocrx_word' id='word_1_409' title='bbox 544 4622 610 4687; x_wconf 90' lang='lat' dir='ltr'><strong>per</strong></span> <span class='ocrx_word' id='word_1_410' title='bbox 637 4598 748 4667; x_wconf 89' lang='lat' dir='ltr'><strong>tbaris</strong></span> <span class='ocrx_word' id='word_1_411' title='bbox 768 4607 805 4667; x_wconf 87' lang='lat' dir='ltr'><strong>et</strong></span> <span class='ocrx_word' id='word_1_412' title='bbox 819 4596 967 4669; x_wconf 85' lang='lat' dir='ltr'><strong>balsami</strong></span> <span class='ocrx_word' id='word_1_413' title='bbox 984 4594 1296 4673; x_wconf 48' lang='lat' dir='ltr'><strong>abraemium</strong></span> 
     </span>
    </p>
   </div>
   <div class='ocr_carea' id='block_1_4' title="bbox 0 0 1440 4958">
    <p class='ocr_par' dir='ltr' id='par_1_5' title="bbox 0 0 1440 4958">
     <span class='ocr_line' id='line_1_51' title="bbox 0 0 1440 4958; baseline 0 0"><span class='ocrx_word' id='word_1_414' title='bbox 0 0 1440 4958; x_wconf 95' lang='lat' dir='ltr'><strong> </strong></span> 
     </span>
    </p>
   </div>
  </div>
 </body>
</html>
