2850 4958
84 300 88 307 ·
184 296 259 381 244
428 274 646 407 jaaxrus
670 272 924 359 suamme-
943 216 1134 357 asaron

139 448 381 533 raQuamquam
412 444 469 509 aiii
497 444 687 549 Plotinae&
703 446 837 547 l'miaai
867 444 1013 532 coniugis
1025 491 1035 523 ,
1066 447 1184 511 farore
1216 445 1372 548 imperium

93 662 96 667 Ι
177 530 527 688 ῗὲίἑεοξὲιιιΰῶῗοηῐ,
551 551 719 615 quassari
743 538 934 597 testamento
958 529 1115 595 heredem
1131 542 1229 617 regar
1251 540 1371 598 sustitu-

602 791 829 857 CAPUT
868 792 961 856 xlv.

566 928 721 974 auarus
756 926 1013 975 caeretanus⁴

132 1048 135 1053 ¹
214 1063 323 1149 igitur
342 1060 454 1125 Aelius
475 1056 679 1135 Hadrianus,
703 1058 836 1142 eloquio
862 1067 1024 1147 togaeque
1043 1058 1161 1125 studiis
1185 1058 1371 1137 accomoda-

20 1172 23 1179 ·
135 1146 264 1221 atior,
295 1165 378 1229 paee
406 1143 640 1207 adorientem
672 1143 879 1224 composita,
917 1146 1054 1207 Romam
1086 1145 1288 1231 regreditur.
1329 1145 1372 1207 lbi

177 1229 528 1299 Graecorumsmora,
560 1245 617 1288 seu
645 1224 802 1307 Pompilii
832 1227 974 1303 Numae,
1006 1229 1246 1305 caerimonias,
1281 1228 1371 1311 leges,

97 1321 104 1351 ¹
197 1313 358 1395 ymnaria,
381 1310 599 1393 doctoresque
618 1329 734 1372 curare
762 1312 935 1391 occoepit3
961 1311 1042 1374 adeo
1067 1312 1212 1395 quidem,
1239 1321 1275 1373 ut
1293 1314 1372 1373 etiam

174 1335 289 1457 iudum
309 1395 522 1477 ingenuarum
545 1393 687 1471 artium,
709 1391 799 1474 quod
821 1392 1022 1458 Athenaeum
1046 1403 1182 1467 vocant,
1207 1397 1372 1456 constitue-

133 1477 245 1553 eren
278 1486 375 1562 atque
407 1476 500 1538 initia
535 1475 662 1538 Cereris
694 1474 914 1558 Liberaeque,
946 1498 1029 1560 quae
1058 1475 1226 1553 Eleusina,
1246 1478 1367 1550 dicitur,

20 1594 24 1609 ·
133 1561 423 1640 4Atbeniensium
443 1557 541 1621 modo
563 1558 666 1619 Roma
693 1557 889 1639 percoleret.
932 1558 1080 1632 Deinde,
1108 1561 1157 1621 uti
1180 1559 1271 1622 solet
1292 1572 1371 1622 tran·

65 1708 69 1716 ,
177 1645 288 1729 quillis
309 1645 428 1727 rebus,
451 1642 640 1717 remissior,
663 1662 718 1702 rus
739 1643 914 1724 proprium
939 1643 1046 1704 Tibur
1065 1644 1211 1716 secessit,
1235 1646 1373 1725 permisn

133 1723 258 1791 barbe
288 1728 390 1791 Lucio
424 1716 518 1788 Aelio
547 1725 690 1787 Caesarii
733 1725 824 1806 ipse,
856 1727 903 1786 uti
926 1726 1028 1787 beatis
1047 1723 1275 1809 locupletibus
1296 1748 1372 1800 mos,

175 1811 296 1895 palatia
316 1821 494 1882 exstruere,
517 1828 633 1869 curare
656 1806 778 1890 epulas,
801 1808 902 1891 signa,
925 1807 1049 1871 tabulas
1069 1810 1195 1891 pictas:
1220 1819 1373 1892 postremo

144 1928 147 1935 ν
176 1896 286 1955 omnia
317 1894 394 1956 satis
426 1891 520 1952 anxie
548 1892 762 1974 prospicere,
792 1912 874 1973 quae
903 1892 997 1954 luxus
1029 1892 1250 1976 lasciviaeque
1274 1900 1373 1954 essent.

133 1972 153 2035 6
176 1976 262 2037 Hinc
284 1977 350 2037 orti
372 1993 521 2036 rumores
541 1972 639 2047 maii,
661 1973 811 2034 iniecisse
835 1983 947 2055 stupra
967 1974 1167 2060 puberibus,
1192 1984 1293 2060 atque
1311 1977 1373 2037 An·

173 2059 259 2120 tiuoi
282 2057 465 2143 flagravisse
488 2056 614 2116 famoso
637 2055 842 2129 ministerio,
866 2078 972 2140 neque
993 2057 1055 2120 alia
1077 2056 1117 2120 de
1138 2066 1254 2120 caussa
1276 2060 1374 2121 urbem

115 2156 153 2223 '7
175 2140 340 2201 conditam
363 2141 432 2202 eius
452 2136 605 2209 nomine,
639 2146 694 2198 aut
722 2137 846 2200 locasse
868 2140 996 2220 ephebo
1019 2147 1150 2203 statuas.
1196 2144 1292 2222 Quae
1311 2144 1373 2227 qni·

173 2221 248 2284 dem
267 2220 325 2283 alii
346 2223 402 2304 pla
422 2222 540 2284 volunt
562 2219 801 2304 religiosaque:
825 2224 948 2306 quippe
971 2224 1136 2287 Hadriano
1160 2227 1317 2309 cupiente
1333 2227 1372 2286 fa-

173 2314 244 2368 tum
264 2304 461 2387 producere,
483 2325 584 2386 quum
604 2303 826 2366 voluntarium
844 2306 884 2366 ad
905 2307 1010 2369 vicem
1031 2308 1114 2391 magi
1136 2311 1374 2392 poposcissent,

163 2389 298 2451 'cunctis
321 2385 595 2461 retractantibus,
619 2386 798 2449 Antinoum
823 2389 983 2471 obiecisse
1001 2411 1036 2453 se
1052 2394 1227 2469 referunt3
1249 2392 1378 2475 hincque

130 2470 208 2537 tin
240 2494 316 2535 eum
346 2470 451 2534 officia
477 2491 576 2549 supra
607 2469 704 2532 dieta.
749 2473 817 2533 Nos
848 2493 917 2534 rem
945 2475 980 2535 in
1007 2475 1115 2537 medio
1138 2476 1377 2560 relinquemusa

171 2577 367 2640 quamquam
388 2554 423 2616 in
444 2554 579 2616 remisso
605 2553 736 2637 ingenio
762 2563 943 2634 suspectans
966 2559 1170 2620 aestimantes
1195 2561 1378 2622 societatem

130 2640 241 2725 paeri
261 2639 359 2722 longe
381 2636 551 2721 imparilis.
596 2635 732 2697 Interim
756 2637 850 2699 Aelio
875 2639 1177 2716 Caesare'mortuo,
1201 2666 1305 2728 quum
1319 2643 1378 2726 ipse

171 2723 279 2783 animo
301 2742 417 2804 parum
437 2720 578 2793 valeret,
611 2719 805 2803 idcircoque
826 2722 992 2803 despectui
1015 2723 1219 2800 haberetur,
1243 2727 1284 2787 ad
1310 2748 1379 2787 cre-

131 2803 290 2866 roandum
312 2805 478 2865 Caesarem
501 2803 614 2864 Patres
637 2815 808 2866 convocat.
852 2806 980 2882 Quibus
1003 2827 1147 2888 propere
1174 2811 1378 2872 accurrenti·

169 2888 248 2962 bus,
270 2889 358 2949 forte
379 2887 580 2948 Antoninum
604 2888 793 2968 conspexit,
816 2890 900 2949 senis
922 2890 1029 2950 soceri
1053 2899 1109 2950 aut
1132 2893 1300 2974 genitoris
1325 2916 1377 2953 an-

129 2971 241 3033 rxxios
268 2988 394 3054 gressus
424 2971 583 3031 levantem
604 2990 712 3029 mana.
758 2972 834 3049 Quo
857 2973 941 3033 mire
965 2970 1167 3047 oblectatus,
1196 2977 1380 3059 adoptatam

166 3053 293 3138 legibus
317 3055 484 3115 Caesarem
514 3053 625 3123 iubet3
649 3053 828 3137 statimque
851 3055 890 3114 ab
913 3077 951 3115 eo
973 3055 1130 3130 Senatus,
1158 3059 1215 3118 eal
1241 3059 1377 3120 ludibrio

128 3138 296 3210 triuerat,
329 3156 477 3217 magnam
503 3144 631 3219 partem
655 3138 776 3198 necari.
823 3139 936 3221 Neque
957 3137 1061 3200 multo
1085 3148 1162 3220 post
1182 3142 1276 3222 apud
1299 3143 1380 3203 Baias

167 3220 243 3282 tabe
266 3219 408 3280 interiit:
439 3238 523 3279 anno
552 3219 705 3296 imperii,
737 3221 859 3302 absque
879 3242 1008 3296 mense,
1037 3222 1194 3283 vicesimo
1220 3226 1378 3296 secundo,

128 3302 294 3364 15senecta
318 3299 488 3363 viridiore.
532 3301 575 3362 At
595 3303 709 3364 Patres
730 3325 772 3364 ne
792 3303 952 3384 principis
975 3313 1070 3366 oratu
1093 3305 1231 3389 quidem
1255 3307 1297 3368 ad
1312 3308 1379 3370 Diri

98 3459 100 3462 y
166 3385 328 3447 bonorem
359 3383 464 3446 eidem
493 3383 703 3445 deserendum
734 3385 971 3460 flectebantur‘,
1004 3398 1128 3469 tantum
1162 3390 1305 3452 amissos
1337 3389 1379 3452 sui

127 3467 293 3544 rqordinis
320 3473 374 3528 tot
403 3465 492 3529 viros
520 3467 722 3530 moerebant.
777 3467 841 3530 Se'd
869 3479 1045 3553 postquam
1070 3472 1182 3533 subito
1206 3475 1378 3556 prodiere,

131 3584 134 3591 ·
166 3571 307 3633 quorum
328 3549 464 3612 exitium
488 3548 600 3612 dolori
623 3557 713 3624 erat,
738 3552 883 3637 quique,
913 3575 989 3617 suos
1010 3554 1200 3641 complexi,
1235 3565 1376 3633 censent,

166 3633 255 3718 quod
276 3633 466 3697 abnuerant.

601 3811 828 3889 ‚CAPUT
864 3814 945 3890 XV,

631 3982 802 4026 ANTONINUS
815 3984 909 4032 'PM-
992 3988 995 3993 ’

207 4112 343 4177 Aurelio
366 4113 533 4184 Antonino
556 4120 807 4199 cognomentum
822 4115 887 4179 Pii.
923 4116 1102 4179 iluna-iere
1117 4118 1210 4181 nulla
1225 4117 1371 4187 vitiorum

119 4197 250 4261 alabes
272 4198 456 4262 {osculavit
499 4196 564 4261 Vir
583 4196 778 4262 veterrimae
807 4198 968 4275 familiae,
999 4221 1020 4261 e
1037 4200 1210 4262 Lanuvino
1233 4197 1370 4262 municio

158 4282 230 4365 pio,
252 4281 392 4347 Senator
412 4280 535 4343 Urbis:
559 4280 640 4343 adeo
664 4279 818 4363 aequalis,
841 4283 1024 4365 probisque
1040 4285 1203 4357 moribus,
1221 4286 1270 4346 uti
1286 4283 1369 4366 plane

159 4366 332 4437 docuerit,
366 4385 473 4448 neque
500 4365 567 4446 iugi
588 4376 728 4445 pace'ao
747 4363 848 4447 longo
872 4367 942 4426 otio
965 4364 1113 4428 absoluta
1137 4368 1269 4451 ingenia
1294 4385 1369 4428 cor-

93 4484 97 4494 ·
158 4449 289 4530 rumpi:
315 4470 420 4533 eoque
442 4447 572 4509 demum
593 4451 775 4510 fortunatas
802 4449 897 4510 urbes
923 4451 1007 4521 fore,
1031 4449 1057 4510 si
1079 4472 1179 4533 regna
1201 4449 1370 4531 sapientiae

111 4528 232 4602 finiat.
276 4534 429 4616 Denique
451 4530 575 4601 annis,
590 4532 708 4614 quibus
729 4529 861 4612 publico
884 4533 961 4616 egit,
986 4532 1115 4610 viginti,
1141 4533 1229 4597 idem
1250 4531 1367 4600 mansit,

94 4612 127 4687 ts
142 4615 317 4687 celebrata
340 4613 519 4707 magnifiee
538 4616 646 4698 Urbis
664 4614 937 4712 nongentesimo,
965 4617 1037 4689 nni
1056 4617 1167 4704 tom,
1190 4607 1368 4698 inunita
