2834 4950
173 263 225 369 76
559 266 602 351 t·
629 246 993 343 suusur'rsoar

608 431 683 496 CA
704 434 730 494 P
752 435 784 496 U
807 432 836 494 T
876 432 935 493 11.

524 565 564 609 ns
586 568 771 610 ascrarrona
794 542 1011 610 assrurnrcsr.

120 716 140 760 s
205 697 314 783 Igitur
331 696 437 761 Bruto
461 696 692 782 Collatinoque
713 696 851 759 ducibus
877 704 912 760 et
938 690 1149 772 auctoribus,
1177 698 1303 781 quibus
1328 696 1374 761 nl-

164 780 290 843 tionem
316 782 367 843 sui
394 782 539 843 moriens
564 791 714 843 matrona
742 780 968 853 mandaverat,
990 777 1133 860 populus
1153 781 1322 845 Romanus
1339 780 1374 843 sd

161 864 394 947 vindicandum
421 863 584 928 libertatis
615 886 654 926 ac
683 864 864 947 pudicitiae
891 863 1007 934 decus,
1041 862 1184 943 quodam
1211 867 1309 949 quasi
1328 866 1371 927 in-

160 948 284 1010 stinctu
305 944 453 1010 Deorum
474 948 657 1010 concitatus
669 993 678 1022 ,
700 966 810 1031 regem
831 955 967 1030 repente
988 944 1156 1022 destituit,
1181 948 1275 1011 bons
1296 948 1373 1011 diri·

161 1030 235 1113 pit,
257 1054 372 1117 agrum
395 1032 494 1093 Marti
517 1053 576 1093 suo
599 1039 785 1106 consecrat,
808 1029 984 1112 imperinm
1007 1028 1042 1091 in
1064 1029 1196 1093 eosdem
1215 1030 1372 1095 libertatis

163 1133 241 1175 suae
281 1115 426 1179 vindices
464 1116 640 1189 transfert,
678 1122 805 1175 mutato
839 1119 948 1175 tamen
980 1119 1013 1175 et
1043 1110 1120 1173 iure
1165 1122 1200 1176 et
1234 1115 1372 1179 nominc.

119 1213 141 1257 s
162 1197 295 1279 Quippe
325 1218 365 1260 ex
390 1206 553 1278 perpetuo
581 1219 724 1260 annuum
751 1196 897 1280 placuit,
929 1216 967 1258 ex
997 1192 1155 1279 singulari
1177 1196 1321 1281 duplex,
1340 1216 1374 1261 as

161 1288 307 1363 potestas
341 1280 521 1343 solitudine
550 1280 602 1343 rel
631 1301 725 1342 mora
756 1286 1047 1361 corrumperetur:
1070 1279 1292 1365 Consulesque
1313 1304 1372 1364 ap-

161 1362 298 1445 pellavit
326 1385 391 1447 pro
424 1364 580 1447 regibus,
611 1371 650 1424 ut
680 1362 852 1425 consulere
874 1382 909 1423 se
930 1362 1056 1423 civibus
1077 1361 1143 1423 suis
1164 1361 1292 1427 debere
1309 1385 1375 1427 ms

119 1442 343 1508 5minisscnt.
384 1446 591 1529 Tantumque
621 1445 785 1509 libertatis
812 1467 917 1507 novae
945 1444 1099 1528 gaudium
1123 1445 1323 1525 incesserat,
1343 1454 1375 1509 ut

161 1528 216 1591 rix
238 1530 354 1602 mutati
375 1538 477 1592 status
499 1530 596 1594 fidem
617 1537 768 1611 caperet:
790 1528 996 1611 alterumque
1017 1548 1056 1588 ex
1079 1526 1291 1606 Consulibus,
1306 1541 1375 1593 tum

160 1619 232 1672 tum
253 1613 296 1676 ob
328 1635 447 1675 nomen
477 1622 510 1676 et
529 1633 629 1698 genus
650 1612 798 1695 regium,
829 1611 971 1675 fascibus
991 1610 1178 1690 abrogatis,
1200 1614 1298 1676 Urbe
1318 1614 1373 1677 di-

118 1693 317 1768 4mitteret.
369 1698 486 1779 Itaque
520 1696 715 1759 substitutus
752 1694 905 1758 Valerius
943 1692 1139 1774 Poplicola,
1178 1715 1218 1757 ex
1249 1718 1372 1763 summo

159 1779 270 1840 studio
292 1781 428 1841 annixus
450 1781 559 1841 estad
581 1778 761 1863 augendam
780 1777 879 1841 liberi
899 1777 1018 1861 populi
1039 1777 1257 1842 maiestatem.
1298 1782 1375 1843 Nan

161 1868 194 1922 et
213 1863 315 1922 fasces
337 1864 367 1924 ei
388 1883 452 1943 pro
475 1863 635 1925 concione
656 1861 827 1960 submisit,
860 1868 894 1922 et
914 1861 964 1922 ius
984 1860 1231 1960 provocationis
1254 1863 1375 1927 adser-

118 2018 138 2083 s
160 1943 606 2109 :tistttitltuttt
626 1965 848 2089 ttttttt
866 1943 1374 2099 tittttatttttt‘ttt

160 2131 238 2171 suae
258 2110 350 2172 clads
371 2121 405 2171 et
423 2110 625 2192 parricidio,
652 2108 831 2171 velificatus
852 2117 911 2172 est.
955 2113 1088 2193 Quippe
1114 2130 1215 2191 quum
1245 2114 1376 2177 studere

159 2192 353 2255 revocandis
375 2194 409 2255 in
431 2194 556 2256 Urbem
578 2193 710 2276 regibus
731 2191 863 2256 liberos'
876 2214 952 2256 snos
974 2193 1208 2275 comperisset,
1233 2206 1375 2278 protra-

157 2274 208 2335 xit
233 2277 265 2337 in
287 2278 415 2350 forum,
448 2285 481 2337 et
507 2276 667 2338 concione
689 2274 795 2337 media
816 2277 917 2358 virgis
938 2277 1075 2350 cecidit,
1109 2282 1142 2338 et
1161 2280 1274 2341 securi
1293 2288 1375 2365 per'-

160 2360 281 2420 cussit:
312 2369 349 2421 ut
369 2359 467 2441 plane
489 2357 650 2440 ‘publicus
671 2381 789 2438 parens
811 2359 846 2420 iu
866 2361 977 2423 locum
997 2359 1182 2423 liberorum
1204 2360 1375 2446 adoptasse

117 2438 224 2503 bsibi
251 2442 413 2525 populum
445 2443 624 2505 rideretur.
667 2443 768 2503 Liber
800 2442 863 2503 iam
899 2442 1158 2526 hinc-populus
1186 2444 1371 2523 Romanus,

157 2527 268 2605 prima
289 2526 442 2588 adversus
465 2534 594 2587 exteros
617 2549 706 2605 arma
728 2547 791 2607 pro
814 2524 968 2588 libertate
996 2526 1182 2608 corripuit3
1213 2549 1296 2591 mox
1315 2552 1374 2614 prs

160 2609 301 2683 finibus3
325 2607 442 2671 deinde
463 2629 526 2691 pro
548 2611 671 2683 sociis:
694 2618 761 2671 tum
785 2611 875 2688 [pro]
897 2609 1003 2693 gloria
1028 2619 1061 2671 et
1086 2608 1252 2690 imperio,
1272 2611 1375 2677 laces'-

115 2691 304 2774 7sentibus
336 2690 462 2752 assidue
495 2712 728 2776 usquequaque
760 2692 925 2754 finitimis:
958 2693 1081 2776 quippe
1109 2691 1162 2753 cui
1191 2696 1297 2773 patrii
1317 2694 1375 2759 soli

158 2772 252 2852 gleba
283 2772 389 2844 nulla,
420 2773 478 2835 sed
508 2776 617 2837 statim
653 2774 774 2838 hostile
804 2776 1032 2857 pomoerium,
1064 2774 1259 2858 mediusque
1291 2780 1375 2843 inter

112 2852 136 2917 8
156 2856 287 2920 Latium
314 2864 347 2918 et
373 2857 515 2932 Tuscos,
549 2859 641 2941 qnasi
663 2858 697 2920 in
717 2858 861 2939 quodam
881 2857 972 2921 bivio
996 2858 1198 2931 collocatus,
1223 2862 1374 2927 omnibus

153 2940 264 3024 portis
285 2940 319 3001 iu
340 2939 468 3002 hostem
489 2941 693 3005 incurreret:
725 2941 832 3004 donec
853 2942 946 3023 quasi
971 2942 1124 3024 contagio
1147 2940 1294 3025 quodam
1309 2946 1373 3029 -pee

153 3023 301 3106 singulos
323 3023 405 3085 itum
429 3032 488 3098 est,
512 3033 562 3100 et,
583 3021 746 3108 proximis
766 3024 952 3113 quibusque
972 3025 1148 3110 correptis,
1169 3033 1279 3093 totam
1298 3030 1371 3095 lta·

154 3106 233 3171 liam
253 3107 314 3171 sub
336 3128 371 3171 sc
393 3106 603 3195 redegerunt.
719 3138 745 3153 ·’
839 3124 842 3129 “

602 3285 831 3351 CAPUT
870 3285 915 3348 X.

337 3512 342 3529 ἢ
378 3477 385 3488 .
425 3444 549 3491 amanis
574 3448 743 3495 transcen
768 3453 838 3495 ems
858 3452 938 3495 asca
958 3450 1104 3500 rossus.
1174 3444 1177 3451 '

114 3596 129 3641 r
195 3574 302 3637 Pulsis
323 3576 396 3658 [cx]
416 3578 510 3641 Urbe
531 3579 676 3660 regibus,
698 3580 804 3663 prima
825 3604 888 3663 pro
909 3582 1064 3648 libertate
1082 3590 1370 3677 arma'corripnit.

152 3662 235 3720 Nam
264 3659 427 3735 Porsena,
459 3683 518 3724 rex
546 3660 785 3742 Etruscorum,
817 3667 1005 3750 ingentibus
1035 3671 1142 3753 copiis
1172 3671 1310 3751 aderat,
1338 3684 1370 3737 st

111 3764 131 3805 a
152 3743 352 3824 Tarquinios
372 3767 471 3807 manu
490 3745 679 3809 reducebat.
723 3749 809 3810 Hinc
829 3759 957 3824 tamen,
981 3755 1128 3835 quamvis
1150 3763 1182 3814 et
1204 3758 1318 3834 armis,
1339 3766 1372 3821 et

150 3828 236 3887 fame
258 3835 412 3909 urgeret,
445 3839 673 3913 occupatoque
703 3832 851 3894 laniculo
875 3833 953 3915 ipsis
975 3836 1077 3899 Urbis
1097 3837 1250 3901 faucibus
1272 3842 1367 3903 incu-

150 3908 267 3978 baret,
299 3909 474 3985 sustinuit,
506 3912 650 3995 repulit:
686 3916 863 3977 novissime
901 3917 998 3979 etiarn
1029 3927 1117 3979 tanta
1151 3920 1368 3987 admiratione

150 3988 314 4069 perculit,
342 4000 379 4052 ut
406 3996 562 4074 superior
588 3997 677 4060 ultro
706 4020 780 4060 cum
801 4019 906 4081 paene
927 3999 1023 4063 uictis
1046 4002 1211 4065 amicitiae
1231 4006 1369 4069 foedera

107 4069 129 4131 ὅ
149 4070 278 4133 feriret.
323 4074 417 4139 Tunc
444 4076 501 4141 illa
527 4079 672 4143 Romana
692 4079 847 4164 prodigia
869 4089 966 4164 atque
986 4083 1162 4159 miracula,
1184 4087 1345 4153 Horatius
1357 4134 1368 4165 ,

149 4155 299 4228 Mucius,
332 4156 478 4222 Cloelia:
510 4186 594 4247 quae
613 4162 687 4223 'nisi
710 4166 743 4225 in
764 4162 934 4226 annalibus
954 4168 1088 4247 forent,
1114 4167 1218 4233 hodie
1236 4172 1368 4235 fabulas

107 4236 351 4312 driderentur.
395 4244 528 4326 Quippe
555 4247 712 4308 Horatius
734 4244 870 4320 Cocles,
891 4256 1066 4333 postquam
1086 4249 1198 4313 hostes
1220 4254 1367 4341 undiquc

149 4321 304 4383 instantes
330 4322 420 4387 solus
448 4328 643 4392 submovere
664 4351 729 4391 non
751 4336 894 4409 poterat,
916 4341 1019 4413 ponte
1041 4334 1163 4396 recisso
1185 4343 1365 4401 mansnatat

106 4395 320 4499 5Tiberim,
340 4426 400 4467 nec
421 4431 512 4471 arma
533 4408 682 4472 dimittit.
724 4410 852 4471 Mucius
873 4410 1029 4477 Scaevola
1061 4437 1172 4501 regem
1193 4440 1257 4500 per
1278 4422 1364 4485 insi-

148 4484 218 4545 dias
240 4489 411 4551 incastris
433 4491 535 4575 ipsius
557 4492 767 4571 adgreditur:
794 4493 850 4557 scd
873 4496 928 4556 uhi
950 4499 1109 4561 frustrato
1132 4500 1221 4563 circa
1241 4526 1365 4589 purpu-

149 4577 258 4631 ratum
280 4568 349 4634 cius
370 4572 439 4635 ictu
462 4582 610 4650 tenetur,
636 4574 825 4640 ardentibus
846 4579 929 4642 locis
951 4582 1060 4646 iniicit
1081 4605 1230 4663 manum,
1252 4596 1363 4655 terroe
