2850 4958
1236 122 1383 204 suar¹

63 260 287 351 expedimni,
313 261 539 349 inquit,*(lilr.
566 262 607 338 X,
629 283 657 333 e.
688 261 750 345 1-6.)
771 285 832 349 ego
852 283 977 351 quoque
994 263 1142 345 interfui.
1163 267 1308 335 -lullano

67 346 248 411 interfecto
275 346 378 409 redux
406 350 510 410 factus
538 348 597 409 suh
628 350 713 430 Imp.
746 347 888 412 Valente
915 349 1040 411 floruit.
1082 350 1164 413 Post
1185 352 1310 419 bellum

67 429 247 513 Gothicum
270 431 434 515 primum,
457 453 475 491 a
499 431 636 492 Valente
658 440 774 501 contra
793 432 1030 495 Athanaricum
1050 455 1080 494 a.
1102 433 1163 521 869
1178 459 1212 518 p.
1230 435 1310 500 Chr.

64 536 100 576 n.
123 521 271 598 gestum,
293 515 380 598 quod
403 515 436 574 in
459 513 522 576 fine
545 515 655 613 operis
675 514 725 575 sui
747 515 886 613 innuere
906 515 1055 615 videtum
1080 518 1169 579 circa
1188 542 1310 582 annum

57 596 143 743 itt
162 598 1105 755 titis.itit*tt.‘i¹.2'¹¹f.⁰t.t⁵⁶3..ttittt'tlt.
1135 601 1309 749 iiiiii}

60 765 259 828 Marcellino
283 765 404 840 XXIX,
430 789 457 827 1.
481 766 538 827 alii
561 787 635 826 eum
659 765 896 828 Proconsulem
918 766 1031 840 Asiae,
1053 774 1150 850 quem
1171 768 1309 831 Libani-

61 869 104 911 us
129 847 286 933 Sophiste
317 857 573 922 commemorat,
604 849 660 911 alii
690 848 896 913 Praefectum
920 849 1095 921 Praetorio
1121 873 1205 914 anno
1230 852 1305 916 581.

60 954 99 1016 p.
127 933 205 995 Chr.
233 954 267 993 n.
295 934 343 995 uti
367 954 385 996 e
413 931 534 995 Codice
564 931 798 995 Theodosiano
827 933 1009 1018 colligitur.
1052 933 1117 996 Sed
1142 936 1269 1017 pariter
1288 959 1308 999 a

59 1036 144 1079 vero
169 1016 344 1090 aberrant,
370 1017 427 1100 qui
446 1017 646 1098 Eutropium
668 1025 818 1080 nostrum
842 1016 1017 1103 Augustini
1037 1015 1233 1100 discipulum
1253 1021 1308 1082 fa-

58 1100 177 1176 ciant,
207 1098 461 1185 quodpropter
485 1100 658 1184 utriusque
685 1122 899 1163 aevumesse
930 1123 997 1163 non
1026 1103 1149 1185 potuit.
1192 1105 1308 1186 Neque

61 1182 190 1266 Christi
223 1181 342 1246 assecla
371 1185 472 1246 fuisse
504 1184 661 1258 videtur„
685 1183 775 1268 quod
804 1184 953 1247 nonnulli
978 1205 1018 1247 ex
1039 1185 1107 1248 eius
1135 1186 1243 1248 verbis
1264 1191 1307 1253 do

59 1266 194 1331 Iuliano
218 1267 275 1344 (X,
299 1266 365 1346 16.)
386 1267 581 1329 coniiciunt.
624 1268 717 1330 Iussu
746 1266 890 1329 Valentis
911 1269 997 1349 lmp.
1022 1267 1223 1330 breviarium
1249 1269 1308 1331 hi-

60 1351 186 1413 storiae
211 1351 376 1412 Romanae
405 1351 440 1412 in
464 1349 570 1413 libros
597 1352 628 1412 X
656 1351 856 1435 descriptum
882 1350 1045 1424 confecit,
1073 1353 1108 1414 in
1132 1374 1198 1436 quo
1227 1351 1307 1417 inde
1335 1384 1338 1391 ¹

59 1432 723 1600 ᾗέὦῖῗέἕὲῗέἶξὲζῖἒῗ..385ῗὲ8
743 1434 1073 1580 ttttttttittlm
1094 1435 1307 1581 littttf

59 1600 169 1664 hendo
202 1601 342 1662 historia
377 1601 516 1660 maxime
546 1610 674 1662 secutus
708 1610 756 1661 est
788 1602 927 1662 Fabium
957 1600 1145 1677 Pictorem,
1179 1601 1307 1665 Livium

60 1683 260 1766 (ἐπιτέμνων
279 1681 395 1765 Λίβων
422 1681 485 1746 τὸν
507 1682 681 1767 Ῥωμᾶιον.
702 1685 879 1763 Saldae),
909 1682 1117 1758 Sallustium,
1143 1678 1307 1747 Suetoniss

62 1773 141 1843 um,
172 1766 341 1829 Historiae
366 1763 533 1850 Augustae
558 1769 754 1850 scriptores,
786 1767 884 1840 alios,
916 1788 999 1851 quos
1022 1768 1216 1830 nominatim
1240 1790 1308 1829 non

63 1859 321 1924 commemorat,
347 1851 543 1932 quibuscum
572 1860 679 1913 tamen
707 1859 860 1913 accurate
882 1850 1065 1924 consentit,
1091 1850 1136 1912 ita
1165 1861 1202 1913 ut
1232 1861 1308 1914 aute

66 1932 179 1997 oculos
203 1933 356 1995 habuisse
380 1954 436 1997 eos
458 1943 626 2016 appareat.
671 1933 790 1996 Oratio
818 1936 887 1996 eius
913 1944 962 1997 est
981 1935 1109 2010 tenuis,
1134 1941 1247 2017 aperta
1275 1943 1308 1995 et

66 2017 259 2100 perspicua,
289 2016 378 2079 vitiis
403 2020 517 2079 aetatis
542 2038 618 2079 suae
641 2017 904 2080 adhaerentibus.
948 2016 1172 2080 Nihilominus
1198 2027 1308 2079 tamen

63 2101 220 2184 Eutropii
239 2099 369 2162 libellus
391 2101 426 2162 in
446 2122 563 2184 magno
580 2122 709 2179 semper
729 2103 862 2163 honore
878 2101 1009 2164 habitus
1030 2109 1079 2162 est
1092 2098 1308 2185 diligentique

62 2185 208 2257 lectione
233 2194 400 2254 versatus,
429 2186 515 2245 etin
541 2185 915 2269 imitationemquoque
938 2193 1090 2256 vocatus,
1116 2193 1153 2244 ut
1171 2207 1189 2245 a
1206 2184 1306 2246 Sexto

12 2282 15 2287 '
60 2270 169 2342 Rufo,
200 2268 343 2342 Oresio,
361 2267 613 2352 ¹Chronicorum
634 2267 865 2349 scriptoribus,
891 2277 1028 2331 auctore
1049 2266 1218 2330 Historiae
1239 2267 1309 2328 Mi-

62 2351 194 2417 scellae.
244 2354 402 2414 Graecam
435 2349 619 2413 versionem
646 2351 803 2415 habemus
827 2373 845 2413 a
870 2357 1017 2414 Paeonio
1051 2349 1215 2433 quodam,
1249 2352 1308 2432 qui

12 2482 15 2489 -
62 2459 132 2500 nou
153 2436 257 2498 multo
279 2443 357 2518 post
376 2435 573 2518 Eutropium
594 2435 712 2498 vixisse
734 2434 881 2509 videtur,
907 2436 1108 2507 confectam,
1132 2451 1231 2516 quam
1250 2433 1307 2495 alii

63 2521 214 2585 referunt
232 2519 274 2580 ad
296 2519 487 2600 Capitonem
506 2518 657 2593 Lucium,
682 2520 760 2604 qui,
781 2518 881 2581 Snida
899 2526 998 2591 teste,
1020 2526 1169 2581 nostrum
1184 2518 1328 2603 Graece·

12 2606 14 2611 ’
64 2602 241 2667 convertit.
285 2605 374 2665 Duas
402 2601 484 2663 olim
510 2603 670 2663 exstitisse
694 2602 862 2666 versiones
887 2602 1046 2677 Graecas,
1075 2622 1148 2662 ase
1169 2601 1309 2664 invicem

11 2762 13 2767 Ι
63 2685 206 2749 maxime
237 2684 478 2765 discrepantes,
511 2685 732 2747 Taschuclaius
761 2684 1009 2747 demonstravit.
1053 2683 1191 2748 Praeter
1220 2685 1307 2747 hre-

62 2767 207 2833 tiarium
226 2765 324 2829 etiam
347 2764 430 2828 alios
452 2765 558 2827 libros
578 2768 720 2846 scripsit,
736 2767 836 2829 Suida
852 2777 999 2841 auctore,
1022 2766 1079 2850 qni
1100 2777 1208 2830 tamen
1228 2769 1309 2829 fue-

11 2864 14 2873 '
63 2854 152 2923 rint,
175 2851 358 2934 ignoratur.
401 2846 454 2909 An
475 2849 577 2911 maius
599 2848 682 2911 illud
703 2870 807 2931 opus,
840 2850 932 2912 cuius
963 2872 1053 2931 spem
1083 2849 1118 2912 in
1139 2849 1202 2910 fine
1222 2850 1311 2911 bre·

10 2958 13 2963 ·
64 2934 164 3000 viarii
191 2940 321 3004 movet,
352 2932 552 3014 perfecerit,
583 2953 651 2992 non
674 2940 813 2995 constat.
855 2935 905 2992 De
927 2931 1228 3012 Constantinopolis
1250 2933 1309 2993 in-

10 3018 13 3091 ?
62 3015 489 3096 stauratione'Eutropium
507 3015 693 3096 scripsisse,
714 3014 926 3095 Anonymus,
947 3015 1004 3098 qui
1021 3009 1124 3093 supra
1144 3012 1308 3090 laudatur,

10 3136 13 3153 ι
65 3102 180 3166 tradit.
221 3100 286 3172 Sed
316 3098 357 3162 de
378 3100 446 3174 his,
480 3122 581 3184 quum
607 3119 643 3159 ea
665 3098 826 3182 temporis
845 3097 974 3161 iniuria
1002 3098 1186 3183 perierint,
1222 3098 1308 3162 nihil

65 3185 151 3251 certi
181 3184 295 3247 afferri
315 3190 434 3266 potest.

107 3267 221 3331 Editio
242 3267 397 3351 princeps
425 3265 581 3347 Eutropii
612 3263 741 3344 prodiit
762 3271 911 3338 Romae,
949 3268 989 3327 G.
1016 3267 1148 3341 Lauer,
1179 3263 1235 3329 die
1256 3285 1308 3329 ao.

67 3352 150 3417 Maii
175 3359 266 3437 1471.
289 3351 324 3412 in
344 3351 376 3429 4.
397 3352 474 3411 mai.
518 3349 646 3412 Deinde
666 3347 828 3428 plurimae
848 3355 925 3411 sunt
946 3356 1095 3423 secutae,
1123 3351 1210 3412 inter
1230 3370 1310 3433 quas

69 3436 230 3499 eminent:
261 3437 342 3495 Ant.
372 3429 578 3506 schoahouii,
609 3432 753 3494 Besileae
782 3428 873 3508 1546.
891 3430 927 3495 »8.
950 3431 1001 3492 ΕΙ.
1026 3437 1147 3506 Vineti,
1170 3432 1311 3494 Pictavii

73 3516 167 3580 1553.
189 3516 221 3580 8.
245 3522 344 3579 Henr.
373 3518 547 3588 Glareani,
576 3517 603 3579 F
605 3517 731 3599 riburgi
757 3511 849 3592 1554.
872 3513 908 3579 8.
933 3514 1097 3595 Srlburgii
1117 3514 1152 3577 in
1172 3516 1309 3596 Seriptt.

66 3600 152 3681 hist.
174 3602 271 3664 Tom.
303 3597 383 3661 min.
415 3597 686 3663 Francof.1588.
716 3600 757 3660 T.
779 3597 843 3658 lll.
865 3621 900 3682 p.
921 3594 997 3684 559.
1016 3595 1116 3661 Paul.
1145 3600 1310 3671 Merulae,

30 3674 35 3687 ¹
66 3684 173 3773 Lngd.
195 3687 267 3748 But.
292 3673 339 3763 ¹15⁸
354 3703 383 3745 a.
409 3682 526 3747 Cdrr‘st.
554 3683 703 3756 Cellurii,
727 3703 805 3755 cum
819 3679 953 3745 Paeonii
982 3679 1183 3759 metaphrasi
1205 3681 1312 3741 Grae-

69 3793 130 3845 ca,
153 3768 248 3833 Cinae
271 3704 364 3856 1678·
384 3764 416 3829 8.
438 3765 500 3829 Ed.
522 3768 558 3829 in
579 3788 671 3829 usum
691 3761 845 3844 Delphini
850 3810 859 3838 ,
879 3764 1017 3829 Parisiis
1039 3761 1131 3829 1683.
1153 3764 1186 3842 4.
1206 3763 1313 3847 Sigeb.

71 3854 299 3934 Bauer-campi,
321 3841 427 3930 Lugd.
459 3853 530 3913 Bat.
565 3871 656 3936 1729.
675 3849 706 3913 8.
728 3852 778 3910 Io.
793 3850 851 3910 Fr.
873 3852 1023 3924 Grunerr‘,
1047 3847 1195 3931 Cohurgi
1219 3843 1312 3928 1752.

73 3936 103 4000 8.
126 3945 229 4000 Henr.
255 3933 447 4020 Verdeykii,
468 3931 573 4018 Lugd.
595 3935 666 3994 Bat.
691 3929 783 4019 1762.
802 3932 981 4012 Repentina
1004 3931 1095 4020 1789.
1116 3930 1149 3997 8.
1172 3934 1207 3996 in
1226 3931 1312 3994 Hist.

70 4020 169 4085 Rom.
201 4020 332 4102 scriptt.
360 4019 558 4081 minoribus.
594 4019 629 4080 C.
655 4020 697 4083 H.
734 4010 923 4077 Tzscduekr‘i
952 4012 1005 4079 ed.
1034 4015 1153 4079 maior.
1183 4013 1314 4096 Lipsiae
1398 4074 1403 4085 Χ

71 4102 168 4192 1798.
200 4102 232 4166 8.
263 4101 315 4165 ed.
338 4102 470 4177 minor,
488 4099 619 4183 Lipsiae
643 4097 735 4176 1804.
758 4096 897 4177 Godrffr.
920 4098 1078 4175 Semodii,
1101 4099 1315 4163 Hannorerae

72 4190 169 4275 1817.
190 4183 368 4260 lter-iobii,
393 4183 637 4248 Vindobonnae
665 4181 755 4244 1821.
785 4179 816 4243 8.
843 4183 986 4245 Paeonii
1007 4186 1185 4261 versionem
1208 4202 1226 4244 e
1249 4200 1315 4242 co-

69 4271 149 4337 dice
169 4269 352 4354 ἁπογράφῳ
381 4270 508 4349 primus
530 4266 635 4331 edidit
656 4265 842 4347 Suldurgr‘us
861 4265 895 4333 in
913 4260 1053 4350 Seriptt.
1075 4286 1175 4346 supra
1194 4261 1316 4326 lauda-

71 4358 127 4420 tis.
170 4355 253 4417 Post
281 4355 423 4435 repetita
455 4362 505 4416 est
529 4344 750 4437 a'Scdmr'dr‘o,
783 4346 993 4431 Lauenhurgi
1025 4345 1117 4436 1736.
1146 4343 1317 4413 Brunsvici

75 4437 168 4527 1768.
199 4437 231 4502 8.
262 4460 285 4499 a
313 4441 574 4512 Kattwassaro,
592 4433 722 4511 Cothae
755 4430 846 4519 1780.
878 4427 919 4499 8.,
940 4428 1179 4520 Antiquissima
1207 4426 1314 4502 acreio
