2850 4958
466 252 881 364 atsnaouutt‘m.
1210 266 1283 351 aas

69 439 184 501 ratur:
223 429 467 514 Quare'lratus
498 433 739 517 Cappadociam
768 435 877 498 statim
905 435 1098 521 occupavit,
1126 441 1221 503 etex
1242 455 1280 501 sa

69 516 353 588 Ariobarzanem,
374 534 484 598 rogem
505 524 539 577 et
559 518 699 591 amicum
717 518 834 602 populi
853 519 991 582 Romani
1002 567 1015 596 ,
1032 518 1167 606 fugavit.
1202 519 1283 583 Mox

69 600 172 665 stiam
195 598 380 679 Bithyniam
401 599 518 659 invasit
539 608 572 659 et
596 600 873 686 Paphlagoniam,
894 601 997 685 pulsis
1019 622 1057 667 ex
1079 624 1116 666 ea
1135 602 1280 684 regibus,

69 683 190 747 amicis
209 679 327 762 populi
348 681 507 756 Romani,
529 682 723 765 Pylaemene
744 693 777 746 et
796 685 985 749 Nicomede.
1018 685 1099 748 Inde
1117 685 1284 785 Ephesum

69 765 275 843 contendit,
301 772 334 824 et
360 784 422 846 per
451 786 580 825 omnem
611 767 720 829 Asiam
740 767 866 829 litteras
887 768 994 843 misit,
1017 779 1076 845 ut,
1096 768 1283 852 ubicunque

69 848 199 913 inventi
222 855 328 909 esseut
348 849 435 908 cives
456 847 612 923 Romani,
635 872 700 911 uno
722 849 776 912 die
797 850 1039 915 occiderentur.

121 933 179 992 Vl.
220 932 350 991 Interea
380 933 477 991 etia'm
510 931 676 1007 Athenae,
712 933 825 994 civitas
853 933 1017 1011 Achaiae,
1053 935 1093 997 ab
1129 934 1283 998 Aristone

69 1010 269 1076 Atheniensi
298 1012 483 1074 Mithridati
511 1013 631 1075 tradita
650 1022 720 1083 ¹est.
763 1016 898 1078 Miserat
917 1019 1003 1078 enim
1025 1017 1089 1079 iam
1110 1018 1151 1080 ad
1171 1017 1283 1079 Acha-

69 1094 144 1161 iam
165 1095 373 1159 Mithridates
395 1095 612 1170 Archelaum,
641 1097 756 1158 ducem
779 1119 895 1174 suum,
927 1121 1000 1162 cum
1021 1110 1149 1163 centum
1170 1109 1203 1163 et
1223 1099 1282 1162 vi-

104 1180 161 1243 inti
192 1179 337 1254 millibus
368 1181 515 1262 equitum
546 1202 583 1241 ac
613 1180 778 1262 peditum:
810 1204 872 1265 per
901 1202 998 1266 quem
1027 1184 1124 1245 etiam
1153 1183 1282 1266 reliqua

69 1198 219 1329 {suecia
249 1271 419 1344 occupata·
439 1272 499 1323 csta
535 1260 628 1324 'Sulla
659 1262 854 1326 Archelaum
884 1265 971 1349 apud
1000 1264 1189 1341 Piraeeum,
1215 1286 1284 1327 non

69 1340 177 1431 longe
199 1346 239 1407 ab
261 1343 415 1419 Athenis,
438 1344 587 1419 obsedit,
610 1345 777 1429 ipsamque
797 1348 912 1410 urbem
933 1348 1042 1430 cepit:
1062 1358 1175 1432 postea
1197 1369 1286 1409 com·

69 1432 179 1493 misso
210 1427 340 1512 proelio
372 1437 487 1491 contra
515 1428 731 1502 Archelaum,
764 1429 809 1490 ita
841 1452 915 1492 eum
944 1431 1044 1505 vicit,
1074 1441 1112 1492 ut
1138 1451 1177 1494 ex
1198 1430 1295 1511 CXX¹

69 1513 226 1577 millibus
256 1512 309 1571 vix
344 1508 455 1571 decem
485 1511 647 1573 Archelao
677 1521 901 1592 superessent,
933 1534 972 1575 ex
1000 1514 1109 1575 Sullae
1140 1513 1286 1574 exercitu

69 1590 162 1657 XVI
190 1603 313 1656 tantum
341 1592 490 1654 homines
522 1593 794 1656 interficerentur.
844 1596 914 1657 Hac
941 1618 1049 1679 pugna
1079 1595 1285 1658 Mithridates

69 1679 235 1762 cognita,
267 1677 355 1736 Lxx
384 1676 486 1737 millia
506 1677 680 1738 lectissima
702 1697 740 1736 ex
761 1675 837 1737 Asia
858 1678 1019 1739 Archelao
1040 1680 1147 1751 misit,
1171 1687 1286 1740 contra

69 1780 181 1847 quem
201 1754 289 1822 Sulla¹
313 1760 432 1819 iterum
454 1761 628 1821 commisit.
668 1758 782 1821 Primo
803 1760 934 1840 proelio
955 1761 1070 1843 viginti
1092 1761 1192 1823 millia
1213 1760 1286 1822 ho·

69 1847 182 1907 {tium
213 1844 383 1905 interfecta
414 1850 509 1914 sunt,
544 1842 693 1922 filiusque
722 1841 893 1919 Archelai,
927 1844 1106 1924 Diogenes:
1143 1843 1285 1904 secundo

69 1948 196 1993 omnes
217 1924 417 1987 Mithridatis
439 1926 555 2005 copiae
575 1926 751 1986 exstinctae
771 1934 854 1991 sant.
895 1923 1071 1988 Archelaus
1091 1926 1160 2009 ipse
1174 1925 1285 1987 triduo

69 2011 190 2075 nudus
213 2012 245 2071 in
264 2006 438 2091 paludibus
459 2007 567 2070 latuit.
611 2009 680 2069 Hac
700 2026 738 2069 re
758 2007 879 2084 audita,
902 2008 1106 2071 Mithridates
1121 2030 1195 2071 cum
1208 2008 1287 2072 Sul·-

69 2086 118 2157 Ιι
138 2093 179 2153 de
199 2112 279 2174 pace
302 2111 397 2169 agere
418 2092 550 2173 coepit.'

128 2177 206 2236 Vll.
238 2177 372 2236 lntcrim
404 2194 442 2234 eo
465 2183 615 2256 tempore
641 2173 731 2237 Sulla
751 2176 849 2239 etiam
866 2175 1054 2251 Dardanos,
1075 2176 1285 2253 Scordiscos,

69 2256 270 2330 Dalmatas,
293 2279 330 2319 ac
352 2255 483 2317 Maedos
503 2259 624 2338 partim
644 2259 852 2339 sicittalios
874 2261 908 2320 in
928 2259 1023 2320 fidem
1045 2264 1181 2343 accepit.
1223 2262 1289 2324 Sed

69 2364 187 2429 quum
207 2341 306 2425 legati
327 2363 345 2399 a
368 2359 445 2421 rege
466 2340 680 2416 Mithridate,
702 2342 757 2425 qui
778 2362 890 2424 pacem
912 2342 1085 2422 petebant,
1106 2346 1288 2418 venissent,

69 2440 155 2487 laon
186 2423 282 2485 aliter
312 2443 359 2483 so·
377 2421 529 2483 daturum
560 2422 648 2483 Sulla
671 2444 738 2486 esse
759 2424 950 2505 respondit,
979 2424 1042 2484 nisi
1064 2447 1144 2500 rex,
1166 2427 1291 2488 relictis

69 2500 162 2580 lis,
184 2528 267 2590 quae
290 2515 523 2585 occupaverat,
556 2505 596 2566 ad
620 2528 755 2589 regnum
778 2526 871 2568 suum
892 2506 1052 2569 rediisset.
1094 2509 1211 2571 Postea
1232 2518 1292 2569 ta-

69 2606 162 2654 nnen
184 2590 224 2649 ad
246 2587 449 2669 colloquium
470 2589 565 2648 ambo
586 2598 762 2662 venerunt,
785 2611 848 2672 pax
870 2591 956 2652 inter
977 2611 1032 2651 eos
1055 2591 1202 2653 ordinata
1224 2601 1289 2666 est,

69 2684 127 2737 *ut
148 2670 257 2744 Sulla,
289 2669 329 2729 ad
361 2668 483 2730 bellum
512 2668 608 2730 civile
636 2673 809 2745 festinans,
840 2694 858 2732 a
887 2682 979 2755 tergo
1009 2674 1191 2753 periculum
1223 2696 1292 2736 non

69 2750 240 2819 liaberet.
283 2752 365 2813 Nam
395 2751 471 2812 dum
501 2752 591 2813 Sulla
622 2754 655 2813 in
685 2754 808 2814 Achaia
838 2763 935 2835 atque
965 2754 1039 2816 Asia
1067 2757 1293 2821 Mithridatem

82 2837 216 2907 vincit,
248 2834 388 2904 Mariua,
420 2835 475 2916 qui
503 2836 631 2915 fugatus
653 2844 739 2908 erat,
763 2843 796 2894 et
817 2835 985 2896 Cornelius
1007 2837 1127 2912 Cinna,
1148 2863 1230 2901 unus
1253 2858 1294 2903 ex

85 2918 310 2989 Consulibus,
332 2915 455 2977 bellum
477 2915 510 2975 in
531 2915 623 2976 ltalia
644 2924 858 2997 repararunt,
880 2925 913 2976 et
933 2916 1068 2999 ingressi
1088 2921 1202 2981 urbem
1222 2924 1295 2985 lto-

88 3027 199 3076 mam,
223 3000 444 3063 nobilissimos
463 3019 503 3059 ex
522 2999 642 3059 Senatu
664 3008 697 3059 et
718 2997 907 3059 Consulares
930 3002 1019 3059 viros
1040 2998 1293 3076 interfeceruut;

94 3087 216 3151 naultos
236 3082 523 3165 proscripseruntss
548 3081 648 3162 ipsius
667 3080 775 3142 Sullae
796 3079 893 3141 domo
916 3100 1036 3153 eversa,
1060 3078 1145 3142 filios
1166 3090 1197 3143 et
1210 3104 1298 3159 uxo-

94 3192 164 3235 rem
187 3168 220 3228 in
239 3168 347 3248 fugam
371 3164 612 3246 compulerunt.
633 3165 810 3225 Universos
831 3162 974 3246 reliquus
994 3164 1130 3225 Senatus
1152 3186 1190 3227 ex
1203 3164 1298 3227 Urbe

94 3254 239 3335 lugiens,
262 3250 302 3312 ad
323 3246 445 3310 Sullam
466 3248 500 3307 in
520 3247 688 3307 Graeciam
708 3247 816 3320 veuit,
838 3266 954 3320 orans,
976 3254 1014 3308 nt
1033 3246 1159 3327 patriae
1178 3250 1299 3311 subre-

95 3337 196 3399 niret.
239 3333 300 3394 llle
328 3334 360 3392 in
395 3327 522 3391 Italiam
547 3328 695 3404 traiecit,
721 3328 840 3389 bellum
862 3330 958 3391 civile
978 3336 1125 3413 gesturus
1146 3332 1297 3395 adversus

95 3418 288 3483 Norbanum
310 3436 348 3475 ac
366 3411 555 3493 Scipionem
578 3413 666 3475 Coss.
706 3411 819 3472 Primo
832 3411 962 3488 proelio
977 3422 1092 3476 contra
1106 3416 1299 3478 Norbanum

97 3499 267 3566 dimicavit
288 3518 352 3558 non
374 3496 470 3573 longe
492 3518 510 3555 a
533 3496 653 3575 Capua.
694 3495 777 3556 Tum
799 3494 864 3555 VII
883 3494 984 3555 millia
1007 3495 1075 3557 eius
1097 3499 1232 3574 cecidit,
1248 3498 1299 3561 vl

95 3582 204 3649 millia
225 3580 329 3662 cepit·,
361 3579 495 3640 CXXIV
516 3598 650 3638 suorum
672 3577 788 3639 amisit.
831 3576 910 3638 Inde
932 3577 1029 3639 etiam
1050 3577 1090 3637 ad
1110 3580 1299 3661 Scipionem

98 3686 137 3731 se
158 3663 339 3734 convertit,
368 3671 399 3721 et
428 3669 502 3721 ante
520 3658 685 3758 proelium
712 3667 819 3720 totum
840 3659 910 3722 eius
929 3658 1107 3722 exercitum
1127 3662 1197 3723 sine
1217 3682 1299 3723 san-

98 3768 258 3891 guldillll.¹¹
272 3743 478 3908 Sldtlhlpldddam
487 3750 744 3885 Iddindd‘eltmutati
774 3818 926 3884 Consules
947 3826 1069 3899 essent,
1101 3802 1301 3902 etMarius,

99 3913 203 3978 Marii
232 3911 336 3979 lilius,
366 3929 404 3969 ac
429 3905 580 3988 Papirius
608 3904 712 3966 Carbo
746 3900 952 3986 Consulatum
973 3906 1189 3987 accepissent3
1210 3906 1301 3970 Sulla

101 4004 219 4061 contra
242 3993 383 4055 Marium
405 3990 566 4051 iuniorem
588 3987 770 4060 dimicarit,
792 3995 824 4046 et
842 3984 905 4045 XX
921 3987 1063 4050 millibus
1084 3990 1151 4052 eius
1173 3991 1300 4067 occisis,

104 4078 211 4143 CCCC
233 4076 273 4137 de
293 4075 359 4137 suis
378 4071 534 4151 perdidit.
576 4072 655 4132 Mox
675 4070 771 4130 etiam
790 4067 916 4130 Urbem
935 4069 1095 4150 ingressus
1122 4082 1179 4134 est.
1222 4074 1302 4133 Ma·-

102 4163 219 4233 rium,
239 4159 337 4221 Marii
360 4156 483 4226 filium,
505 4154 710 4214 Praenestena
733 4159 919 4233 persecutus
931 4168 945 4225 ,'
962 4154 1100 4228 obsedit,
1116 4164 1148 4215 e't
1162 4156 1201 4217 ad
1217 4174 1306 4216 mor·

103 4255 175 4309 tem
199 4240 368 4322 compulit.
409 4239 530 4299 Rursus
550 4256 689 4316 pugnam
711 4235 928 4317 pravissimam
947 4232 1063 4297 habuit
1081 4246 1194 4319 contra
1205 4238 1306 4297 bam-

106 4319 644 4469 P⁰¹¹³⁰mai²x⁰⁸‘³·ii¹⁸⁰it.i÷i⁰i⁶
660 4316 765 4462 t'tt
780 4317 1188 4471 lttttttltttltt
1202 4318 1308 4467 {tlt}

108 4430 198 4475 nem.
354 4428 398 4467 mi
427 4428 456 4465 m
733 4446 737 4456 ι
856 4447 862 4458 ‚

111 4494 287 4563 dicuntur,
317 4489 380 4551 XII
405 4486 508 4549 millia
534 4506 568 4548 se
590 4480 699 4546 Sullae
728 4480 941 4546 dediderunt:
974 4484 1074 4547 ceteri
1104 4483 1138 4546 in
1161 4482 1251 4557 acie,
1274 4482 1309 4545 in

112 4574 251 4649 antris,
272 4571 319 4669 'in
345 4574 421 4659 tuga
433 4614 443 4646 ‚
474 4566 652 4635 insatiabili
684 4565 735 4629 ira
761 4564 898 4632 victoris
929 4566 1094 4633 consumti
1117 4575 1212 4630 mat.
1253 4560 1325 4627 (aa.
