2850 4958
180 252 259 343 atti
532 250 772 347 Emoniia.-
821 248 1070 349 parrana,-

604 416 831 495 cnrtJr
872 418 958 483 XLI.

140 538 153 563 ·
212 540 461 617 copsrmnms,
484 539 646 609 ¹aternius,
678 542 805 585 canens
817 566 829 595 ,
857 539 1118 611 consrsnrrnpsu„
1138 534 1320 593 trameant
1332 562 1342 593 ,

247 618 258 663 ·.
315 624 549 693 usnrmsnns,
582 624 813 695 consrsnrrrs,
842 626 1015 680 censesne,
1043 610 1274 674 necessarus,¹

439 708 663 764 smaaarsnns,
695 710 915 765 uscnurrus,
948 708 1119 749 versiam.

182 814 271 903 jllis
302 828 454 903 omnibus
483 838 660 915 absumtis,
690 840 822 923 imperii
853 838 925 901 iura
954 802 1054 923 penes
1081 794 1378 909 Constantinumet

127 922 332 987 aLicinium
370 922 540 985 devenere.
595 922 845 998 Constantinus,
883 920 1064 985 Constantii
1102 919 1322 1003 imperatoris
1350 926 1375 979 st

73 1020 76 1027 '
136 1049 157 1087 ῃ
166 1008 311 1071 Helenae
334 1006 440 1080 lilius,
464 1006 638 1087 imperavit
659 1029 761 1071 annos
783 1006 929 1091 triginta.
973 1008 1036 1069 Hic
1058 1004 1136 1067 dum
1161 1004 1380 1065 iuvenculusa'

170 1092 303 1155 Galerio
326 1092 361 1154 in
383 1090 466 1153 urbe
485 1090 588 1151 Roma
610 1088 780 1175 religionis
801 1091 911 1175 specie
932 1088 1026 1151 obses
1050 1096 1249 1161 teneretur,
1277 1084 1381 1170 fagani

101 1224 109 1243 .
168 1176 347 1257 arripiens,
377 1183 475 1258 atque
501 1172 543 1235 ad
572 1174 777 1237 frustrandos
802 1177 1023 1258 insequentes,
1054 1170 1193 1255 publica
1223 1170 1374 1242 iumenta,

167 1278 299 1341 quaqua
320 1258 385 1319 iter
406 1266 515 1341 egerat
527 1303 536 1331 ,
559 1256 738 1333 interfecit,
762 1267 795 1319 et
815 1258 856 1339 ad
877 1266 1005 1341 patrem
1026 1256 1060 1317 in
1082 1255 1295 1333 Britanniam
1312 1271 1381 1337 per·

139 1360 146 1373 ·
168 1343 278 1405 venit:
301 1351 334 1403 et
354 1342 443 1403 forte
463 1339 579 1403 iisdem
601 1341 716 1404 diebus
738 1340 861 1405 ibidem
883 1340 1109 1403 Constantium
1128 1344 1309 1419 parentem
1327 1337 1381 1403 lata

125 1390 291 1487 tiattima·
304 1424 535 1507 perurgebant.
578 1424 653 1505 Quo
678 1434 830 1499 mortuo,
852 1424 999 1497 cunctis,
1022 1420 1080 1507 ipii
1102 1423 1268 1493 aderant,
1291 1418 1377 1481 adni-

169 1510 336 1583 tentibus,
356 1508 412 1571 scd
433 1508 610 1590 praecipue
631 1506 760 1585 Eroco,
784 1508 1039 1571 Alamannorum
1062 1528 1155 1591 rege,
1178 1504 1298 1567 auxilii
1318 1524 1379 1587 gra·

125 1592 216 1671 ⁴tia
237 1592 462 1655 Constantium
485 1592 661 1663 comitato,
695 1592 869 1675 imperium
892 1592 992 1674 capit.
1035 1590 1098 1651 llio
1123 1610 1285 1651 sororem
1304 1606 1379 1647 suan

172 1676 399 1751 Constantiam¹
417 1673 565 1749 Licinio,
589 1674 810 1737 Mediolanum
834 1674 965 1749 accito,
993 1674 1188 1757 coniungit:
1224 1672 1382 1753 liliumque

169 1780 285 1833 suum,
319 1760 470 1841 Crispum
502 1758 656 1835 nomine,
688 1780 727 1821 ex
759 1758 942 1821 Minerviae
974 1758 1160 1820 concubina
1183 1764 1378 1837 susceptum,

140 1843 248 1911 ¹item
281 1842 551 1915 Constantinum,
585 1840 700 1903 iisdem
733 1840 859 1909 diebus¹
878 1850 989 1903 natum
1021 1840 1147 1924 oppido
1181 1836 1378 1909 Arelatensi,

138 1926 457 2010 ..Licinianumque,
489 1925 609 1986 Licinii
639 1924 764 2000 filium,
797 1925 956 1987 mensium
980 1924 1050 1987 fere
1071 1922 1217 2007 viginti,
1246 1922 1382 1985 Caesarcs'

126 2002 155 2071 δ”·
169 2008 285 2071 effecit.
330 2010 455 2071 Verum
477 2008 656 2081 enimvero,
680 2017 717 2069 ut
736 2008 875 2088 imperia
898 2006 1029 2070 difficile
1048 2008 1272 2069 concordiam
1285 2012 1380 2079 custo-¹

168 2092 275 2165 diunt,
298 2090 472 2153 discidium
493 2091 582 2153 iuter
601 2090 765 2153 Licinium
789 2092 1102 2175 constantinumque
1123 2092 1304 2151 exoritur:
1327 2084 1380 2169 pri·
1417 2120 1421 2147 ·.

136 2198 142 2247 ;
168 2197 323 2258 munique
345 2174 431 2254 apud
454 2172 580 2235 Cibalae
606 2172 695 2235 iuxta
727 2171 901 2254 paludem,
932 2172 1082 2237 lliulcam
1106 2175 1272 2253 nomine,
1301 2172 1375 2233 Coa-

167 2260 310 2319 stantiuo
335 2267 432 2320 nocte
453 2265 557 2318 castra
579 2256 698 2319 Licinii
722 2259 948 2341 irrumpente,
971 2256 1117 2320 Licinius
1141 2259 1260 2341 fugam
1281 2252 1376 2337 petiit,

127 2312 154 2417 d.
171 2341 425 2425 byzantiumque
446 2342 521 2424 fuga
541 2340 670 2404 volucri
691 2342 855 2423 pervenit.
900 2342 952 2403 lbi
974 2341 1239 2415 Martinianum,
1263 2338 1381 2401 officio-

67 2462 72 2469 ·
127 2447 244 2513 7rum
274 2424 486 2509 magistrum,
520 2422 688 2487 Caesarem
717 2435 818 2487 creat.
872 2424 1002 2489 Dehinc
1034 2425 1291 2497 Constantinus,
1318 2417 1382 2480 acis

167 2512 303 2592 potior,
337 2498 641 2591 apud'Bithyniam
672 2506 781 2592 adegit
803 2506 986 2582 Licinium,
1018 2518 1114 2589 pacta
1136 2506 1269 2585 salute,
1288 2503 1381 2568 indu-

168 2603 314 2655 mentum
335 2592 463 2676 regium
485 2588 602 2653 offerre
627 2612 688 2671 per
710 2614 857 2654 uxorem.
902 2590 984 2654 Inde
1013 2590 1287 2653 Thessalonicam
1305 2588 1384 2649 mis-

128 2675 257 2749 taum,
280 2674 378 2759 paulo
401 2683 477 2758 post
500 2696 574 2735 eum
597 2675 895 2759 Martinianumque
923 2676 1063 2759 iugulari
1092 2675 1197 2735 iubet.
1247 2675 1309 2735 Hic
1328 2671 1385 2731 ti-

169 2761 275 2823 cinius
306 2781 425 2819 annum
454 2758 689 2821 dominationis
724 2760 793 2820 fere
823 2766 900 2841 post
928 2752 1274 2842 quartumdecimum,
1308 2756 1387 2817 ritae

169 2843 321 2926 proxime
342 2842 596 2926 sexagesimum,
619 2839 762 2903 occidit:
785 2842 943 2907 avaritiae
966 2842 1121 2925 cupidine
1145 2842 1297 2903 omnium
1319 2861 1387 2921 pes·

169 2927 290 2999 simus,
321 2916 427 3009 ne'que
459 2923 582 2985 alicnus
605 2946 624 2985 a
645 2924 723 2985 luxu
753 2927 909 2999 venerio,
944 2947 1039 3008 asper
1069 2924 1275 2999 admodum,
1308 2922 1387 2985 haud

170 3009 384 3071 mediocriter
408 3010 599 3091 impatiens,
622 3008 757 3069 infestus
783 3008 923 3083 litteris,
947 3032 1025 3092 quas
1047 3008 1300 3091 perinscitiam
1326 3008 1386 3069 im-¹

135 3118 138 3123 ·
170 3093 334 3154 modicam
356 3093 445 3153 virus
464 3112 501 3151 ac
522 3098 647 3172 pestem
665 3091 831 3173 publicana
851 3092 1053 3164 nominabat,
1077 3091 1263 3173 praecipue
1280 3092 1388 3153 foren-

130 3194 236 3258 9sem
260 3176 465 3237 industriam.
506 3174 686 3257 Agraribus
711 3174 806 3259 plane
828 3197 865 3237 ac
893 3175 1147 3246 rusticantibus,
1181 3177 1263 3259 quia
1292 3176 1332 3236 ab
1354 3197 1387 3237 eo

134 3306 139 3329 ,
172 3280 290 3341 genere
316 3269 407 3321 ortus
439 3257 586 3343 altusque
613 3266 703 3333 erat,
733 3258 809 3320 satis
838 3258 950 3333 utilis,
984 3282 1020 3321 ac
1051 3258 1190 3319 militiae
1221 3267 1334 3320 custos
1354 3258 1388 3320 ad
1421 3322 1423 3335 ,

133 3351 319 3403 roveterum
340 3341 487 3403 instituta
508 3341 741 3404 severissimus.
783 3342 972 3424 Spadonum
996 3352 1028 3403 et
1042 3341 1229 3405 aulicorum
1249 3343 1389 3404 omnium
1421 3400 1423 3417 ,

133 3426 343 3488 11vehemens
371 3425 534 3499 domitor,
566 3426 669 3487 tineas
697 3425 885 3508 soricesque
906 3425 1020 3507 palatii
1047 3446 1102 3487 eos
1124 3425 1311 3506 appellans.
1354 3428 1390 3487 At

136 3556 144 3583 ,.
174 3509 419 3582 Constantinus,
444 3510 580 3571 obtento
607 3511 709 3572 totius
730 3509 869 3570 Romani
894 3508 1026 3589 imperii
1049 3509 1131 3570 mira
1153 3508 1326 3572 bellorum
1346 3513 1390 3572 ie·

172 3592 298 3655 licitatc
319 3591 498 3675 regimina,
527 3592 644 3655 Fausta
667 3593 828 3673 coniuge,
851 3601 888 3653 ut
911 3601 1047 3674 putant,
1069 3603 1292 3676 suggerente,
1317 3595 1389 3656 Cri·

132 3692 268 3760 raspum
296 3672 400 3737 filium
428 3676 539 3757 necari
567 3676 670 3738 iubet.
714 3676 844 3737 Dehinc
876 3696 1014 3737 uxorem
1040 3698 1129 3737 suam
1153 3677 1332 3750 Faustam,
1361 3679 1385 3738 iu

173 3760 303 3823 balneas
324 3760 473 3822 ardentes
494 3759 694 3832 coniectam,
717 3758 903 3833 interemit,
928 3782 1028 3844 quum
1051 3781 1123 3819 eum
1146 3769 1256 3822 mater
1274 3762 1388 3823 Helena

130 3838 293 3919 ,rbdolorc
313 3844 415 3906 nimio
442 3844 571 3923 nepotis
597 3843 792 3926 increparet.
837 3842 916 3906 Fuit
936 3866 1014 3905 vero
1038 3843 1147 3917 ultra,
1170 3866 1276 3924 quam
1299 3846 1384 3904 aesti-

176 3927 259 3989 mari
280 3936 407 4007 potest,
428 3923 533 3989 laudis
554 3925 677 3987 avidus.
722 3927 784 3987 Hic
807 3926 983 3990 Traianum
1007 3926 1144 3989 herbam
1165 3928 1382 4009 parietariam,

178 4010 221 4071 ob
244 4008 358 4071 titulos
380 4009 491 4071 multis
514 4009 648 4071 aedibus
673 4011 866 4091 inscriptos,
889 4008 1055 4095 appellare
1076 4008 1194 4071 solitus
1218 4021 1301 4073 erat.
1327 4008 1386 4068 llic

29 4086 33 4098 '
138 4088 314 4175 rdpontcm
341 4094 375 4153 in
406 4093 560 4156 Danubio
597 4094 790 4159 construxit.
838 4094 997 4156 Habitum
1028 4095 1156 4173 regium
1190 4094 1328 4179 gemmis
1360 4100 1387 4150 et

179 4185 277 4257 caput
298 4196 456 4237 exornans
477 4185 638 4260 perpetuo
663 4176 853 4246 diademate.
897 4176 1185 4239 Commodissimus
1208 4186 1320 4239 tannen
1339 4172 1386 4239 ra'·

177 4260 238 4320 bus
266 4259 377 4321 multis
404 4260 488 4321 ibit:
522 4260 697 4321 calumnias
717 4260 838 4323 ¹sedare
858 4260 985 4343 legibus
1007 4260 1244 4335 severissimis3
1269 4261 1385 4323 nutrire

178 4352 262 4407 artes
283 4342 407 4415 bonas,
428 4342 605 4424 praecipue
627 4342 733 4404 studia
754 4342 961 4417 litterarum3
983 4342 1092 4425 legere
1114 4343 1202 4417 ipse,
1229 4347 1384 4413 scribare,

140 4421 343 4501 rbmeditarl,
365 4427 479 4489 audire
499 4426 677 4508 legationes
700 4434 731 4485 rt
751 4427 973 4506 querimonias
987 4426 1249 4507 provinciarum.
1275 4430 1387 4504 Quum·

178 4532 258 4592 qua,
278 4504 394 4571 liberis
415 4510 551 4591 illioque
572 4511 683 4571 fratris
703 4510 867 4574 Dalmatio
890 4511 1079 4572 Caesaribus
1093 4509 1314 4587 confirmatis.
1332 4522 1387 4573 tras

181 4604 214 4655 et
234 4595 397 4685 sexaginta
418 4615 519 4666 anuos
540 4593 682 4669 vixisset,
706 4615 744 4660 ex
766 4592 885 4687 quibus
907 4592 1061 4659 dimidios
1086 4595 1151 4673 ita,
1175 4603 1214 4659 ut
1237 4594 1389 4659 tredecim
