2850 4958
170 299 224 401 aa
558 294 818 414 annnam
843 294 1004 421 enom--

166 471 299 549 gentem
326 480 399 545 uon
420 467 593 526 contentus
623 463 795 528 moenibus
828 463 1009 547 expulisse,
1043 484 1146 549 quum
1169 479 1236 550 per
1256 461 1388 533 tulna

166 546 338 630 naufragia
365 568 422 608 sua
450 547 550 610 latius
575 547 743 622 traheret,
770 547 819 610 sic
836 555 1027 630 persecutus
1049 558 1098 610 est
1119 548 1202 612 duce
1225 549 1386 627 Camillo,

125 640 206 700 aaut
224 632 326 695 bodie
352 630 442 693 nulla
471 629 638 693 Senonum
661 631 797 713 vestigia
819 631 994 714 supersint.
1036 630 1143 694 Semel
1165 632 1256 714 apud
1279 632 1386 697 Ania-

166 736 243 777 nem
263 714 443 789 trucidati,
474 735 574 797 quum
601 715 757 799 singulari
779 715 959 776 certamina
981 715 1122 776 Manlius
1143 735 1288 779 aureum
1310 724 1389 791 tori

167 818 266 882 quem
295 799 436 861 barbaro
474 798 562 861 inter
593 800 696 882 spolia
726 793 886 859 detraxit:
924 796 1000 859 inde
1031 798 1204 881 Torquati.
1259 798 1389 885 lteruu,

165 882 347 966 Pomptino
372 902 451 966 agro
465 894 478 956 ,¹
497 900 598 965 quum
619 885 685 964 [in]
706 878 806 942 simili
829 903 934 964 pagna
954 882 1074 944 Lucius
1095 880 1276 957 Valerius,
1301 883 1381 947 insi-

124 965 265 1031 asdente
292 964 401 1049 galeae
430 984 521 1027 sacra
549 966 627 1028 alite
654 966 804 1038 adiutus,
835 963 951 1026 retulit
975 965 1102 1047 spolia:
1135 964 1213 1026 inde
1237 964 1379 1041 Corvini

166 1050 236 1111 Nec
256 1070 325 1111 non
342 1047 473 1110 taudem
491 1057 569 1131 post
590 1049 715 1137 aliquot
735 1067 837 1108 annos
889 1069 1001 1109 omnes
1026 1048 1183 1132 reliquias
1205 1049 1378 1121 eorumia

121 1180 125 1191 .
165 1131 301 1195 Etruria
323 1131 364 1193 ad
382 1131 491 1195 laeum
512 1130 707 1195 Vadimonis
722 1129 852 1194 Dolabe
878 1142 896 1192 a
920 1130 1060 1194 delevit:
1082 1131 1220 1214 nequis
1243 1140 1383 1213 ennae,

165 1216 203 1280 in
223 1237 260 1279 ea
280 1224 398 1303 genta,
420 1235 504 1299 quaa
524 1215 689 1279 iucensam
712 1237 731 1276 a
752 1235 786 1277 se
806 1213 944 1276 Romam
968 1215 1085 1278 urbem
1105 1212 1360 1307 gloriaretur-J

590 1382 818 1458 CAP'UT
859 1393 953 1458 XIV.

619 1529 742 1575 BELLUM
771 1531 926 1576 naamon.

124 1666 142 1724 t
208 1657 390 1722 Converms
420 1677 437 1717 a
465 1653 567 1718 Gallis
599 1654 633 1717 in
662 1656 817 1736 Latinos,
854 1655 978 1719 Manlio
1010 1655 1203 1742 Torquato,
1242 1658 1371 1725 Decima
1414 1660 1417 1698 ¹

163 1743 260 1805 Mare
283 1740 499 1815 Consulibus,
522 1759 650 1820 semper
671 1741 804 1839 quidem
825 1740 1044 1804 aemulatione
1067 1740 1200 1824 imperii
1225 1741 1370 1829 infestos,
1412 1720 1417 1782 l

163 1833 233 1887 tum
257 1824 336 1886 vero
363 1831 530 1886 contemtu
553 1823 656 1884 Urbis
677 1846 847 1900 incensae3
871 1847 972 1907 quum
994 1830 1045 1886 ius
1066 1831 1234 1902 cubitant,
1250 1828 1372 1911 pariat
1412 1826 1417 1865 ¹

163 1910 295 1990 imperii
319 1920 351 1968 et
381 1911 634 1988 magistratuum
660 1918 854 1989 poscerent,
887 1913 983 1990 atque
1012 1908 1076 1969 inm
1098 1908 1261 1991 amplius,
1285 1910 1372 1995 quai
1412 1911 1417 1945 ‘

122 1996 144 2054 'a
164 1989 323 2074 congredi
350 1989 519 2050 auderent.
538 1984 540 1991 ’
567 1986 641 2065 Quo
669 1997 819 2072 tempore
843 1989 916 2073 quis
938 1988 1070 2052 cessisse
1089 1990 1219 2055 bostem
1240 1992 1372 2056 mirabiss
1411 1993 1417 2070 E

163 2082 238 2138 turs
279 2095 383 2156 quum
405 2071 487 2134 alter
510 2071 686 2133 Consulum
708 2073 811 2136 filium
836 2094 941 2146 suum,
966 2073 1042 2157 quia
1065 2085 1179 2137 contra
1201 2071 1370 2160 imperium
1415 2075 1417 2083 ’

161 2164 381 2241 pugnaverat,
405 2154 549 2238 quamvis
570 2153 751 2229 victorem,
776 2155 954 2230 occiderit3
985 2157 1092 2242 [quasi
1113 2153 1187 2240 plna
1210 2156 1245 2221 in
1268 2159 1371 2243 impe-
1409 2160 1417 2199 l

120 2238 215 2302 baio
238 2244 331 2313 esset,
354 2260 452 2323 quam
472 2237 507 2299 iu
529 2235 668 2298 victoria
683 2241 705 2319 z]
728 2239 812 2302 alter
833 2238 924 2323 quasi
946 2241 1074 2302 monitu
1089 2242 1251 2318 Deorum,
1267 2242 1377 2327 ,capito
1409 2224 1417 2284 l

163 2323 293 2397 velato,
315 2323 455 2406 primam
478 2329 552 2382 ante
572 2320 674 2382 aciem
699 2323 771 2385 Diis
800 2323 951 2385 Manibus
974 2345 1009 2385 se
1041 2323 1232 2399 devoverit,
1263 2335 1320 2401 ut,
1345 2325 1371 2387 it
1408 2326 1417 2368 ¹¹

122 2404 405 2484 dconfertissima
439 2424 473 2464 se
503 2403 651 2465 bostium
681 2404 745 2470 tela
776 2401 954 2483 iaculatus,
988 2426 1111 2473 novum
1142 2403 1186 2473 sd
1208 2407 1371 2477 victorina·
1414 2477 1417 2491 1

165 2491 231 2555 iter
251 2488 406 2575 sanguiue
426 2507 486 2549 suo
509 2487 665 2575 aperiret.

483 2741 495 2759 ἡ
601 2660 944 2734 cnanuxn

625 2804 747 2850 Bltbwss
769 2802 918 2852 clamatu·

119 2934 138 3004 l
204 2933 241 2999 A·
252 2935 377 3000 Latinis
408 2933 578 3021 adgressus
609 2945 657 3000 est
688 2947 814 3022 gentem
838 2936 1057 3014 Sabinorum,
1089 2935 1146 3041 qui
1172 2936 1371 3003 immemores

57 3100 59 3105 ,
161 3030 277 3106 pactae
298 3022 358 3084 sub
381 3019 458 3082 Tito
482 3020 580 3085 Tatio
603 3021 788 3097 affinitatis,
810 3023 954 3106 quodam
970 3028 1129 3108 'contagio
1154 3021 1237 3085 belli
1261 3046 1297 3087 se
1316 3026 1373 3093 Lae

121 3105 242 3169 atinis
272 3105 497 3168 adiunxerant.
549 3104 614 3167 Sed
646 3107 747 3169 Curio
779 3109 922 3169 Dentato
955 3105 1113 3183 Consule,
1146 3128 1277 3170 omnem
1308 3126 1372 3171 eun

165 3197 330 3263 tractum,
354 3210 416 3271 qua
437 3188 526 3265 Nar,
558 3185 668 3263 Anio,
691 3193 799 3253 fontes
820 3188 953 3263 Velini,
976 3186 1169 3252 Hadriatico
1192 3199 1295 3261 tenna¹
1310 3212 1372 3253 mae

121 3270 217 3346 bri,
249 3272 323 3354 igne
348 3272 505 3354 ferroque
532 3270 679 3334 vastavit.
732 3269 805 3350 Qua
834 3267 997 3348 victoria,
1027 3280 1154 3335 tantum
1187 3272 1370 3347 bominum,
1414 3266 1417 3285 ¹

162 3360 290 3414 tantum
310 3372 465 3432 agrorum
490 3354 659 3415 redactum
679 3352 713 3415 in
733 3362 954 3438 potestatem,
986 3364 1046 3431 ut,
1070 3357 1106 3419 in
1126 3364 1204 3421 utro
1225 3352 1303 3443 plna
1322 3376 1372 3433 aa?
1409 3328 1417 3451 l

159 3436 230 3508 set,
252 3437 314 3497 nec
333 3434 403 3521 ipsa
423 3444 536 3519 posset
555 3436 750 3511 aestimare,
773 3436 830 3521 qui
854 3434 992 3502 vicerat.

590 3608 819 3680 CAPUT
859 3613 953 3684 XVI.

522 3747 695 3795 BELLUI
726 3750 1018 3798 ΗἨΜΤῙΟῘῙἩ.

127 3904 169 3952 t·
205 3883 366 3950 Precibus
394 3878 513 3947 deiude
543 3884 738 3967 Campaniae
766 3894 896 3963 motus,
921 3905 989 3948 non
1016 3906 1080 3972 pro
1105 3902 1163 3962 se,
1193 3881 1384 3975 sed-[quai

116 3989 147 4034 a
168 3978 218 4033 est
243 3969 437 4053 speciosius]
465 3988 529 4052 pro
556 3969 656 4032 sociis
685 3967 846 4034 Samnitas
870 3969 1006 4033 invadit.
1049 3970 1130 4033 Erat
1158 3970 1276 4035 foedus
1306 3986 1374 4037 can

165 4053 315 4136 utrisque
360 4071 546 4115 montaum:
567 4052 623 4115 sed
644 4051 711 4114 boc
733 4052 886 4136 Campani
908 4050 1105 4118 sanctius'et
1148 4053 1217 4116 rius
1234 4057 1375 4119 omniun

164 4158 301 4200 suorum
347 4135 491 4199 editione
508 4137 667 4200 fecerant.
698 4134 764 4196 'Sic
786 4156 862 4222 ergo
883 4132 1047 4201 Romanus
1071 4073 1195 4201 bellum
1213 4137 1383 4221 Samniti·-¹

124 4215 242 4284 deum
261 4228 425 4305 tamquam
445 4219 510 4282 sibi
531 4219 640 4302 gessit.
686 4217 843 4282 Omnium
864 4243 930 4283 non
951 4221 1053 4287 modo
1079 4217 1196 4294 Italia,
1227 4222 1287 4287 sed
1306 4219 1388 4293 too,

165 4303 250 4368 orbe
270 4312 455 4378 terrarum,
483 4301 707 4387 pulcherrima
731 4304 925 4388 Campaniae
943 4305 1046 4389 plaga
1071 4311 1129 4369 est.
1171 4302 1268 4369 Nihil
1292 4304 1388 4375 101⁶.

164 4385 231 4450 liu's
261 4387 373 4449 caelo:
406 4385 547 4469 denique
576 4385 627 4448 bis
659 4383 808 4463 floribus,
831 4395 956 4449 vernat.
998 4385 1091 4451 Nihil
1115 4389 1253 4452 uberius
1281 4388 1373 4455 solo:

166 4470 243 4533 ideo
264 4470 376 4533 Liberi
399 4471 592 4554 Cererisque
612 4477 777 4532 certamen
798 4468 932 4532 dicitur.
961 4462 1053 4535 Nihil
1070 4469 1269 4556 hospitalius
1282 4471 1376 4537 marl.

123 4549 232 4631 Ι411ἱο
257 4553 306 4616 illi
335 4551 463 4621 nobiles
489 4562 627 4636 portus,
654 4553 784 4629 Caieta,
816 4554 981 4628 Misenus,
1013 4563 1046 4617 et
1065 4564 1213 4639 tepentes
1233 4556 1377 4621 fontibus

125 4631 284 4701 5Baiaa:
316 4636 477 4701 Lucrinus
497 4643 531 4699 et
548 4635 722 4714 Avernas,
749 4636 910 4723 quaedam
930 4636 1030 4704 maris
1055 4640 1135 4705 otia.
1178 4639 1244 4705 Hic
1267 4635 1378 4735 amicti
