2850 4958
166 198 264 347 aaa
528 264 765 377 arnone
815 263 924 344 aar.
949 268 1043 364 aa

179 436 272 495 tione
293 429 470 514 inperialia
499 428 668 492 molestiae
695 426 950 514 magnitudinem
970 427 1158 505 declinare,
1184 432 1292 516 qnam
1312 435 1382 496 aaa·

118 560 121 565 -
180 518 298 579 tentiae
325 515 365 574 ad
394 515 463 575 eiua
483 513 689 575 voluntatem·
713 520 891 594 promunt,
924 513 1070 574 incidere
1090 513 1196 575 exitia
1214 525 1382 599 postrema.

139 600 159 662 8
181 597 477 681 latacappadocaa
503 598 537 657 in
558 596 785 678 provinciam,
814 605 942 657 remoto
964 596 1128 658 Archelao
1150 619 1234 682 rega
1259 622 1384 676 eoram,

180 682 318 765 redegit.
363 680 576 740 Gaetulorum
603 679 776 739 latrocinia
806 680 973 761 repremit.
1016 681 1291 757 Maroboduum,
1314 685 1386 746 Sue·-

138 789 160 855 9
180 785 298 828 vorum
321 782 456 849 regem,
487 762 605 825 callide
631 762 857 824 circumvenit.
900 764 1010 840 Quam
1031 764 1164 825 immani
1189 768 1310 833 furora
1328 769 1386 830 ia-

162 836 311 922 'aontca,
333 846 473 919 noxior,
494 866 570 908 auoa
591 846 717 928 pariter
738 854 953 927 externosque
972 847 1127 928 puniret,
1150 848 1310 912 resoluti·
1327 852 1385 913 mi-

178 931 272 994 litiae
292 930 438 1004 artibaa,
460 927 614 991 Armenia
635 949 696 1011 per
717 927 881 1001 Parthae,
903 931 1027 991 Moesia
1047 951 1065 989 a
1087 931 1204 1008 Dacia,
1227 932 1384 996 Pannonia

140 1035 200 1081 roa
220 1012 397 1087 Sarmatia,
420 1011 526 1074 Gallia
546 1035 565 1072 a
586 1011 732 1075 finitimis
753 1013 902 1097 gentibue
922 1012 1070 1096 direptae
1089 1022 1180 1076 aaut.
1229 1016 1301 1098 Ipae
1318 1027 1384 1100 poat

178 1099 460 1243 ppptlaagaaiappnat
477 1104 628 1241 catagam
647 1117 767 1158 anunm
789 1105 823 1158 et
846 1116 987 1158 manaem
1008 1105 1164 1181 quartum
1187 1098 1311 1163 innidiia
1325 1103 1384 1166 Ca-
1416 1137 1419 1173 2

195 1203 248 1267 rga
262 1199 300 1242 aa
320 1199 375 1242 exa
392 1200 444 1240 mc
461 1199 497 1239 aa
519 1199 579 1242 ea.

618 1356 846 1421 CAPUT
886 1357 952 1422 111.

577 1490 668 1538 CAIU!
692 1495 808 1537 CAESAR
830 1493 997 1537 CALIGULA·

139 1651 160 1694 a
222 1627 366 1714 Caligula
388 1626 561 1709 imperavit
581 1649 680 1689 anuos
703 1636 857 1711 quatuor.
901 1626 966 1687 Iste
988 1623 1072 1686 filius
1095 1624 1163 1688 fuit
1187 1627 1373 1702 Germanici:
1412 1613 1419 1672 l

182 1721 234 1785 et,
265 1713 342 1796 quia
371 1719 464 1772 natus
495 1710 528 1772 in
556 1714 701 1772 exercitu
734 1714 857 1786 fuerat,
893 1717 1146 1796 cognomentum
1184 1711 1375 1774 calceamenti

138 1795 352 1869 amilitana,
376 1792 411 1854 id
432 1801 500 1866 eat,
524 1792 687 1880 Caligulae
709 1796 842 1856 sortitua'
867 1802 924 1854 eat.
969 1792 1052 1853 Auta
1072 1794 1297 1876 principatum
1314 1819 1375 1857 om·
1411 1800 1419 1860 l

179 1878 276 1939 nihna
305 1897 398 1939 cerua
428 1883 643 1962 acceptaeque
665 1879 748 1939 suit:
779 1878 813 1939 in
834 1877 1020 1959 principatu
1042 1896 1120 1938 vero
1144 1879 1246 1953 talia,
1269 1888 1301 1940 ut
1320 1900 1374 1941 noa
1412 1883 1419 1922 l

137 1961 345 2039 dimmcrito
367 1960 576 2043 vulgaretur,
599 1963 799 2022 atrociorem
822 1961 878 2022 illo
901 1958 1068 2021 dominum
1089 1980 1167 2021 non'
1183 1962 1295 2024 fuisse.
1319 1965 1373 2024 Ite·
1412 1968 1419 2005 l

139 2041 280 2125 bniquc
301 2051 367 2102 tres
388 2062 519 2102 aororea
543 2063 618 2113 suaa,
634 2052 749 2124 atupro
772 2043 954 2105 maculavit.
979 2040 1155 2104 Incedebat
1169 2044 1291 2107 habitu
1304 2049 1372 2107 Deo·
1411 2030 1419 2088 l

180 2146 255 2186 rum
280 2146 425 2186 suornm.
468 2124 580 2184 lovem
610 2126 652 2186 ob
684 2129 862 2200 incestum,
895 2124 1039 2188 echoro
1062 2134 1173 2188 autem
1194 2128 1366 2190 Bacchanal

140 2204 335 2269 GLiberam
360 2227 395 2267 ae
425 2204 604 2267 adserebat.
648 2210 699 2270 De
729 2229 796 2291 quo
828 2210 938 2270 nescio
972 2230 1012 2270 aa
1042 2208 1193 2272 decuerit
1216 2212 1367 2274 memoriae

181 2288 299 2372 prodi,
321 2290 384 2350 nisi
406 2291 493 2350 forte
515 2291 589 2372 quia
612 2288 700 2354 iuvat
724 2292 764 2354 de
785 2291 992 2374 principibus
1013 2313 1108 2353 uoaae
1129 2295 1257 2370 omnia,
1280 2295 1371 2357 utin·

135 2368 281 2519 ¹gprohi
314 2371 426 2433 saltem
459 2374 560 2433 famae
587 2384 674 2436 metu
704 2376 781 2437 talia
803 2374 978 2438 declinent.
1020 2375 1059 2436 In
1079 2374 1207 2458 palatio
1233 2388 1372 2440 matronae

181 2454 309 2517 nobiles
334 2455 485 2538 publicae
507 2454 637 2518 libidini
658 2459 809 2530 subiecit.
850 2459 992 2529 Primus,
1019 2458 1204 2553 §adamate
1226 2461 1373 2545 imposito,

140 2539 355 2626 9Dominum
382 2559 415 2598 ae
439 2538 533 2600 iussit
564 2542 734 2622 appellari.
776 2543 813 2603 In
839 2543 943 2626 spatio
969 2541 1070 2602 trium
1102 2542 1268 2620 millium,
1299 2541 1374 2628 qaod

182 2623 216 2682 in
237 2623 308 2682 ainu
326 2620 508 2682 Puteolano
531 2624 616 2685 inter
641 2626 741 2687 malea
767 2627 869 2699 iacet,
894 2624 1017 2706 duplici
1043 2625 1161 2688 ordine
1184 2649 1283 2690 naves
1304 2650 1373 2689 con-

178 2712 311 2777 texens,
334 2725 449 2765 arenae
470 2704 602 2790 adgestu
623 2708 662 2768 ad
686 2718 794 2770 terrae
813 2711 953 2791 speciem
974 2707 1058 2769 viam
1081 2708 1278 2785 solidatam,
1300 2711 1374 2796 pha·-

180 2785 285 2847 lerato
311 2806 418 2868 equo,
442 2788 575 2870 insignia
600 2812 742 2873 quernea
767 2813 910 2867 corona,
938 2791 1028 2876 quasi
1053 2793 1270 2874 triumphans·
1289 2795 1374 2856 indu-

128 2876 232 2933 -rotus
253 2889 352 2951 aureo
377 2869 625 2950 paludamento,
652 2897 753 2939 curru
771 2876 885 2962 biiugo
912 2875 1112 2940 decucurrit.
1145 2876 1281 2940 Dehinc
1296 2877 1374 2940 ami·

178 2950 295 3016 litibus
316 2956 484 3026 confossus
507 2953 644 3018 interiit.

613 3153 840 3219 CAPUT
880 3158 943 3221 IV.

549 3298 765 3343 cnarnlua
796 3301 1023 3343 TIBERIUSe

220 3430 725 3515 Claudiuag'l'iberiua,Drusi,
760 3431 888 3494 Tiberii
917 3433 1051 3507 fratris,
1084 3431 1193 3509 filius,
1225 3433 1378 3521 Caligulae

100 3579 105 3586 ,
139 3523 331 3598 apatruas,
363 3514 536 3600 imperavit
565 3537 666 3576 annon
691 3514 951 3598 quatuordecim.
995 3519 1082 3588 late,
1119 3517 1221 3600 quam
1252 3520 1377 3581 Senatus

177 3600 368 3673 censuisset,
394 3607 520 3682 gentem
550 3598 721 3659 Caesarum
754 3598 983 3672 exterminari,
1014 3601 1153 3661 deformi
1180 3602 1309 3666 latebra
1332 3603 1377 3664 la-

177 3689 265 3752 tens,
290 3690 439 3766 repertus
462 3704 479 3741 a
505 3680 687 3757 militibus,
722 3681 797 3762 quia
822 3701 936 3741 vacora
960 3691 1047 3758 erat,
1077 3684 1271 3751 mitiaaimua
1294 3686 1376 3748 vide·

134 3758 157 3824 δ
177 3763 276 3827 batur
298 3764 580 3847 imprudentibus,
603 3763 790 3846 Imperator
813 3764 942 3826 effectus
968 3776 1026 3827 est.
1071 3767 1135 3828 Hic
1154 3771 1279 3844 ventri,
1299 3770 1377 3840 vino,

175 3845 307 3909 libidini
330 3848 428 3927 foede
451 3847 627 3921 obediens,
651 3869 766 3910 aecora
791 3856 825 3908 et
847 3870 955 3931 prope
974 3849 1086 3924 hebea3
1111 3851 1249 3934 ignavus
1270 3874 1306 3914 ac
1321 3872 1378 3933 pa-

135 3926 291 4004 tiridua‚
324 3926 519 3994 libertorum
552 3939 585 3992 ct
613 3930 761 4011 coniugia
793 3931 939 4013 imperiia
968 3933 1133 3994 subiectus
1158 3934 1239 4000 fuit.
1281 3934 1377 3999 Huius

175 4019 324 4094 tempore
340 4014 580 4076 Scribonianus
605 4015 757 4076 Camillae
780 4014 867 4076 intra
886 4016 1062 4077 Dalmatiae
1082 4017 1275 4098 Imperator
1289 4037 1381 4079 crea-

134 4089 248 4170 btua,
283 4099 439 4160 continuo
476 4099 654 4160 occiditur.¹
707 4099 815 4159 Mauri
835 4099 1028 4180 ¹provinciis
1063 4102 1257 4171 acoesaera:
1294 4121 1380 4163 caeca

135 4175 448 4242 GMaaulamiorum
472 4203 591 4244 vmanns
625 4190 684 4245 est.
734 4180 828 4265 Aqua
863 4182 996 4244 Claudia
1025 4182 1148 4247 Romae
1182 4185 1380 4248 introducta.

73 4277 79 4290 ’
133 4282 154 4344 7
178 4262 284 4323 Huina'
307 4281 392 4325 uxor
411 4265 709 4347 Messallaa‘primo
730 4266 867 4350 paaeim,
893 4267 985 4348 quani
1005 4267 1093 4340 iure,
1117 4265 1292 4331 adulteriis
1309 4277 1379 4329 ute-

173 4343 299 4408 baturt‘
317 4346 452 4431 'expuo
478 4351 565 4421 facto
594 4348 722 4430 plures,
752 4357 841 4412 metu
869 4350 1087 4423 abstinentes,
1120 4351 1275 4414 exstincti
1299 4359 1378 4413 aaut.

123 4480 131 4490 ,
172 4429 302 4491 Dehinc
326 4433 470 4493 atrociae
484 4450 645 4506 accensa,
670 4430 853 4494 nobiliores
881 4450 1025 4518 quaeqae
1050 4441 1169 4516 nuptas
1190 4443 1223 4497 et
1242 4435 1379 4520 virginea

171 4522 358 4573 scortorum
378 4514 479 4577 modo
499 4533 606 4575 aecum
625 4524 863 4597 proposuerat·²
888 4518 1060 4601 coactique
1078 4537 1206 4593 marea,
1232 4529 1272 4580 ut
1289 4520 1381 4580 adea·

96 4626 99 4633 -
171 4602 251 4656 nent.
269 4621 279 4641 ·
295 4596 395 4691 Quod
415 4598 444 4666 et
467 4597 539 4684 quia
558 4597 635 4663 talia
658 4597 856 4674 horruerat,
879 4600 1000 4665 adficta
1021 4599 1180 4679 crimine,
1207 4601 1243 4671 iu
1265 4603 1379 4690 igauna
