2850 4958
158 244 163 252 “
216 278 502 372 spurtus
531 264 1067 392 musracarfimas.
1117 288 1121 293 ’
1178 296 1294 371 :21³

85 460 169 525 dem
190 460 300 541 pueris
321 461 356 522 iu
376 459 492 522 urbem
512 457 725 544 redigendum
746 451 1035 522 st'verberaudum
1053 455 1201 522 tradidit.
1221 457 1298 520 Sta·
1318 482 1339 522 u

84 546 154 607 tim
177 544 294 605 Falisci
313 564 348 605 so
370 544 398 605 ei
422 542 464 606 ob
486 551 607 604 tantam
628 542 785 605 iustitiam
805 541 1010 606 dediderunt.
1045 541 1146 604 Veios
1161 541 1338 622 [decen-5

83 623 906 771 ¹¹³]r⁰b⁸³d³⁰t⁰0ttlltttltm³²‘ittam:
928 623 1338 771 {iiiiii-ilidii?

83 728 249 879 gibellum
262 730 386 876 einiquis
411 791 589 853 divisisset:
617 730 788 855 ’didudicta
809 790 849 852 ab
873 731 1131 874 hqupuleio’p
1147 731 1297 854 ‘ratbodo

82 876 221 961 plebis,
244 875 411 937 damnatus
432 873 573 935 Ardeam
596 874 765 936 concessit.
808 875 887 934 Mox
908 896 1008 958 quum
1030 872 1116 934 Galli
1134 873 1295 952 Senones,
1316 869 1337 939 5

81 958 219 1025 relictis
250 958 293 1021 ob
323 957 527 1019 sterilitatem
556 957 642 1041 agris
669 956 755 1030 suis,
788 955 951 1033 Clusium,
982 955 1098 1018 ltaliae
1119 959 1297 1040 oppidum,

86 1042 306 1115 obsiderent,
338 1041 427 1102 missi
448 1048 524 1103 suut
542 1039 645 1101 Roma
666 1048 732 1103 tres
753 1039 873 1114 Fabiis
897 1042 954 1124 qui
976 1039 1087 1102 Gallos
1108 1051 1298 1115 monerent,
1415 1072 1418 1076 ⁴

84 1134 128 1191 ut
151 1126 192 1188 ab
216 1124 463 1207 oppugnatione
482 1121 696 1185 desisterent.'
727 1122 776 1184 Ex
795 1121 847 1184 his
866 1146 947 1186 uuus
961 1131 1077 1187 contra
1091 1122 1140 1183 ius
1152 1122 1340 1209 gentium-6
1364 1164 1368 1175 ·

83 1209 125 1271 in
149 1209 254 1269 aciem
284 1207 464 1289 processit,
496 1214 530 1268 et
549 1204 667 1272 ducem
693 1204 854 1268 senonem
880 1207 1056 1277 interfecit.
1100 1205 1175 1284 Quo
1197 1229 1339 1294 com-7

80 1291 177 1353 moti
200 1288 305 1363 Galli,
336 1289 449 1372 petitis
469 1290 503 1353 in
529 1287 729 1351 deditionem
757 1289 892 1374 legatis,
918 1312 979 1352 nac
1000 1289 1198 1368 impetratis,
1220 1291 1298 1353 ao-

79 1394 181 1471 mam
210 1372 396 1471 petierunt,
428 1373 670 1435 etexercitum
701 1371 881 1473 Romanum
910 1372 997 1473 ppud
1026 1370 1144 1437 Alliam
1165 1371 1300 1463 flurium
1338 1446 1342 1453 „

74 1453 374 1629 ”utilitati
388 1453 1221 1613 it{zlttltaltsttat“tlt¹tlttttitit
1242 1477 1301 1600 li}
1319 1536 1362 1620 a,

78 1620 319 1682 nobilissimos
347 1643 459 1684 senum
484 1623 517 1683 iu
539 1620 706 1683 curulibus
729 1629 762 1682 et
782 1620 948 1683 bonorum
969 1619 1168 1703 insignibus,
1190 1621 1299 1700 pri-mo

76 1713 130 1766 ut
164 1707 252 1767 Deos
282 1705 445 1779 venerati,
481 1703 598 1768 deinde
629 1711 665 1764 ut
698 1702 847 1764 homiues
880 1702 1058 1785 despicati,
1094 1703 1301 1765 interfecere.

74 1784 411 1867 Reliqualiuvcutus
438 1809 512 1849 cum
540 1784 663 1847 Manlio
686 1785 721 1847 in
741 1783 939 1868 Capitolium
962 1787 1067 1869 fugit,
1094 1785 1150 1847 ubi
1173 1787 1344 1878 obsessa9

80 1869 224 1941 Gnmilli
240 1869 368 1932 virtute
390 1877 593 1949 est-serrata.
637 1867 703 1946 Qui
724 1869 837 1929 absens
856 1868 1010 1931 Dictator
1024 1868 1140 1942 dictus,
1156 1869 1303 1931 collectis

76 1953 265 2037 reliquiis,
289 1952 400 2016 Gallos
421 1951 616 2034 improvisus
638 1950 862 2026 internecione
882 1950 1016 2012 occidit.
1047 1951 1209 2034 Populum
1231 1953 1342 2014 Ro-ro

76 2056 225 2098 manum
247 2036 389 2119 migrare
409 2036 512 2099 Veios
533 2033 697 2097 volentem
717 2032 865 2097 retinuit.
908 2033 963 2097 Sic
983 2043 1017 2098 et
1038 2034 1197 2121 oppidum
1216 2037 1341 2104 civi-11

78 2115 175 2197 bus,
198 2128 231 2184 et
251 2120 336 2184 cives
358 2120 482 2205 oppido
507 2116 663 2185 reddidit.
692 2157 694 2167 ,

475 2308 734 2395 caius
773 2328 898 2413 xxiv.
1012 2287 1014 2291 ⁷

380 2483 444 2528 -uu
466 2481 658 2527 ussurus
690 2462 996 2529 currronrrus.

138 2614 301 2690 Manlius,
324 2613 367 2676 ob
390 2611 556 2675 defensum
577 2613 773 2697 Capitolium
796 2614 998 2698 Capitolinus
1019 2612 1141 2690 dictus,
1163 2614 1304 2678 sedecim

85 2721 259 2779 annorum
280 2694 500 2759 voluntarium
520 2695 657 2758 militem
678 2717 712 2759 se
734 2698 866 2760 obtulit.
910 2699 1060 2781 Triginta
1086 2706 1210 2781 septem
1230 2701 1301 2762 mi·
1323 2717 1344 2760 u

81 2780 251 2844 litoribus
272 2780 366 2841 donis
387 2801 405 2840 a
426 2777 493 2837 suis
521 2778 658 2841 ducibus
680 2790 835 2854 ornatus,
856 2774 971 2863 vigirlti
994 2789 1060 2841 tres
1081 2783 1248 2845 cicatrices
1268 2784 1302 2844 in

82 2871 236 2949 pectore
256 2862 384 2924 habuit.
427 2862 526 2944 Capta
548 2861 660 2937 Urbe,
683 2869 799 2924 auctor
820 2864 853 2924 iu
875 2861 1073 2945 Capitolium
1095 2865 1301 2949 confugiendi
1320 2862 1344 2927 5

84 2948 174 3011 fuit.
204 2945 351 3024 Quadam
371 2951 479 3016 nocte,
501 2943 654 3026 clangore
673 2945 794 3007 anseris
816 2946 950 3018 excitus,
974 2945 1084 3007 Gallos
1105 2945 1302 3009 adscendeu-
1320 2947 1345 3025 4

90 3036 148 3092 tes
169 3029 301 3095 deiecit.
339 3028 502 3092 Patronus
523 3049 541 3088 a
565 3028 690 3089 civibus
720 3027 900 3113 appellatus
921 3037 953 3091 et
976 3031 1065 3091 farre
1085 3026 1222 3090 donatus
1243 3038 1302 3092 est.

94 3116 244 3177 Domum
265 3112 362 3174 etiam
385 3113 419 3173 in
440 3109 603 3193 Capitolio
626 3110 758 3193 publice
778 3112 915 3195 accepit.
959 3113 1031 3192 Qua
1054 3112 1206 3194 superbia
1230 3111 1303 3175 ela·
1324 3104 1345 3172 5

96 3207 169 3270 tus,
193 3218 294 3280 quum
314 3197 466 3257 Senatum
487 3195 702 3277 suppressione
723 3193 865 3263 Gallicos
886 3195 1055 3257 thesauros
1081 3194 1251 3278 argueret,
1274 3205 1307 3258 et
1395 3202 1401 3210 “

96 3281 247 3345 addictos
269 3280 404 3365 propria
425 3278 563 3360 pecunia
583 3276 751 3355 liberaret,
773 3280 864 3361 regni
888 3279 1039 3341 adfectati
1060 3279 1245 3361 suspicione
1269 3280 1303 3341 iu

97 3358 264 3429 carcerem
287 3363 474 3435 coniectus,
496 3359 613 3443 populi
635 3382 791 3424 consensu
810 3362 967 3424 liberatus
989 3370 1047 3424 est.
1069 3362 1191 3424 Rursus
1205 3384 1304 3445 quum
1323 3361 1344 3426 6

96 3448 135 3511 in
157 3445 268 3509 cadem
289 3445 384 3527 culpa
406 3453 439 3506 et
458 3444 586 3529 gravius
606 3454 852 3526 perseveraret,
875 3467 949 3507 reus
970 3446 1091 3520 factus,
1114 3455 1146 3507 et
1164 3446 1206 3509 ob
1223 3467 1305 3507 con-

97 3537 248 3610 spectum
270 3528 425 3611 Capitolii
455 3525 626 3611 ampliatus
648 3535 707 3589 est.
750 3527 826 3591 Alio
850 3528 967 3590 deinde
986 3526 1062 3592 loco
1085 3529 1251 3590 damnatus
1273 3538 1345 3614 et7

97 3613 145 3676 de
163 3633 239 3674 saxo
262 3613 405 3694 Tarpeio
427 3610 660 3691 praecipitatus
682 3618 750 3672 est:
773 3611 889 3676 domus
911 3610 1041 3686 dirutu·,
1061 3611 1306 3695 bouapublicu·

93 3706 146 3760 ta.
189 3695 363 3759 Gentilitas
384 3693 454 3759 eius
472 3692 588 3758 Manlii
610 3714 791 3778 cognomen
811 3694 963 3759 eiurarit.
1270 3708 1283 3717 '·
1325 3689 1346 3755 8

488 3902 745 3967 -csrnr
786 3860 893 3966 xxr.

468 4060 501 4102 a.
524 4058 763 4106 coarsuros
798 4030 972 4103 cossus.

144 4195 331 4268 Fidenates,
356 4189 461 4272 [fidei]
481 4191 705 4254 Romanorum
731 4190 863 4266 hostes,
886 4197 923 4251 ut
941 4188 1010 4252 siue
1030 4210 1087 4272 spe
1105 4178 1217 4263 veniae
1235 4188 1309 4251 for·-

96 4283 171 4345 tius
198 4279 410 4349 dimicarent,
441 4275 565 4358 legatos
595 4275 636 4335 ad
666 4295 700 4338 se
730 4273 845 4336 missos
875 4272 1131 4335 interfecerunt:
1164 4272 1203 4332 ad
1226 4292 1308 4353 quos

101 4362 278 4445 Quinctius
299 4361 506 4423 Cincinnatus
521 4356 673 4418 Dictator
693 4359 806 4420 missus
827 4356 1015 4439 magistrum
1035 4357 1179 4436 equitum
1192 4353 1310 4416 habuit

102 4444 294 4513 Cornelium
324 4444 476 4516 Cossum,
510 4440 566 4520 qui
597 4439 725 4502 Lartem
760 4437 970 4501 Tolumnium
1000 4437 1114 4499 ducem
1136 4461 1191 4500 sua
1214 4459 1310 4499 mamr

100 4524 281 4594 intart'ecit.
322 4528 372 4587 De
393 4525 432 4586 eo
454 4524 560 4610 spolia
591 4522 701 4608 opima
722 4520 794 4587 lori
819 4522 969 4584 Feretrio
991 4518 1150 4584 secundus
1171 4520 1211 4584 ab
1233 4519 1309 4582 tta-
1332 4541 1360 4581 a

105 4615 193 4678 mulo
216 4608 431 4673 consecravit.
897 4610 900 4619 '
1049 4640 1052 4645 -
