2850 4958
105 278 154 371 ss
597 258 793 349 VELLEH

100 425 225 511 pronio
251 424 340 488 Coss.
367 421 488 487 abhinc
509 445 609 488 annos
633 424 792 501 CLVIII,
817 434 893 511 port
913 423 994 487 duos
1018 423 1227 509 Consulatus,
1252 425 1320 489 do-

102 530 205 593 osque
238 506 425 591 triumphos
455 508 561 570 ethis
585 510 709 572 excisos
733 521 877 572 terrores
903 508 1136 592 Reipublicae,
1165 524 1263 572 man'e
1285 510 1320 573 iu

100 590 223 655 lectulo
248 599 398 676 repertus
423 600 471 653 est
493 599 662 668 mortuus,
690 593 734 654 ita
756 602 792 654 ut
815 591 972 677 quaedam
994 592 1144 656 elisarum
1169 596 1320 655 faucium

101 674 137 736 in
153 674 280 738 cervice
302 675 528 759 reperirentur
550 683 661 738 notae.
704 680 754 738 De
778 675 859 737 tanti
879 675 943 737 riri
965 685 1072 737 morte
1091 675 1178 737 nulla
1201 676 1321 739 habita

102 767 151 833 est
183 759 352 843 quaestio:
384 759 517 843 eiusque
547 780 667 842 corpus
697 760 804 822 velato
834 760 941 841 capite
972 758 1092 820 elatum
1120 767 1188 833 est,
1223 759 1319 823 cuius

102 861 204 923 opera
227 862 327 927 super
346 851 453 905 totum
476 851 639 904 terrarum
652 845 773 905 orbem
793 842 896 903 Roma
923 842 1082 903 extulerat
1104 850 1215 925 caput.
1252 845 1320 907 Seu

100 923 251 1001 fatalem,
281 935 319 988 ut
345 924 474 1009 plures,
500 946 556 987 seu
583 926 755 988 conflatam
780 926 927 1000 insidiis,
954 926 992 986 ui
1015 925 1116 1008 aliqui
1135 925 1320 1008 prodidere

99 1010 291 1084 memoriae,
321 1016 463 1073 mortem
496 1008 601 1084 obiit3
629 1010 730 1072 sitam
754 1018 843 1071 certe
871 1007 1092 1092 dignissimam
1119 1010 1203 1091 egit,
1232 1032 1320 1093 quae

99 1088 222 1152 nullius
252 1092 293 1155 ad
325 1092 360 1155 id
390 1092 549 1177 temporis
579 1104 810 1177 praeterquam
841 1092 928 1153 avito
954 1093 1085 1175 fulgore
1115 1094 1319 1157 vinceretur.

97 1174 248 1237 Decessit
268 1197 352 1255 anno
373 1177 477 1239 ferme
497 1174 585 1237 LVI.
608 1179 659 1238 De
681 1199 746 1261 quo
768 1177 795 1237 si
818 1175 891 1260 quis
910 1177 1072 1260 ambigat,
1097 1185 1250 1237 recurrat
1272 1174 1317 1239 'ad

98 1258 248 1340 priorem
273 1259 483 1323 Consulatum
508 1259 577 1322 eius
589 1305 598 1334 ,
622 1260 656 1320 in
677 1281 775 1344 quem
796 1265 924 1321 creatus
946 1269 995 1320 est
1017 1279 1101 1319 anno
1123 1259 1319 1321 xxxvfflz'

99 1342 146 1404 ita
167 1340 320 1403 dubitare
341 1341 478 1405 desinet.
1283 1348 1291 1365 ”

140 1424 184 1486 V.
217 1422 301 1485 Ante
322 1432 449 1509 tempus
472 1424 596 1487 excisae
615 1422 809 1487 Numantiae
829 1424 998 1508 praeclara
1020 1424 1054 1487 in
1075 1423 1234 1506 Hispania
1249 1422 1320 1485 mi-

97 1506 172 1570 litia
205 1509 249 1569 D.
279 1509 371 1569 Bruti
401 1509 486 1582 fuit,
523 1509 603 1592 qui,
633 1508 812 1594 penetratis
841 1510 989 1572 omuibus
1020 1508 1197 1590 Hispaniae
1228 1527 1319 1590 gen-

97 1590 208 1664 tibus,
232 1591 355 1676 ingenti
379 1593 411 1653 vi
432 1592 626 1665 hominum,
654 1591 852 1677 urbiumque
880 1592 1008 1676 potitus
1036 1611 1196 1666 numero,
1219 1589 1319 1652 aditis

96 1696 183 1759 quae
203 1675 258 1735 vix
280 1675 390 1736 audita
412 1683 523 1751 crant,
547 1674 690 1737 Gallaeci
712 1695 895 1752 cognomen
915 1674 1047 1736 meruit.
1082 1673 1125 1735 Et
1146 1682 1221 1735 ante
1242 1693 1320 1737 eum

95 1757 212 1841 paucis
238 1759 330 1819 annis
359 1767 426 1821 tam
453 1780 601 1822 severam
632 1757 720 1819 illius
742 1760 784 1835 Q.
807 1757 1012 1819 Macedonici
1036 1759 1069 1818 in
1091 1755 1143 1817 his
1165 1755 1320 1842 gentihus

98 1841 276 1924 imperium
302 1841 383 1915 luit,
412 1850 460 1915 ut,
484 1864 585 1925 quum
606 1842 721 1903 urbem
749 1836 961 1901 Contrebiam
982 1837 1116 1901 nomine
1137 1839 1171 1902 in
1193 1838 1321 1921 Hispa·-

97 1924 153 1987 nia
175 1933 396 2007 oppugnaret,
421 1924 530 2005 pulsas
553 1922 728 2009 praecipiti
753 1923 830 1984 loco
855 1923 1001 2006 quinque
1024 1922 1179 1983 cohortes
1201 1921 1319 2003 legio-

97 2005 223 2079 narias,
254 2004 370 2068 eodem
395 2008 548 2088 protinus
574 2007 685 2068 subire
713 2005 859 2079 iuberet,
881 2006 1143 2089 facientibusque
1166 2006 1320 2069 omnibus

98 2091 133 2151 in
154 2087 330 2172 procinctu
359 2095 572 2166 testamenta,
600 2089 691 2151 velut
717 2087 758 2150 ad
779 2097 903 2151 certam
928 2097 1069 2152 mortem
1092 2088 1233 2150 eundum
1256 2092 1321 2153 fo-

98 2179 173 2246 ret,
213 2192 281 2232 non
321 2168 497 2235 deterritus
535 2173 735 2256 proposito,
777 2173 1019 2255 perseverantia
1063 2171 1178 2246 ducis,
1220 2190 1320 2256 quem

98 2254 299 2316 moriturum
329 2257 463 2319 miserat
493 2258 653 2330 militem,
685 2257 847 2319 victorem
878 2256 1026 2338 recepit:
1060 2261 1187 2317 tantum
1221 2252 1321 2319 efficit

98 2338 219 2400 mixtus
247 2337 361 2400 timori
383 2338 512 2420 pudor,
540 2360 677 2424 spesque
699 2337 927 2421 desperatione
949 2338 1106 2423 quaesita.
1150 2338 1215 2400 Hic
1245 2339 1321 2402 vir-

98 2429 170 2484 tute
202 2416 248 2481 ac'
269 2422 441 2482 severitate
463 2423 564 2498 lacti,
587 2430 620 2482 at
640 2423 760 2484 Fabius
782 2420 1000 2498 Aemilianus,
1021 2421 1129 2486 Paulli
1153 2421 1318 2506 exemplo,

100 2505 316 2588 disciplinae,
349 2505 382 2585 ip
404 2506 561 2586 Hispania
582 2504 646 2566 luit
671 2504 885 2573 clarissimus.

143 2588 204 2649 vl.
234 2589 358 2649 Decem
389 2588 507 2650 deinde
538 2589 743 2672 interpositis
777 2589 889 2663 annis,
919 2588 975 2672 qui
1006 2586 1084 2649 Tib.
1112 2585 1319 2664 Gracchum,

99 2669 188 2732 idem
222 2670 352 2744 Caium,
393 2672 529 2732 fratrem
564 2671 653 2744 eius,
691 2672 864 2753 occupavit
893 2672 1009 2746 furor,
1045 2679 1112 2731 tam
1139 2671 1320 2734 virtutibus

100 2751 170 2814 eius
202 2753 375 2826 omnibus,
408 2776 506 2836 quam
534 2753 614 2816 huic
645 2749 754 2816 errori
782 2753 939 2827 similem,
964 2755 1094 2838 ingenio
1119 2754 1216 2814 etiam
1240 2754 1320 2817 elo-

100 2835 300 2920 quentiaque
336 2835 434 2921 longe
472 2839 758 2920 praestantiorem.
813 2838 879 2918 Qui
913 2860 1015 2922 quum
1051 2858 1173 2898 summa
1207 2838 1320 2921 quiete

99 2919 200 2982 animi
232 2919 374 2995 civitatis
402 2921 555 3006 princeps
590 2943 657 2984 esse
683 2927 815 3005 posset,
837 2920 890 2984 vel
914 2920 1128 2983 vindicandae
1154 2921 1321 2984 fraternae

99 3004 218 3067 mortis
248 3003 371 3087 gratia,
409 3005 463 3068 vel
489 3004 762 3087 praemuniendae
796 3004 915 3090 regalis
948 3003 1138 3086 potentiae,
1176 3002 1322 3068 eiusdem

101 3086 242 3177 exempli
262 3087 467 3150 tribunatum
488 3083 670 3173 ingressus,
692 3089 791 3173 longe
813 3086 937 3170 majora
960 3095 992 3147 et
1007 3087 1135 3146 acriora
1154 3097 1319 3170 repetens,

101 3170 201 3234 dabat
228 3170 394 3235 civitatem
421 3175 572 3237 omnibus
599 3172 740 3244 Italicis,
774 3168 968 3231 extendebat
995 3189 1064 3227 eam
1094 3188 1196 3246 paene
1217 3193 1322 3255 usque

102 3252 219 3335 Alpes3
242 3254 409 3315 dividebat
430 3278 543 3339 agros,
566 3256 697 3318 vetabat
717 3274 814 3335 quem
839 3272 912 3312 uam
936 3248 1043 3309 civem
1064 3252 1137 3330 plus
1155 3253 1322 3337 quingen-

101 3335 146 3397 tis
167 3335 335 3417 iugeribus
358 3336 481 3399 hahere
503 3336 605 3420 (quod
628 3333 803 3415 aliquando
816 3274 899 3416 lege
919 3330 1044 3393 Licinia
1068 3343 1198 3396 cautum
1215 3338 1320 3418 erat),

101 3439 188 3482 nora
214 3417 434 3500 constituebat
454 3419 628 3500 portoria,
661 3416 752 3476 noris
777 3415 917 3478 coloniis
940 3414 1087 3497 replebat
1108 3419 1321 3499 provincias;

104 3498 227 3565 iudicia
247 3521 264 3559 a
284 3498 404 3560 Senatu
425 3498 642 3561 transferebat
667 3495 706 3557 ad
731 3499 874 3582 equites,
902 3500 1100 3561 frumentum
1125 3501 1215 3581 plebi
1242 3503 1323 3567 dare

103 3583 312 3671 institueram
342 3581 428 3644 nihil
454 3580 647 3655 immotum,
675 3580 760 3645 nihil
787 3582 1023 3665 tranquillum,
1056 3584 1140 3646 nihil
1172 3585 1323 3669 quietum

105 3665 246 3751 denique
268 3667 302 3729 ia
325 3666 439 3729 eodem
466 3674 551 3727 statu
579 3663 806 3749 relinquebat3
840 3667 920 3751 quin
948 3664 1085 3728 alterum
1118 3670 1215 3730 ctiam
1238 3680 1345 3732 con-'

104 3751 247 3813 tinuavit
276 3750 490 3813 tribunatum.
534 3751 630 3812 Hunc
660 3751 696 3812 L.
730 3750 883 3833 Opimius
916 3750 1057 3823 Consul,
1100 3751 1155 3834 qui
1175 3751 1324 3831 „Praetor

105 3833 270 3919 Fregellas
292 3830 467 3911 exciderat,
489 3842 681 3916 persecutus
699 3835 810 3907 armis,
833 3854 962 3917 unaque
983 3832 1134 3895 Fulvium
1153 3835 1319 3907 Flaccum,

107 3915 320 3980 Consularem
354 3936 391 3975 ao
417 3916 649 4000 triumphalem
680 3917 809 3992 virum,
844 3939 946 4001 aeque
980 3939 1080 3997 prava
1112 3918 1318 4002 cupientem,

106 4021 204 4086 mem
236 3998 270 4061 C.
294 3997 461 4062 Gracchus
483 4000 647 4063 inlocum
671 3999 799 4063 Tiberii
815 4001 934 4063 'fratris
956 3999 1180 4064 Triumvirum
1200 3998 1320 4061 nomi-

107 4091 264 4157 navarat,
302 4090 429 4146 etcum
462 4085 588 4147 socium
619 4081 736 4166 regalis
766 4084 966 4146 adsumsarat
995 4085 1178 4165 potentiae,
1211 4091 1322 4146 morte

108 4166 230 4230 adficit.
275 4164 434 4233 Idunum
462 4168 587 4231 nefarie
616 4165 656 4227 ab
687 4165 823 4250 Opimio
846 4167 1048 4251 proditum,¹
1067 4166 1156 4249 quod
1179 4165 1320 4248 capitis,

107 4273 175 4312 non
206 4248 311 4311 dicam
342 4250 506 4326 Gracchi,
536 4248 592 4313 sed
626 4247 706 4312 civis
735 4250 875 4312 Romani
906 4250 1051 4333 pretinm
1082 4272 1115 4312 se
1145 4248 1321 4327 daturum,

109 4332 209 4417 idque
230 4354 310 4395 auro
332 4354 545 4416 repensurum
565 4332 750 4414 proposuit.
795 4334 930 4396 Flaccus
951 4333 985 4395 in
1010 4331 1188 4406 Aventino,
1211 4357 1323 4401 arma·-

108 4426 161 4479 tos
185 4414 225 4477 ad
249 4436 392 4498 pugnam
416 4419 515 4491 ciens,
538 4438 611 4479 cum
631 4415 700 4478 filio
728 4417 855 4479 maiore
877 4415 1035 4497 iugalatus
1058 4426 1115 4477 est.
1153 4417 1323 4493 Gracchus

104 4497 320 4584 profugiens,
346 4522 446 4602 quum
467 4498 530 4562 iam
553 4497 888 4580 comprehenderetur
909 4499 949 4560 ah
973 4499 1035 4574 iis,
1059 4522 1141 4582 quos
1164 4502 1320 4584 Opimius

111 4584 261 4656 miserat,
281 4604 442 4675 carraceto
461 4581 598 4669 Euporo
612 4602 707 4677 serra
721 4582 887 4677 praebuit,
903 4581 959 4683 qui
974 4605 1041 4679 non
1056 4585 1233 4685 seprius-se
1250 4584 1323 4671 ipse
