2850 4958
184 285 257 365 116
566 281 611 355 Is.
636 275 821 355 suram
848 275 996 351 Fuoat

175 469 215 514 re
244 455 351 510 autem
379 441 635 507 dominationem
662 440 726 505 sibi
747 442 940 541 acquirens,
969 437 1112 501 studium
1131 437 1260 523 populi
1281 458 1319 499 uo
1337 438 1376 497 fa-

175 552 308 605 vorem,
336 528 493 611 agrariis,
523 525 771 598 frumentariis,
800 523 981 586 iudiciariis
1002 523 1128 606 legibus
1150 520 1378 603 aucupabatur.

135 634 158 678 a
178 614 289 676 Inerat
323 610 473 672 omnibus
503 609 627 690 species
658 608 841 691 aequitatis.
894 605 983 684 Quid
1016 608 1101 667 enim
1136 614 1205 666 tam
1245 606 1375 681 iustum,

177 718 273 780 posu
293 695 442 775 recipere
462 692 591 777 plebem
612 692 662 752 ius
682 712 776 753 suum
796 713 815 752 a
836 690 996 772 patribus,
1019 710 1060 749 ne
1080 688 1229 772 populus
1247 688 1380 772 gentina

134 773 304 852 3viotor,
327 778 482 860 orbisque
501 794 687 858 possessor,
709 776 850 836 extorris
872 775 937 835 aris
958 793 995 834 ao
1016 773 1099 834 focis
1122 781 1261 856 ageret?
1303 768 1379 851 Quid

174 870 242 923 tarn
272 882 430 942 aequum,
461 880 557 941 quam
588 858 720 938 inopem
750 857 911 941 populum
939 857 1050 917 vivere
1080 875 1120 915 ex
1150 855 1287 917 aerario
1310 866 1383 917 suot

174 940 266 1024 Quid
286 943 326 1005 ad
348 944 398 1005 ius
418 942 580 1005 libertatis
601 939 786 1022 aequandae
808 941 909 1024 magis
930 938 1051 1012 efficax,
1072 960 1169 1019 quum
1194 947 1248 1011 ut,
1270 938 1378 999 Senatu

176 1034 309 1111 regente
329 1026 527 1108 provincias,
550 1023 672 1087 ordinis
695 1024 853 1106 equestris
868 1023 1046 1084 auctoritas
1060 1021 1173 1082 saltem
1188 1021 1380 1085 iudiciorum

133 1107 279 1194 'dregno
300 1105 485 1172 niteretur?
527 1106 590 1169 Sed
610 1106 692 1169 baec
713 1110 782 1188 ipsa
804 1108 839 1167 in
864 1106 1045 1187 perniciem
1067 1102 1243 1180 redibant,
1267 1113 1304 1166 et
1323 1104 1380 1166 rn'i-.

178 1214 249 1255 sera
271 1191 466 1275 Respublica
487 1190 521 1251 in
543 1191 678 1253 exitium
699 1211 793 1251 suum
813 1210 937 1251 merces
958 1197 1039 1249 erat.
1081 1189 1164 1247 Nam
1186 1196 1223 1248 et
1238 1211 1258 1248 a
1272 1188 1380 1251 seusu

177 1276 214 1337 in
241 1264 386 1357 'equitem
414 1272 570 1335 translata
607 1272 807 1335 iudiciorum
840 1280 984 1354 potestas
1017 1266 1212 1353 vectigalia,
1254 1270 1290 1333 id
1321 1278 1379 1345 est,

177 1357 309 1437 imperii
340 1356 596 1441 patrimonium,
622 1354 865 1437 supprimebat3
897 1364 931 1415 et
961 1355 1060 1415 emtio
1091 1354 1276 1428 frumenti,
1309 1354 1381 1439 ipsas

135 1437 390 1520 blieipublicae
420 1458 559 1511 nervos,
593 1438 805 1499 exhauriebat
840 1439 1014 1499 aerarium.
1064 1436 1188 1498 Reduci
1223 1436 1322 1520 plebs
1350 1438 1379 1499 ia

178 1543 273 1606 agros
295 1521 380 1583 unde
401 1530 533 1605 poterat
552 1521 621 1583 sine
641 1519 878 1603 possidentium
899 1521 1088 1585 eversione?
1117 1521 1175 1602 qui
1195 1529 1312 1583 tamen
1330 1519 1380 1605 ipsi

175 1624 253 1691 pars
280 1604 397 1687 populi
427 1612 540 1678 erant,
572 1612 606 1665 et
634 1603 764 1665 relictas
792 1604 856 1665 sibi
886 1626 906 1668 a
931 1602 1114 1666 maioribus
1143 1602 1240 1666 sedes
1261 1612 1379 1677 aetate,

179 1687 272 1772 quasi
293 1688 365 1753 iure
384 1686 606 1763 hereditario,
627 1685 851 1770 possidebant.

606 1828 966 1929 carur'xw.

473 2058 476 2064 Ι
574 2000 699 2042 8ΕῙ>ῙΤ10
722 2000 839 2040 aleran
861 1999 1009 2042 GRACCHI·

139 2154 156 2196 1
220 2132 365 2195 Primum
385 2130 597 2195 certaminum
616 2134 721 2194 facem
741 2130 896 2195 Tiberius
918 2130 1085 2193 Gracchus
1102 2132 1279 2208 accendit,
1303 2148 1382 2217 gene·

137 2235 160 2280 a
178 2210 236 2290 re,
258 2217 385 2288 somna,
408 2215 594 2298 eloquentia
614 2214 711 2277 facile
730 2215 893 2297 princeps.
937 2214 1002 2276 Sed
1022 2214 1095 2291 bic,
1118 2216 1185 2276 sive
1207 2213 1383 2280 Mancinia-

179 2318 241 2360 nae
262 2298 455 2372 deditionis,
478 2298 555 2380 quia
575 2319 716 2382 sponsor
736 2297 878 2360 foederis
896 2299 1025 2371 fuerat,
1048 2299 1241 2381 contagium
1265 2300 1381 2369 timeus.

137 2379 213 2442 bet
233 2381 309 2443 inde
337 2380 529 2462 popularis:
561 2381 628 2443 sive
653 2401 757 2463 aequo
787 2389 820 2441 et
840 2381 928 2441 bono
958 2379 1093 2456 ductus,
1123 2381 1200 2464 quia
1225 2382 1382 2465 depulsa·

180 2465 267 2546 agris
288 2464 353 2525 sais
373 2462 503 2545 plebem
523 2464 693 2525 miseratus
716 2473 774 2536 est,
795 2484 836 2523 ne
857 2461 999 2545 populus
1021 2464 1182 2548 [gentium
1198 2464 1324 2541 victor,
1340 2466 1382 2525 ob

177 2546 294 2629 bisque
306 2549 504 2628 possessor,]
517 2545 642 2608 laribus
652 2568 688 2608 ac
698 2547 782 2608 focis
792 2547 857 2606 suis
868 2545 1040 2622 exsularet,
1053 2555 1261 2631 quacumque
1272 2552 1381 2629 mente.

137 2628 160 2706 4
179 2650 249 2692 rem
263 2650 357 2690 ausus
372 2629 544 2712 ingentem.
573 2629 751 2713 Postquam
766 2629 947 2711 rogationis
966 2629 1035 2691 dies
1049 2630 1172 2704 aderat,
1189 2630 1318 2713 ingenti
1331 2627 1382 2691 sti·

177 2720 273 2794 patus
288 2711 414 2794 agmine
432 2712 550 2771 Rostra
573 2712 782 2786 conscendit3
804 2734 865 2774 nec
881 2712 992 2774 deerat
1009 2714 1104 2775 obvia
1120 2736 1215 2773 manu
1233 2724 1305 2776 tota
1320 2710 1381 2776 inde

134 2787 156 2853 5
178 2794 355 2867 nobilitas,
386 2802 418 2854 et
444 2792 584 2857 Tribuni
608 2796 822 2879 inpartibus.
865 2793 929 2856 Sed
952 2796 1008 2857 ubi
1030 2796 1289 2859 intercedentem
1308 2794 1380 2875 legi·

176 2877 238 2938 bus
260 2879 325 2938 suia
347 2875 461 2938 Caium
486 2878 658 2941 Octavium
688 2876 778 2940 ridet
801 2878 988 2954 Gracchus,
1022 2889 1136 2941 contra
1160 2880 1207 2939 fas
1237 2877 1376 2965 collegii,
1415 2924 1417 2944 .

176 2960 245 3039 [ius
268 2962 474 3045 potestatis,]
499 2962 618 3053 iniecta
640 2984 758 3036 mann,
789 2960 915 3043 depulit
939 2962 1085 3024 Rostris:
1111 2960 1261 3047 adeoque
1285 2984 1376 3048 prae·
1408 2973 1417 3032 ῐ

176 3044 276 3106 sentis
300 3051 403 3106 metu·
419 3045 535 3105 mortis
561 3046 742 3119 exterruit,
772 3055 809 3105 ut
834 3045 986 3106 abdicare
1009 3067 1042 3108 se
1068 3045 1260 3129 magistratu
1285 3067 1376 3131 coge·
1414 3048 1417 3058 '

135 3120 280 3189 b'retur.
325 3126 380 3187 Sic
410 3127 578 3190 Triumvir
609 3138 737 3190 creatus
760 3126 941 3189 dividendis
964 3131 1061 3211 agris.
1105 3130 1216 3207 Quum
1239 3130 1280 3192 ad
1305 3150 1375 3211 per-

174 3208 335 3292 petranda
365 3218 482 3290 coepta
504 3209 559 3270 die
581 3211 793 3272 comitiorum
813 3212 989 3292 prorogari
1010 3211 1073 3272 sibi
1086 3210 1185 3273 vellet
1199 3211 1373 3298 imperium,

178 3292 275 3353 obvia
296 3291 458 3353 nobilium
483 3314 597 3364 manu,
628 3314 827 3374 eorumque,
857 3313 938 3373 quos
964 3296 1048 3377 agris
1076 3305 1246 3370 moverat,
1278 3296 1373 3359 caedes

135 3376 295 3457 7aforo
324 3372 446 3452 coepit.
490 3372 571 3435 Inde
596 3396 697 3454 quum
719 3374 752 3432 in
779 3375 976 3456 Capitolium
1000 3380 1221 3462 profugisset,
1247 3374 1374 3465 plebeus·

178 3472 243 3535 que
266 3452 307 3514 ad
335 3454 556 3515 defensionem
581 3455 693 3518 salutis
715 3476 812 3528 suae,
843 3478 939 3520 manu
969 3470 1067 3543 eaput
1091 3472 1248 3547 tangens,
1271 3462 1377 3525 horsa.
1407 3522 1410 3535 ,

175 3544 292 3613 retur,
323 3536 648 3619 praebuitspeciem
685 3558 821 3619 regnum
850 3541 913 3600 sibi
950 3552 981 3603 et
1015 3544 1162 3608 diadema
1199 3546 1372 3629 poscentis:
1413 3594 1417 3612 .-

178 3626 275 3702 atque
294 3620 373 3695 ita,
405 3617 488 3682 duce
514 3618 669 3701 Scipione
695 3620 828 3698 Nasica,
863 3626 1025 3689 concitato
1057 3629 1093 3691 in
1122 3648 1213 3692 arma
1238 3628 1372 3717 populos

179 3701 271 3786 quasi
293 3701 366 3766 iure
387 3723 560 3788 oppressus
583 3710 641 3764 est.

613 3848 841 3919 CAPUT
882 3852 958 3916 XV.

592 3954 715 3995 SEDITIO
740 3952 805 3994 CAH
828 3956 974 3999 GRACCHI·

138 4094 156 4138 r
219 4075 336 4141 Statim
357 4091 391 4145 et
410 4072 527 4145 mortis
548 4094 581 4147 et
601 4085 710 4170 legum
737 4082 849 4147 fratris
870 4088 920 4149 sui
941 4087 1059 4151 vindex
1079 4114 1148 4154 non
1167 4095 1295 4158 minore
1316 4093 1374 4163 isn-
1415 4106 1417 4164 J

137 4169 255 4241 apetu
287 4164 422 4227 incaluit
453 4167 547 4228 Caius
579 4168 757 4230 Gracchus.
802 4171 867 4247 Qui
899 4193 999 4254 quum
1026 4175 1104 4257 pari
1125 4178 1271 4241 tumultu
1288 4182 1375 4259 aare

178 4252 307 4305 terrore
331 4246 460 4328 plebem
492 4249 526 4311 in
557 4250 662 4311 avitos
691 4273 788 4335 agros
817 4263 1015 4328 arcesseret,
1046 4268 1079 4318 et
1099 4272 1265 4323 recentem
1286 4256 1375 4323 Attali

134 4325 391 4422 bbereditatem
414 4332 447 4393 in
468 4331 620 4393 alimenta
646 4333 773 4416 populo
796 4334 1030 4413 polliceretur:
1063 4340 1192 4424 iamque
1213 4346 1332 4407 nimius
1349 4349 1376 4402 et

136 4412 158 4484 4
181 4421 341 4489 impotens
355 4412 460 4478 altero
475 4412 670 4491 Tribunatu,
685 4416 824 4480 secunda
838 4416 934 4500 plebe
949 4421 1113 4485 volitaret:
1130 4427 1296 4505 obrogare
1309 4444 1376 4487 auso

177 4490 303 4568 legibus
323 4497 388 4557 suis
410 4495 554 4557 Minucio
578 4500 749 4579 Tribuno,
777 4501 880 4562 fretus
912 4505 1069 4566 comitum
1098 4531 1193 4569 manu
1214 4511 1315 4573 fatale
1332 4511 1376 4571 ir-

132 4568 153 4630 5
175 4574 271 4636 milae
291 4596 368 4643 suae
390 4576 588 4663 Capitolium
607 4582 733 4655 invasit.
777 4582 858 4646 luda
879 4587 1106 4671 proximorum
1131 4592 1230 4657 caede
1255 4594 1374 4677 pulsus.
1406 4666 1409 4673 ,
