2850 4958
178 290 251 385 134
561 287 607 364 It.
633 281 819 357 sultam
844 282 994 362 rnom

137 451 147 497 ·'
167 452 254 528 luit,
276 458 311 515 et
332 470 395 535 par
413 447 579 533 utrimque
599 446 795 525 discrimen,
818 457 856 512 ut
876 446 981 512 exstas
1000 444 1123 531 proelii
1144 442 1277 513 docuit.
1312 448 1371 513 u·-
1414 441 1417 518 ἵ

129 544 227 620 rrpta
248 543 323 598 sunt
342 532 421 597 binc
443 531 587 595 Caesaris
610 540 733 607 castra,
763 532 840 596 inde
867 530 979 595 Cassii.
1022 528 1088 593 Sed
1116 540 1246 615 quanto
1268 530 1372 597 effica-
1415 585 1417 598 .

169 620 246 682 eior
275 625 324 679 est
353 619 517 693 Fortuna,
548 626 646 699 qaam
676 616 801 681 virtus!
841 614 885 676 Et
916 636 1013 699 quam
1042 634 1156 676 rerum
1187 624 1240 676 est
1252 659 1262 691 ,
1293 614 1373 701 qa'ol
1416 638 1417 649 ¹

169 701 314 764 moriens
334 702 473 775 efflavit,
501 722 565 761 non
583 702 619 760 io
638 723 675 759 re
686 743 695 774 ,
721 699 828 761 sedin
853 699 949 765 aerbo
971 709 1098 758 tantum
1119 718 1187 757 esse
1206 698 1373 763 sarratam!

130 768 357 855 „Victoriam
378 784 427 847 illi
447 782 577 869 proelio
601 802 697 845 error
718 782 820 845 dedit.
862 782 990 844 Cassius
1009 781 1167 842 inclinato
1186 802 1299 843 cornu
1312 804 1375 845 sao

168 888 262 942 rum,
293 890 415 952 quum,
448 867 552 950 captis
574 866 718 927 Caesaris
740 864 875 942 eastris,
897 865 1013 949 rapido
1038 865 1162 947 impetu
1183 866 1374 948 recipiente

130 952 203 1021 ldae
226 952 351 1035 equites
371 950 519 1025 rideret,
548 952 661 1033 fugere
682 949 877 1025 arbitratus,
911 946 1019 1012 eradit
1039 948 1073 1008 in
1094 946 1285 1009 tumulum:
1311 949 1373 1011 iada
1415 948 1417 979 ¹

169 1034 305 1119 pulvere
326 1044 359 1099 et
377 1033 539 1118 strepitu,
563 1040 595 1095 ct
615 1032 679 1093 iam
700 1042 796 1094 noete
818 1033 943 1107 vicina,
966 1031 1182 1093 eximentibus
1204 1040 1318 1115 gestae
1334 1030 1373 1095 ssi
1416 1030 1417 1063 ¹

169 1138 315 1193 sensum,
338 1138 438 1202 quum
460 1116 646 1201 speculator
669 1136 802 1263 qpoque
823 1117 858 1178 in
879 1114 914 1178 id
935 1116 1070 1187 missus,
1103 1114 1233 1175 tardius
1256 1136 1372 1177 renun-

169 1201 293 1275 ciaret3
315 1209 512 1263 transactum
534 1200 575 1263 de
594 1199 681 1282 parti
707 1221 745 1261 us
764 1208 876 1274 ratus,
898 1199 956 1260 uui
978 1198 1019 1260 de
1038 1197 1200 1278 proximis
1223 1200 1373 1261 auferen-

130 1283 247 1364 14dum
265 1284 419 1366 praebuit
440 1293 549 1368 ceput.
592 1286 711 1345 Brutus
724 1304 825 1365 quum
840 1282 874 1343 iu
891 1282 998 1344 Cassio
1016 1282 1112 1342 etiam
1127 1300 1225 1341 auum
1242 1282 1373 1343 animan
1412 1276 1417 1315 ⁰

168 1365 384 1451 perdidisset,
411 1388 454 1430 ne
478 1365 559 1453 quid
587 1388 626 1429 ex
647 1366 818 1466 constituti
840 1363 903 1427 fide
922 1365 1123 1462 resignaret,
1148 1363 1210 1463 {ita
1233 1365 1321 1427 enim
1339 1376 1372 1427 ns
1410 1360 1417 1482 ἔ

130 1450 735 1616 attttttttt‘ltattt5:539
756 1470 826 1611 tt
844 1455 1374 1615 :tltttnt'lstttttttttt
1410 1527 1416 1565 ε

169 1626 264 1680 retur
284 1618 325 1679 ad
344 1617 496 1680 ultimum
521 1638 588 1680 non
611 1616 682 1678 suis
711 1618 860 1680 manibus
880 1627 978 1678 usos?
1020 1613 1091 1675 Nisi
1112 1612 1140 1673 si
1161 1613 1230 1673 boc
1252 1632 1372 1699 quoquo
1408 1610 1417 1649 l

172 1720 212 1762 ax
230 1701 441 1783 persuasione
461 1700 542 1775 suit,
573 1721 612 1762 ne
632 1697 794 1762 violarent
815 1718 949 1772 manus,
972 1697 1028 1759 sed
1050 1697 1083 1757 in
1103 1694 1290 1761 abolitione
1309 1718 1371 1759 san-

171 1784 386 1846 ctissimarum
408 1784 693 1868 piissimarumque
713 1785 895 1849 animarum
919 1779 1044 1843 iudicio
1066 1800 1151 1853 suo,
1171 1779 1300 1845 scelere
1319 1778 1370 1843 ali-

172 1886 234 1929 eno
256 1875 438 1931 uterentur.

598 2041 826 2107 CAPUT
866 2041 964 2106 vm.

391 2186 396 2195 ·
529 2163 653 2223 samum
675 2180 743 2223 curs
763 2180 862 2224 ssxro
884 2176 1041 2225 ronrmo·
1066 2182 1069 2187 ·

131 2328 149 2374 r
211 2306 356 2374 Sublatis
386 2311 635 2395 percussoribus
667 2309 832 2384 Caesaris,
863 2317 1033 2394 supererat
1062 2303 1217 2392 Pompeii
1254 2302 1368 2375 donas
1405 2262 1417 2386 l

171 2388 265 2455 Alter
286 2394 438 2456 iuvenum
460 2394 494 2455 in
516 2388 671 2478 Hispania
695 2393 881 2477 occiderat,
904 2394 988 2457 alter
1007 2395 1084 2478 fuga
1106 2386 1273 2455 eraserat:
1297 2412 1369 2455 con·
1407 2408 1417 2469 t-

21 2476 24 2483 '
158 2477 350 2563 ¹tractisque
379 2476 518 2539 infelicis
548 2478 627 2540 belli
657 2476 829 2561 reliquiis,
882 2498 959 2540 uum
984 2476 1118 2561 insuper
1140 2473 1303 2559 ergastula
1326 2494 1370 2537 ar·
1405 2515 1417 2555 ,

130 2569 307 2634 amasset,
336 2559 482 2622 Siciliam
504 2560 752 2643 Sardiniamque
778 2500 931 2625 habebat.
975 2559 1043 2621 Iam
1066 2567 1100 2621 et
1120 2544 1221 2625 classe
1243 2556 1371 2621 medium
1405 2599 1414 2659 ς

176 2652 266 2704 mare
287 2644 460 2705 insederat.
504 2644 533 2706 Ο
557 2667 653 2729 quam
682 2644 826 2707 diversus
849 2637 1004 2728 epatre!
1037 2642 1100 2707 Ille
1122 2640 1240 2704 Cilicas
1262 2642 1371 2705 exstiu·
1404 2681 1417 2720 ,¹

130 2721 284 2786 sacras:
306 2724 400 2788 hicce
421 2727 548 2807 pirat...
571 2761 711 2777 ---
732 2726 810 2789 belli
833 2727 956 2791 navalis
977 2725 1127 2809 agitaret.
1174 2725 1280 2785 Tanta
1302 2720 1372 2785 mols
1403 2745 1417 2803 5,

172 2805 252 2870 belli
279 2814 410 2891 penitus
441 2810 474 2872 in
503 2810 614 2875 Siculo
645 2813 731 2874 freto
761 2810 887 2875 iuvenis
915 2830 1089 2896 oppressas
1113 2816 1180 2871 est:
1214 2809 1372 2893 magnique
1406 2827 1417 2886 a]

171 2891 290 2952 tamam
313 2891 402 2955 ducis
423 2891 463 2955 ad
485 2892 608 2972 inferos
629 2916 738 2957 secum
758 2893 905 2969 tulisset,
937 2893 965 2955 si
988 2900 1143 2955 tentasset
1172 2888 1315 2957 ulterius
1331 2890 1372 2953 ai·
1406 2907 1417 2971 1,

130 2960 242 3059 alut:
265 2973 327 3036 nisi
349 2976 438 3060 quod
459 2999 591 3062 magnae
612 2978 732 3040 indolis
752 2979 879 3063 signum
902 2985 960 3052 est,
983 2997 1115 3059 sperare
1137 2994 1279 3057 semper.
1307 2974 1371 3037 Per
1409 3015 1417 3053 ,

172 3054 250 3118 ditis
272 3059 358 3121 enim
378 3060 476 3122 rebus
496 3061 648 3145 profugit
667 3061 841 3145 Asiamque
862 3058 941 3124 velis
961 3060 1066 3142 petit,
1097 3066 1255 3123 venturas
1277 3057 1324 3119 ibi
1345 3056 1370 3119 is

174 3146 286 3205 manus
307 3141 452 3204 hostium
477 3150 509 3204 et
530 3154 677 3219 catenas,
701 3152 753 3218 ct,
784 3143 873 3228 quod
893 3141 1115 3205 miserrimum
1139 3143 1220 3222 [est]
1242 3140 1372 3204 sortitas
1413 3184 1417 3223 ,

133 3219 153 3288 5
174 3223 276 3299 viris,
300 3224 340 3286 ad
361 3225 506 3287 hostium
529 3228 704 3289 arbitrium
721 3227 780 3288 sub
800 3244 993 3313 percussore
1014 3225 1207 3289 moriturus.
1231 3224 1309 3289 Nou
1322 3218 1373 3287 atta
1414 3245 1417 3260 ¹

126 3342 129 3346 -
175 3316 252 3393 post
272 3307 401 3368 Xerxen
426 3310 647 3371 miserabilior
665 3313 762 3391 fuga:
786 3311 909 3394 quippe
929 3306 1029 3369 modo
1051 3317 1275 3373 trecentarum
1290 3306 1375 3411 quis·
1414 3327 1417 3371 t

177 3389 329 3470 quaginta
349 3391 479 3450 navium
501 3389 670 3466 dominus,
693 3411 766 3452 cum
787 3414 842 3455 sex
863 3398 1027 3479 septemve
1046 3390 1204 3476 fuglebat,
1226 3396 1374 3455 entsnctt

138 3536 142 3545 ¹
176 3468 363 3552 praetoriae
382 3470 472 3531 navia
491 3470 633 3547 lumine,
657 3470 783 3535 annulis
804 3476 837 3538 in
857 3494 948 3537 mare
968 3473 1128 3553 abiectis,
1146 3474 1270 3565 pavens
1291 3482 1376 3561 utqut

176 3559 383 3639 respectans,
405 3560 438 3621 et
458 3561 567 3619 tamen
585 3576 653 3619 non
674 3554 812 3635 timens,
833 3577 875 3625 ue
893 3555 1035 3643 periret,

615 3708 959 3821 carnrrn'

474 3889 597 3971 Bma'ml
617 3890 800 3936 mt'tsst’utl
822 3892 907 3938 msc!
928 3891 1092 3938 meto.

145 4042 160 4089 r
225 4021 378 4102 Quamvis
406 4021 441 4085 in
470 4014 583 4087 Cassio
612 4031 646 4086 et
676 4024 778 4103 Bruto
808 4033 918 4108 partes
939 4021 1140 4099 sustulisset}
1172 4014 1205 4084 in
1228 4016 1380 4107 Pom'peia

172 4113 290 4167 totum
309 4105 454 4187 partium
474 4106 826 4172 nome'niaboleiis'set:
847 4107 1122 4172 nondum'tamen
1143 4105 1183 4169 ad
1203 4107 1381 4190 pantapte·-

176 4188 345 4253 ·bilitate'rn
371 4190 578 4271 profecerat·
590 4188 726 4268 Caesar,
752 4202 873 4274 'quarn'
885 4192 1039 4275 scopulus
1060 4194 1093 4253 et
1113 4188 1219 4273 nodus
1237 4198 1275 4253 'et
1297 4196 1382 4269 subn

132 4270 334 4355 ‘republicae
354 4272 537 4335 saturitatis
563 4268 743 4355 superesset
769 4273 954 4338 Antonius.‘
981 4276 1052 4353 'Nec
1073 4273 1131 4336 ille
1143 4272 1258 4335 'defait
1269 4272 1381 4343 uitiis,

174 4355 264 4438 qaia
285 4356 429 4438 periret}
452 4356 552 4431 immo
571 4356 682 4417 omnia
705 4366 855 4441 expertus
877 4359 1000 4423 ambitu
1023 4356 1222 4430 et²lu1urie²,
1237 4358 1384 4441 primun

174 4438 294 4523 'bostes
306 4436 463 4519 ,deinde
488 4439 595 4511 cives,
627 4440 757 4502 tandem
776 4441 877 4502 etiam
895 4442 1026 4504 terrore
1045 4441 1098 4519 s'ai
1116 4438 1281 4503 siccatam
1303 4439 1386 4501 libe-

143 4519 280 4585 dravit.
318 4519 433 4582 Partbi
455 4520 545 4582 clade
567 4522 731 4584 Crassiana
752 4518 847 4585 atrita
869 4525 993 4587 animos
1016 4532 1196 4597 erexerant,
1213 4523 1385 4605 civilesque
1415 4556 1417 4571 ι

171 4602 313 4688 [populi
339 4604 497 4691 Romani]
522 4601 704 4672 dIseordias
726 4605 805 4672 laeti
834 4618 1037 4695 acceperant.
1075 4608 1206 4693 Itaque*
1220 4617 1259 4671 ut
1278 4608 1386 4693 prinis
