2850 4958
484 274 584 354 nm.
604 274 634 355 1.
666 270 777 374 css,
800 272 885 360 nr.

514 438 588 505 CA
608 440 635 504 P
656 440 689 504 n
711 440 740 501 T
782 438 861 504 Vll.

471 572 512 617 ns
546 570 725 632 rsnomnro
761 570 910 620 snesaso.
933 596 937 602 -

119 702 312 768 Postremus
342 706 489 769 omnium
523 707 589 770 luit
623 728 737 793 regum
768 706 989 795 Tarquinius,
1023 702 1078 767 edi
1112 695 1337 793 cognomenr

73 789 221 871 Superbo
245 810 284 850 ex
306 791 454 853 moribus
475 790 609 854 datum·
640 796 707 856 Hic
726 810 863 878 regnum
883 792 1018 864 avitum,
1041 788 1133 888 quod
1147 814 1165 851 a
1179 791 1297 854 Servio
1318 814 1339 856 a

73 873 264 947 tenebatur,
287 894 406 957 rapere
426 875 557 949 moluit,
581 888 678 959 qaum
700 885 906 958 exspectare3
930 874 1148 956 immissisque
1168 873 1203 935 iu
1225 880 1301 937 enm

74 957 345 1040 percussoribus,
369 958 491 1020 scelere
511 965 640 1042 partum
659 968 857 1043 potestatem
877 976 944 1020 non
963 956 1081 1018 melius
1102 956 1181 1042 egit,
1201 976 1300 1041 quam

75 1039 292 1123 acquisierat.
334 1042 403 1102 Nec
434 1042 638 1105 abhorrebat
666 1043 817 1105 moribus
846 1042 933 1104 uxor
964 1038 1074 1101 Tullia
1087 1074 1099 1114 ,·
1129 1056 1235 1124 quse,-
1263 1041 1343 1105 usn

73 1123 190 1186 virum
211 1144 320 1206 regem
342 1125 510 1199 salutaret,
532 1145 634 1208 supra
656 1135 829 1189 cruentum
849 1136 991 1210 patrem,
1013 1130 1106 1185 vecta
1127 1132 1299 1205 carpento,

75 1215 313 1269 consternatos
335 1230 437 1293 equus
460 1210 526 1295 egit
580 1208 646 1271 soe
666 1209 736 1292 ipse
757 1211 792 1271 in
812 1210 966 1272 Senatum
988 1205 1153 1282 caedibus,
1176 1207 1210 1268 iu
1226 1230 1302 1269 om-
1323 1208 1347 1286 4

76 1310 139 1352 nes
171 1291 348 1374 superbia,
379 1314 463 1375 quac
494 1293 690 1355 crudelitate
720 1296 854 1377 gravior
883 1302 931 1355 est
959 1290 1077 1364 bonis,
1115 1300 1301 1375 grassatus,

132 1395 187 1435 um
208 1373 376 1435 saevitiam
397 1373 487 1436 domi
509 1366 692 1460 fatigasset,
715 1376 848 1439 tandem
869 1378 904 1438 iu
924 1376 1037 1437 hostes
1050 1388 1226 1436 conuersus
1240 1383 1301 1436 est.

77 1394 137 1520 gine
160 1456 266 1519 valida
288 1456 410 1539 oppida
434 1458 465 1518 iu
488 1459 583 1521 Latio
604 1470 703 1543 capta¹
719 1470 795 1521 sunt
816 1459 936 1533 Ardea,
962 1456 1166 1531 Ocriculum,
1190 1458 1301 1532 Gabii,
1323 1454 1344 1523 5

80 1541 200 1601 Suessa
220 1541 383 1602 Pometia.
425 1542 511 1603 Tum
533 1558 665 1631 quoque
686 1552 844 1605 cruentas·
860 1543 895 1603 in
916 1556 1013 1603 suos:
1035 1560 1141 1621 neque
1160 1542 1247 1602 enim
1261 1541 1303 1601 fi·
1324 1541 1345 1605 6

80 1624 167 1687 lium
187 1624 364 1686 verberare
385 1624 570 1700 dubitavit,
593 1618 632 1686 ut
650 1624 814 1687 simulanti
842 1627 1043 1707 transfugam
1073 1620 1161 1704 apud
1190 1623 1302 1685 hostes

81 1707 165 1771 binc
194 1706 274 1768 fides
305 1716 398 1769 esset.
442 1708 666 1782 Cui-Gabios,
691 1719 727 1769 ut
745 1708 917 1782 voluerat,
939 1714 1093 1787 recepto,
1116 1713 1214 1787 atque
1243 1727 1305 1789 per
1324 1724 1348 1792 7

83 1792 226 1853 nuncios
247 1791 451 1865 consulenti,
473 1791 644 1876 quidflees'
658 1793 776 1866 venet,
801 1791 974 1854 eminentia
997 1790 1087 1849 forte
1105 1806 1307 1870 papaverum

83 1874 195 1955 capita
217 1874 344 1951 virgula
365 1876 545 1944 excutiens,
568 1896 670 1958 qaum
690 1895 752 1956 per
771 1875 837 1937 boc
859 1870 1106 1936 interficiendos
1127 1892 1194 1933 esse
1209 1872 1307 1954 prin-

84 1958 177 2039 cipes
199 1958 337 2040 intelligi
358 1958 479 2032 vellet,
501 1961 600 2059 (quae
622 1959 809 2039 superbiai)
830 1958 878 2020 sic
899 1953 1083 2040 respondit.
1126 1952 1249 2016 Tamen
1266 1953 1349 2019 dell

84 2040 251 2103 manubiis
272 2050 442 2122 captarum
467 2043 600 2104 urbium
620 2041 779 2121 templum
801 2041 917 2103 erexit.
961 2036 1061 2121 Quod
1107 2060 1185 2099 uum
1210 2038 1308 2099 inau-
1343 2060 1347 2068 ·

84 2133 286 2271 puras-etur,
318 2124 510 2188 cedentibus
538 2126 657 2187 ceteris
691 2126 769 2188 Deis
795 2124 891 2202 (mila
913 2144 966 2186 res
997 2056 1125 2200 notul)
1155 2121 1308 2184 restitere

107 2216 241 2271 uveutas
273 2214 307 2268 et
336 2207 521 2270 Terminus.
565 2207 696 2269 Placuit
726 2209 852 2269 vatibus
884 2205 1089 2269 coutumacia
1114 2205 1306 2265 numinum:

88 2290 256 2441 lilii?
278 2290 372 2459 {ili
393 2286 1101 2437 ‘lttldltlttld'”llllltmtit
1116 2285 1312 2431 lt‘lltn
1332 2309 1351 2371 ⁹

240 2421 248 2448 s
719 2424 726 2435 ¹
774 2422 782 2450 s

89 2467 261 2537 repertum
284 2468 331 2519 est
351 2468 469 2541 ceput:
492 2480 553 2520 nec
575 2459 767 2521 dubitavere
788 2459 920 2531 cuncti,
946 2463 1129 2518 monstrum
1149 2453 1312 2535 pulcher·
1345 2464 1349 2479 '

90 2534 215 2606 rimam
254 2541 386 2623 imperii
409 2541 535 2603 ‘sedem
573 2551 736 2625 caputque
776 2550 939 2603 terrarum
977 2538 1185 2623 promittere.
1214 2538 1353 2603 d'asmo

90 2625 153 2689 diu
174 2623 363 2705 superbiam
392 2626 479 2709 regis
499 2624 643 2707 populus
665 2627 828 2686 Romanus
847 2640 1020 2706 perpessus
1036 2628 1094 2694 est,
1111 2618 1313 2682 donecabe-

90 2717 148 2774 rat
167 2707 284 2768 libido.
328 2709 424 2768 Hanc
450 2726 490 2768 es
515 2707 631 2769 liberis
657 2709 727 2769 eius
755 2709 1039 2788 importunitatem
1069 2703 1215 2765 tolerare
1243 2720 1312 2763 non
1347 2712 1351 2723 '

88 2791 221 2877 potuit.
269 2790 419 2866 Quorum
453 2810 553 2873 quum
591 2789 676 2853 ulter
718 2791 943 2851 ornatissimae
972 2789 1111 2850 feminae
1140 2787 1352 2847 Eucretiaerr

91 2885 250 2955 stuprum
277 2871 457 2945 intulisset,
492 2880 640 2935 matrona
661 2873 804 2936 dedecus
821 2874 911 2934 lerro
933 2871 1089 2955 expiavit.
1132 2866 1314 2953 Imperium
1348 2890 1353 2901 ·

91 2968 169 3022 tuus
190 2954 324 3041 regibus
345 2954 553 3040 abrogatum.
752 2960 756 2964 ’

525 3132 646 3199 CAP
670 3135 702 3196 U
725 3132 754 3193 T
796 3124 902 3194 Vlll'.¹

382 3294 670 3347 snscurnsuseosts
692 3291 732 3343 nt
754 3288 874 3343 saman
896 3297 1040 3340 neonus.

143 3434 235 3495 Haec
256 3444 304 3496 est
323 3435 430 3517 prims
451 3445 540 3500 setas
558 3433 678 3518 populi
698 3432 855 3504 llumsni„
872 3437 905 3491 et
924 3430 1023 3515 quusi·
1039 3430 1198 3503 infantia,
1223 3447 1321 3512 quam
1344 3447 1360 3490 1

98 3517 222 3581 babuit
242 3520 302 3580 sub
325 3519 457 3602 regibus
479 3529 620 3603 septem,
644 3515 782 3603 quadam
800 3517 944 3577 fatorum
966 3514 1145 3585 industria,
1167 3521 1235 3572 tam
1255 3534 1320 3573 va-

100 3601 166 3665 riis
187 3599 340 3679 ingenio,
365 3612 403 3663 nt
430 3601 642 3684 lleipulilicsa
669 3599 755 3661 ratio
792 3606 824 3658 et
845 3598 970 3660 utilitas
995 3595 1196 3677 postulabat.
1241 3586 1364 3653 namu

155 3684 189 3745 id
215 3684 355 3747 llomulo
386 3686 575 3747 ardentius?
619 3683 693 3743 Tali
714 3702 797 3765 opus
818 3680 901 3755 fuit,
923 3688 960 3741 ut
985 3678 1154 3738 invaderet
1175 3680 1323 3756 reguum.

103 3704 197 3847 &bid
228 3770 332 3831 Numa
362 3765 574 3849 religiosius?
607 3768 658 3828 lta
690 3782 742 3826 res
774 3763 953 3844 poposcit,
988 3770 1026 3822 u't
1056 3762 1153 3822 ferox
1184 3754 1368 3836 populusb

103 3854 257 3917 Deorum
289 3858 378 3911 metu
409 3852 629 3936 mitigaretur.
673 3845 763 3926 Quid
793 3844 850 3907 ille
877 3846 1017 3907 militiae
1047 3844 1167 3906 artilex
1187 3838 1370 3915 Tullus,4

102 3934 326 4000 bellatoribus
355 3932 437 3994 siris
465 3956 564 4019 quam
585 3930 805 4002 necessarius,
839 3934 875 3987 ut
898 3935 1031 3990 acueret
1054 3925 1185 3989 ratione
1209 3922 1324 3984 virtu-

106 4028 190 4083 tem.
232 4017 323 4099 Quid
353 4014 546 4080 aedificatos·
575 4014 701 4077 Ancus?
738 4012 788 4074 Ut
810 4009 939 4073 Urbem
965 4010 1094 4073 colonia
1119 4006 1329 4078 extenderet,

105 4110 214 4189 ponte
236 4100 408 4186 iungeret,
433 4122 531 4166 muro
551 4107 713 4161 tueretur.
755 4095 825 4155 lam
844 4112 926 4155 vero
947 4100 1139 4155 ornamenta
1153 4088 1327 4171 Tarquinii
1349 4082 1370 4146 s

108 4194 145 4249 et
166 4184 304 4269 insignia
327 4192 485 4268 quanmns
508 4181 655 4269 principi
678 4177 805 4264 populo
829 4173 1028 4238 addiderunt
1053 4190 1091 4237 ex
1119 4177 1191 4259 ipso
1216 4171 1334 4232 babitu

108 4270 325 4353 dignitatem?
368 4269 469 4332 Actus
494 4291 513 4331 s
537 4266 653 4328 Servio
678 4282 791 4326 census
813 4258 901 4342 quid·
919 4255 1043 4332 effecit,
1067 4257 1130 4319 nisi
1154 4264 1192 4318 ut
1216 4257 1227 4319 i
1252 4274 1286 4315 sa
1302 4276 1336 4316 se

108 4360 226 4418 nosset
255 4352 474 4432 Respublica?
515 4351 689 4414 Postremo
721 4344 863 4426 Superbi
890 4342 980 4405 illius
1007 4340 1198 4440 importuna
1222 4276 1379 4402 domi-6

110 4439 209 4501 natio
232 4436 406 4513 nonnihil,
437 4435 538 4499 imma
570 4432 623 4495 vel
647 4429 850 4511 plurimum,
880 4424 1024 4511 proluit.
1064 4423 1120 4485 Sic
1146 4441 1239 4518 emm·
1260 4422 1369 4487 effe-·

112 4530 207 4671 capp
226 4528 294 4593 cst,
322 4528 361 4584 ut
384 4521 524 4613 agitatus
549 4515 685 4585 iniuriis
709 4511 854 4601 populus
889 4509 1071 4596 cupiditate
1093 4506 1258 4575 libertatis
1280 4506 1341 4573 in·-

116 4626 158 4672 oe
206 4610 335 4670 eretur.
1050 4618 1053 4625 ·
1265 4606 1269 4611 ·
