2850 4958
132 352 137 361 .
177 284 253 363 tt!
467 212 477 233 .
524 246 785 371 qdsst’t'tssbsst.
832 244 949 327 etit-¹..
965 260 1028 327 so.

612 410 738 489 ΒΗ)
761 414 794 481 u
815 413 848 483 't
888 414 932 481 x.

578 567 613 612 ἱ.
636 568 729 613 ΠΜ.
755 566 974 613 t'ssmssffltbe
996 570 1002 583 ‘

143 760 146 765 ·
175 766 179 771 ·
213 733 337 815 Titus,'
357 726 518 817 to'eabailo
544 733 647 817 patris
678 732 776 795 etiam
799 732 1016 817 Vespasianus
1042 730 1173 808 dietus,
1200 740 1306 795 matre
1329 732 1370 796 li-

171 828 283 898 berta,
307 814 649 889 Domitillanomine,
674 818 812 901 genitus,
837 816 1010 899 imperavit
1024 840 1126 880 annos
1141 816 1231 879 duos
1247 827 1279 878 et
1291 840 1370 893 men7

131 934 152 979 a
176 930 225 971 ses
251 909 333 969 aluos
352 906 491 985 ¹diesque
514 901 643 985 viginti.
685 902 751 962 Iste
775 922 791 959 a
812 920 918 983 puero
938 901 1116 984 praeclaris
1136 900 1278 975 studiis,
1301 923 1371 989 pro-

129 982 136 993 ’
173 995 301 1067 bitatis,
327 988 482 1059 militiae,
507 985 692 1047 litterarum
721 983 950 1051 instantissime
974 985 1125 1059 deditus,
1148 1008 1222 1071 quo
1244 995 1371 1047 conten-

131 1075 281 1151 5desit,
306 1072 405 1133 animi
434 1079 467 1130 et
489 1069 641 1151 corporis
665 1068 855 1131 muneribus
880 1067 1033 1130 ostendit.
1077 1068 1142 1131 Hic
1172 1069 1235 1131 ubi
1259 1069 1373 1151 patriae

174 1182 287 1222 curam
313 1155 479 1237 suscepit,
513 1150 800 1225 incredibileest,
835 1161 1012 1235 quantum,
1068 1174 1140 1213 uem
1173 1150 1372 1227 imitabatur,

173 1243 346 1308 anteierit,
377 1236 554 1321 praecipue
578 1234 769 1309 elementia,
803 1231 1020 1309 liberalitate„
1043 1174 1322 1311 lonorificentb,
1342 1256 1374 1297 ae
1410 1231 1421 1293 la

171 1328 330 1411 pecuniae
352 1328 538 1384 contemtu:
558 1338 648 1401 ¹quae
673 1338 712 1378 eo
738 1312 876 1401 amplius
901 1326 992 1401 grata
1011 1310 1228 1403 fuerequod
1244 1341 1283 1381 cx
1302 1341 1374 1381 non·
1410 1318 1421 1376 i

173 1411 272 1473 nullis
300 1431 318 1470 a
347 1404 478 1489 privato
503 1402 609 1463 adhue
637 1402 775 1485 patratis
800 1404 971 1485 asperior,
999 1398 1150 1465 luxuriae
1175 1412 1211 1465 ct
1234 1402 1374 1465 avaritiae
1409 1401 1421 1459 l

133 1492 284 1571 damnas
314 1490 511 1559 credebatur
541 1488 625 1547 fore.
668 1484 836 1568 Namque,
870 1486 1109 1567 praefecturam
1141 1486 1373 1569 praetorianas
1410 1486 1421 1543 l

173 1588 270 1723 patre
294 1578 475 1655 imperante
500 1568 655 1653 adeptus,
681 1577 864 1652 suspectum
889 1590 1050 1652 quemque
1074 1579 1106 1631 et
1131 1570 1325 1653 oppositum
1340 1566 1374 1629 si·
1410 1590 1422 1626 a

200 1661 232 1735 i,
259 1659 429 1729 immissis,
455 1653 510 1739 qni
535 1674 597 1737 per
620 1652 747 1713 theatra
779 1661 811 1713 et
842 1654 955 1713 castris
984 1652 1143 1716 invidiosa
1170 1650 1374 1716 iactantesad
1411 1673 1422 1710 a

174 1762 314 1829 poenann
339 1744 533 1825 poscerent,
562 1736 651 1819 quasi
678 1732 823 1797 criminis
841 1738 1024 1819 ¹convictos,
1042 1737 1226 1820 oppressit.
1262 1738 1297 1799 In
1315 1734 1374 1819 quis
1412 1758 1422 1796 s

175 1828 346 1891 Caecinam
363 1820 583 1893 Consularem,
607 1818 790 1879 adhibitum
806 1840 938 1892 coenae,
953 1818 1086 1883 vix'dum
1108 1819 1261 1884 triclinio
1276 1824 1376 1905 egres-
1413 1841 1422 1878 a

176 1934 269 1983 sum,
297 1908 339 1971 ob
366 1905 583 1987 suspicionem
606 1912 772 1983 stupratae
796 1902 977 1979 Berenicis,
1003 1904 1115 1965 uxoris
1135 1925 1229 1981 suae,
1252 1900 1376 1987 iugulari
1414 1903 1422 1963 i

133 1990 285 2065 biussit.
329 1990 439 2071 Iurgia
457 1994 562 2047 autern
583 1984 642 2045 sub
664 1996 758 2065 patre
777 1985 981 2067 venumdata,
1005 1984 1198 2070 rapinarum
1217 1986 1374 2073 cupidum:
1415 2008 1422 2045 s

176 2076 283 2147 unde,
314 2074 477 2134 Neronem
503 2068 611 2129 cuncti
639 2068 809 2147 opinantes
834 2074 1071 2154 vocantesque,
1098 2094 1262 2135 summam
1286 2088 1374 2134 rerum
1415 2092 1423 2130 ι

135 2159 309 2223 (inactum
331 2155 475 2237 graviter
505 2158 708 2232 acceperant.
751 2148 815 2213 Sed
837 2150 918 2212 haee
939 2153 971 2213 in
994 2154 1109 2215 melius
1130 2176 1293 2218 conversa
1314 2150 1370 2213 adeo
1416 2176 1423 2215 s

177 2244 209 2304 ei
232 2237 450 2302 immortalem
473 2235 613 2313 gloriam
636 2232 823 2309 contulere,
869 2234 1037 2297 tdeliciae
1058 2251 1158 2323 atque
1176 2236 1373 2301 amorium
1417 2264 1423 2297 a

136 2330 357 2411 pnigeneru's
379 2320 609 2402 appellaretur.
652 2316 804 2399 Denique
818 2258 866 2405 'ui
886 2318 987 2381 subiit
1006 2320 1135 2403 pondus
1158 2324 1307 2408 regium,
1327 2320 1376 2379 Be-
1419 2308 1423 2380 i

178 2412 333 2491 repieen,
354 2405 484 2487 nuptias
505 2422 576 2463 suas
596 2409 800 2482 sperantem,
824 2400 953 2485 regredi
976 2400 1130 2478 domum,
1155 2416 1189 2467 et
1213 2410 1377 2475 enervato·
1420 2427 1423 2464 a

137 2502 252 2557 sirum
275 2500 387 2573 greges
409 2484 501 2549 abire
520 2482 701 2568 praecepit.
726 2484 818 2571 ''Quo
840 2486 951 2561 facto,
982 2488 1074 2571 quasi
1102 2488 1235 2573 signum
1256 2482 1380 2575 protulit

136 2573 332 2639 8nmtatae·
359 2570 636 2649 intemperantiae.
694 2568 824 2645 Dehine
859 2590 961 2651 quum
995 2566 1114 2632 donata
1149 2589 1379 2653 concessuros

178 2656 350 2742 prioribus
370 2653 576 2733 principibus
597 2648 728 2711 liemare¹
749 2650 953 2734 insequentes
973 2652 1136 2730 solerent,
1159 2654 1262 2719 simul
1284 2654 1379 2731 impe·
1422 2676 1423 2681 ¹

138 2745 270 2830 prium
301 2740 408 2819 cepit,
441 2736 519 2797 talia
545 2732 786 2816 possidentibus
817 2734 924 2797 edicto
957 2740 1074 2821 'sp'onte
1101 2740 1199 2802 cavit.
1248 2736 1381 2821 Quadam

142 2834 149 2843 ‘
182 2826 280 2886 etiam
302 2819 372 2894 die,
399 2819 574 2881 recordans
599 2817 726 2901 vesperi
748 2817 832 2880 nihil
853 2839 887 2879 se
909 2818 1060 2904 cuiquam
1081 2823 1310 2905 praestitisse,
1330 2840 1381 2883 ve-

145 2980 149 2985 ,
181 2904 326 2968 nerando
350 2902 547 2983 coelestique
569 2900 681 2974 dieto,
712 2903 824 2963 Amici
835 2948 843 2975 ,
865 2900 911 2962 ait
923 2902 938 2976 ,’
949 2904 1147 2987 pardidimus
1170 2906 1280 2968 diem:
1297 2896 1383 2990 ¹qnod

142 2986 254 3053 toerat
273 2987 460 3071 magnificae
480 2982 699 3047 liberalitatis.
741 2984 952 3071 Clementiam
972 3008 1051 3048 vero
1074 3010 1177 3073 usque
1200 3012 1241 3053 eo
1267 2989 1384 3073 perdu-

179 3070 230 3136 xit
243 3120 252 3151 ,
283 3079 338 3143 ut,
370 3068 559 3150 amplissimi
586 3066 712 3129 ordinis
733 3067 798 3130 duo
822 3090 922 3151 quum
940 3069 1095 3134 'adversus
1118 3094 1193 3137 eum
1215 3074 1385 3147 coniuras-

180 3166 272 3229 sent,
295 3174 401 3233 neque
422 3152 564 3212 abnuere
585 3151 764 3231 cogitatum
788 3150 891 3213 scelus
913 3152 1056 3239 quirent,
1078 3157 1251 3231 monuerit
1265 3159 1385 3241 primo:

142 3230 155 3304 l
180 3248 277 3325 post,
300 3236 455 3297 deductos
478 3237 510 3296 in
533 3232 775 3315 spectaculum,
798 3234 860 3317 [se]
884 3238 1049 3319 utrimque
1070 3237 1387 3309 adsidere'iusserit3

180 3325 355 3411 petitoque
376 3338 415 3381 ex
437 3318 594 3379 industria
616 3318 864 3393 mirmillonum,
888 3341 1030 3403 quorum
1049 3344 1177 3406 pugnae
1192 3325 1387 3392 visebantur,

151 3472 163 3483 ᾖ
179 3406 313 3490 gladio,
336 3402 427 3485 quasi
447 3402 486 3462 ad
509 3400 740 3480 explorandam
762 3402 882 3474 aciem,
905 3402 960 3462 uni
983 3413 1015 3463 at
1040 3426 1080 3467 ue
1101 3404 1197 3468 alter'i
1220 3406 1389 3470 commise-

147 3490 247 3551 ··rit:
272 3484 568 3571 quibusperculsis
591 3494 623 3545 et
644 3485 858 3545 constantiam
889 3425 1083 3549 mirantilma
1104 3486 1256 3567 diceret,
1294 3486 1390 3551 Veiis·
1424 3501 1425 3542 t

185 3577 287 3643 tz‘sne,
309 3576 487 3647 potestates
501 3568 588 3648 sato
613 3566 706 3647 dari.
718 3567 920 3650 frustraque
949 3564 1223 3653 tentarifacinus
1249 3568 1394 3658 potiundi

145 3652 239 3738 nipe
260 3654 314 3737 uel
335 3650 506 3713 anitttendi
526 3650 638 3711 metu?
679 3648 829 3711 Fratrem
851 3670 982 3733 quoque
1002 3655 1254 3733 Domitianum,
1277 3678 1390 3741 paran-

186 3736 436 3821 tem'insidias,
472 3734 677 3810 militumque
704 3730 1119 3817 aninro'alsollieitantem,
1153 3740 1234 3803 ilens
1272 3741 1392 3822 saepius

148 3886 159 3905 ‚
189 3823 368 3884 obtestatus
390 3814 457 3890 est,
480 3840 519 3879 ne
539 3815 874 3901 parricidioadsequi
898 3829 1043 3903 cuperet,
1066 3822 1156 3905 quod
1172 3832 1204 3887 et
1218 3846 1256 3886 se
1269 3825 1392 3888 volente

149 3902 279 3965 ‘besses
294 3894 514 3970 obventurum
531 3902 582 3972 ei,
606 3909 638 3961 et
662 3899 725 3961 iam
745 3899 903 3976 baberet,
925 3926 1025 3987 quum
1043 3906 1089 3985 sit
1108 3910 1280 3992 particeps
1299 3914 1392 3991 pote-

151 3987 292 4053 rastatis.
318 3982 439 4046 'Huius
460 3995 609 4065 tempore
629 3990 730 4044 mons
743 3983 904 4047 Vesuvius
925 3988 1155 4071 in'Campania
1180 3992 1299 4059 ardere
1315 4009 1396 4051 eoe-

191 4066 547 4153 pitt'ineendiumque
576 4066 698 4127 Romae
726 4067 795 4129 sine
824 4066 985 4132 nocturna
1014 4072 1129 4157 requie
1157 4097 1220 4157 per
1254 4073 1397 4140 triduum

150 4151 389 4239 l3fi¹lls¹⁴¹¹9³
419 4172 570 4234 quoque,
602 4158 721 4232 quanta
750 4151 805 4214 rix
827 4174 979 4235 umquam
1007 4150 1116 4231 antea,
1148 4156 1224 4222 fu'it.
1272 4158 1395 4241 Quibus

152 4242 299 4314 adaman
319 4233 427 4307 malis,
445 4235 551 4311 'nullo
577 4240 692 4293 vexato
706 4281 714 4308 ‚
727 4296 730 4301 ,
744 4238 883 4319 pecunia
903 4239 1040 4321 propria
1067 4241 1242 4319 subvenit,
1277 4240 1397 4305 cunctis

189 4318 625 4400 remediorum·²generibus,
647 4328 741 4389 nune,
754 4320 957 4405 aegrotantes
977 4343 1038 4405 per
1058 4328 1270 4409 semetipsum
1289 4325 1398 4389 refici-

155 4401 271 4477 ati'ens,
304 4418 389 4463 nunc
419 4402 588 4473 consolans
621 4420 756 4465 snorum
790 4405 950 4467 mortibus
979 4400 1125 4469 afflictos.
1169 4411 1269 4475 Vixit
1299 4426 1399 4472 annos

193 4487 406 4569 'upradraginta
428 4503 551 4545 unumt·
570 4492 601 4543 et
622 4486 655 4545 in
678 4486 803 4565 eodem,
826 4484 1017 4585 quopater,
1040 4490 1125 4575 apud
1147 4484 1290 4557 Sabinos
1307 4511 1396 4577 agri),

156 4570 281 4634 abfebn‘
304 4568 449 4635 interiis-
483 4567 588 4631 Huius
617 4584 724 4642 nuens,
757 4568 852 4631 creda·
878 4572 932 4636 rix
958 4581 1087 4656 potest,
1115 4586 1276 4661 quantum
1296 4576 1398 4639 luctus
