2834 4950
93 255 143 335 00
608 250 804 329 vastati
848 322 852 329 .

97 420 287 501 Legatoque
308 417 412 476 fratre
432 435 529 487 moo,
554 414 664 498 idagia
689 410 803 474 Celere
825 411 1011 487 Velleiano,
1042 432 1117 476 usas
1139 413 1197 488 sit,
1223 412 1318 497 ipsias

95 502 266 584 patrisque
289 500 357 560 eius
379 496 627 581 praedicatione
647 506 801 558 testatam
823 506 890 569 est,
914 504 946 557 et
967 496 1249 581 amplissimorum
1265 496 1319 561 ho·

96 608 238 659 norum,
261 583 382 664 quibus
403 580 610 661 triumphans
632 604 705 641 cusu
729 581 846 641 Caesar
866 579 1022 654 donarit,
1055 580 1161 663 signat
1185 596 1317 646 memo·

97 669 159 729 ria.
203 667 304 727 initio
328 667 457 726 aestatis
482 664 638 745 Lepidus,
663 663 781 725 educto
803 663 951 724 hibernis
973 662 1132 737 exercitu,
1153 684 1222 747 por
1242 684 1319 749 geu-

97 759 146 811 tes
178 751 319 832 integras
351 751 574 828 ianmunesque
604 748 711 809 adhuc
739 745 830 807 clade
860 746 960 821 belli,
993 755 1026 807 et
1058 768 1096 808 eo
1130 748 1266 809 feroces
1286 768 1320 809 ae

97 843 227 906 truces,
251 831 385 894 tendens
408 830 448 891 ad
470 830 641 892 Tiberium
669 832 925 912 Imperatorem,
952 851 1026 890 cam
1047 828 1244 893 difficultate
1263 830 1319 893 l'o-

97 939 214 978 corum
238 925 364 977 etcum
387 916 418 975 vi
441 914 584 974 hostiam
607 916 749 975 lactatus
761 960 770 986 ,
804 935 919 997 magna
941 934 1016 975 cum
1038 912 1130 979 clade
1151 914 1320 979 obsisten-

98 1001 206 1073 tium,
229 999 344 1059 excisis
364 999 470 1079 agris,
495 1001 615 1058 exustis
636 998 804 1071 aediliciis,
828 995 947 1058 eversis
968 997 1061 1071 vicis,
1082 996 1191 1059 iaetus
1214 998 1320 1061 sicto-

100 1085 162 1158 ria,
184 1082 373 1167 praedaque
392 1076 541 1155 'onustus
563 1082 715 1163 persenit
737 1081 775 1140 ad
801 1081 987 1141 Caesarem:
1012 1088 1043 1140 et
1066 1081 1109 1141 ob
1132 1084 1218 1163 [ea,]
1241 1081 1321 1166 quap

100 1168 127 1226 si
149 1168 297 1247 propriis
318 1166 467 1248 gessisset
488 1166 663 1245 auspiciis,
688 1164 895 1244 triumphare
915 1163 1094 1236 debuerat,
1118 1166 1320 1233 ornamentis

100 1249 376 1329 triumphalibus,
408 1250 633 1308 consentiente
663 1270 737 1308 cum
769 1247 893 1309 iudicio
924 1247 1117 1329 Principum
1151 1244 1322 1319 voluntate

99 1334 256 1407 Senatus,
280 1331 419 1391 donatus
445 1340 503 1390 est.
547 1331 605 1391 llla
628 1341 731 1390 anastas
758 1329 891 1391 maximi
913 1329 992 1390 belli
1014 1334 1259 1393 consummavit
1276 1332 1322 1396 ei-

100 1419 215 1477 fectus.
260 1413 577 1495 Quippe¹Perustae
604 1423 636 1473 at
662 1412 838 1475 Desitiates
865 1412 1055 1487 Dalmatae,
1081 1414 1147 1473 situ
1168 1408 1323 1499 locors'oi

100 1520 138 1559 ac
159 1500 343 1570 montium,
367 1498 574 1580 ingeniorum
601 1499 738 1568 ferocia,
761 1498 844 1560 mira
866 1491 962 1569 etiam
984 1496 1151 1579 pugnandi
1172 1499 1322 1594 salentini

101 1581 157 1644 sed
180 1584 358 1664 praecipue
385 1582 541 1662 angustiis
566 1578 705 1663 saltuum
728 1601 833 1662 paene
855 1580 1141 1663 inexpugnabiles,
1167 1604 1240 1649 non
1264 1582 1324 1649 iasa

102 1665 224 1740 ductu,
258 1663 312 1725 sed
345 1665 493 1725 manibus
523 1674 621 1748 atque
652 1666 751 1725 armis
785 1663 888 1746 ipsius
918 1665 1062 1737 Caesaris
1093 1673 1162 1724 tum
1194 1660 1324 1730 demoni

101 1751 208 1831 pacati
241 1756 336 1821 suut,
367 1770 469 1830 quum
496 1770 600 1830 paene
621 1748 768 1809 funditus
795 1747 898 1809 eversi
920 1748 1050 1820 forent..
1086 1745 1180 1813 Nihil
1204 1749 1240 1825 in
1262 1740 1324 1817 hoo

100 1841 192 1892 tanto
226 1831 336 1902 bella,
369 1831 454 1892 nihil
486 1833 519 1891 in
548 1831 722 1892 Germania
749 1838 806 1900 aut
835 1830 948 1890 videre
978 1831 1098 1905 maius,
1129 1840 1188 1892 ant
1210 1834 1324 1905 mirari

102 1917 204 1998 magis
224 1913 339 1996 potui,
363 1910 460 1995 quam
482 1915 573 1996 quod
594 1914 792 1997 Imperatori
815 1934 991 1995 numquam
1015 1914 1096 1976 adeo
1113 1914 1177 1976 ulla
1196 1938 1327 1999 oppor-

102 2008 179 2057 tuna
213 1999 279 2060 visa
308 2004 355 2055 est
386 1998 547 2057 victoriae
579 1998 730 2070 occasio,
763 2017 859 2076 quarn
892 1996 1010 2057 damno
1040 1998 1148 2060 amissi
1171 1994 1326 2085 pensaret

102 2080 229 2142 militis.
272 2079 475 2160 Sensperque
495 2081 600 2140 visum
622 2090 670 2139 est
692 2081 886 2161 gloriosum,
903 2080 991 2162 quod
1009 2090 1092 2142 esset
1105 2082 1325 2161 tutissimum,

74 2166 136 2223 ‘et
168 2173 244 2223 ante
273 2164 512 2237 eonscientiae,
545 2185 641 2247 quam
675 2166 799 2237 lamae,
833 2163 1039 2225 consultum:
1077 2186 1136 2227 nec
1167 2189 1326 2251 umquam

102 2246 242 2308 consilis
263 2246 355 2306 ducis
378 2246 503 2310 iudicio
526 2248 707 2321 exercitus,
739 2247 796 2308 sed
818 2248 981 2312 exercitus
1001 2248 1214 2331 providentia
1237 2252 1314 2334 duel

104 2341 213 2392 rectus
234 2338 293 2390 est.
1304 2366 1315 2379 ·

147 2413 264 2475 CXVI.
303 2413 419 2487 Magna
451 2412 485 2470 in
518 2410 607 2475 bello
642 2412 826 2477 Dalmatico
865 2414 1088 2496 experimenta
1121 2414 1262 2489 virtutis
1297 2418 1328 2481 in

106 2497 249 2558 incultos
271 2516 309 2555 sc
332 2493 478 2554 difficiles
498 2493 593 2556 locos
613 2500 810 2578 praemissus
841 2498 1052 2558 Germanicus
1074 2497 1175 2559 dedit.
1228 2500 1327 2563 Celo-

106 2580 161 2640 hri
185 2580 283 2640 etiam
309 2600 408 2659 opera
432 2577 667 2662 diligentiaque
691 2582 809 2641 Vibius
830 2580 1025 2653 Postumus,
1051 2582 1104 2642 sir
1124 2584 1327 2661 Consularis,

104 2664 314 2744 praepositus
347 2660 552 2736 Dalmatiae,
590 2675 779 2726 ornamenta
811 2666 933 2726 meruit
952 2664 1195 2749 triumphalia:
1231 2664 1328 2751 quani

104 2746 267 2806 hommem
292 2753 367 2803 aute
389 2764 513 2824 paucos
534 2766 634 2805 annos
657 2746 828 2828 Passienus
850 2757 881 2806 ot
907 2749 1045 2821 Cossus,
1079 2750 1141 2810 viri
1174 2752 1324 2833 quibus-

103 2827 178 2889 dam
200 2828 336 2888 diversis
356 2827 535 2889 virtutibus
555 2829 712 2903 celebres,
737 2832 768 2912 iu
793 2832 903 2891 Africa
926 2840 1124 2896 meruerant.
1154 2832 1222 2895 Sed
1245 2838 1329 2909 Cos-

104 2934 157 2973 sus
180 2912 339 2973 victoriae
359 2910 584 2971 testimonium
607 2915 704 2975 etiam
726 2915 760 2975 in
783 2934 964 2999 cognomen
986 2915 1043 2975 lilii
1064 2915 1220 2990 contulit,
1242 2920 1329 2983 ado-

103 2996 255 3058 lescentis
276 2995 311 3055 iu
333 2994 479 3055 omnium
500 2995 661 3057 virtulum
686 2997 831 3080 exempla
853 2998 965 3082 geniti.
1011 2998 1054 3059 At
1074 3000 1226 3062 Postumi
1243 3026 1329 3087 ope-

103 3102 178 3145 rum
203 3080 240 3140 L.
263 3078 430 3159 Apronius
454 3078 642 3161 particeps,
666 3080 722 3159 illa¹
746 3102 880 3164 quoque
899 3080 1018 3142 militia
1042 3102 1121 3156 eos,
1145 3106 1231 3169 quos
1249 3108 1328 3149 mos

105 3171 298 3223 consecutus
321 3169 389 3233 est,
413 3161 558 3223 honores
579 3162 749 3225 excellenti
772 3165 894 3225 virtute
915 3164 1047 3225 meruit.
1093 3168 1231 3243 Utinam
1259 3192 1327 3235 non

103 3246 286 3307 maioribus
307 3246 539 3325 experimentis
558 3255 710 3307 testatum
734 3256 837 3329 esset,
860 3256 1016 3331 quantum
1038 3247 1072 3309 in
1093 3250 1182 3311 omni
1198 3271 1238 3312 re
1252 3254 1329 3317 for-

104 3337 183 3388 tuna
202 3324 333 3407 posscti
361 3327 426 3385 Sed
447 3328 481 3387 iu
505 3326 573 3389 hoo
598 3351 730 3411 quoque
750 3351 869 3413 genere
890 3330 1018 3391 abunde
1039 3334 1170 3415 agnosci
1186 3334 1238 3395 vis
1254 3328 1326 3399 eins

103 3418 225 3492 potest.
268 3410 350 3467 Nam
376 3416 408 3467 et
435 3410 469 3469 C.
495 3409 646 3486 Sentias,
668 3412 721 3472 vir
741 3413 957 3497 antiquissimi
982 3416 1105 3489 moris,
1130 3426 1162 3477 et
1179 3418 1327 3499 priscam

104 3491 298 3573 gravitatem
320 3510 450 3570 semper
470 3491 675 3578 humanitate
695 3503 900 3577 temperans,
924 3498 957 3570 ip
981 3496 1177 3573 Germania,
1202 3500 1327 3585 lllyri-

103 3594 233 3656 coque,
266 3582 300 3633 et
325 3593 403 3634 mox
431 3574 463 3634 in
492 3570 624 3651 Africa,
655 3578 925 3660 splendidissimis
951 3582 1082 3645 functus
1107 3578 1326 3664 ministeriis,

102 3678 170 3729 pon
197 3658 337 3729 merito,
370 3653 425 3716 sed
457 3660 592 3719 materia
624 3659 825 3745 adipiscendi
847 3661 1059 3745 triumphalia
1089 3665 1237 3729 defectus
1264 3680 1325 3735 cst.

102 3738 146 3802 Et
167 3739 208 3800 A.
232 3740 377 3801 Licinius
406 3737 511 3801 Nerva
535 3742 682 3821 Silanus,
703 3745 742 3808 P.
765 3744 839 3803 Silii
865 3742 972 3825 filias,
1004 3766 1100 3827 quem
1131 3750 1261 3825 virum,
1283 3774 1325 3819 ne

103 3825 161 3904 qui
183 3822 345 3884 intellexit
367 3820 520 3903 quidem,
544 3827 677 3908 ahsmde¹
691 3829 828 3888 miratus
850 3836 909 3907 est,
932 3850 973 3899 ne
994 3829 1079 3896 nihil
1102 3853 1168 3893 nou
1191 3836 1320 3922 optimo

102 3906 187 3983 cisi,
211 3906 454 3985 simplicissimo
477 3906 551 3968 disci
574 3912 730 3991 perisset,
752 3921 946 3994 praereptus
969 3913 1163 3989 immature,
1187 3928 1222 3978 et
1242 3920 1324 3983 ira.

102 3998 157 4069 pta
179 3987 395 4069 amplissimae
416 3988 585 4075 principis
599 3994 762 4054 amicitiae
784 4001 817 4055 et
837 3996 1118 4067 consummatione
1138 4011 1270 4077 evectae
1285 3992 1325 4067 'tn

101 4070 295 4135 altissimam
318 4078 557 4157 paternumque
581 4076 745 4158 liastigiam
769 4075 919 4160 imaginis
944 4079 1089 4145 delectus
1112 4090 1172 4143 est.
1216 4072 1325 4165 Quo..

100 4175 175 4218 aum
196 4154 345 4216 virorum
367 4156 524 4220 mentioni
546 4158 573 4217 si
595 4160 669 4240 quis
691 4160 852 4241 quaesisse
874 4184 926 4223 ms
946 4162 1034 4233 dicet
1054 4162 1187 4246 locusta,
1210 4170 1321 4234 faten-

99 4236 489 4381 i⁰m02¹¹⁹¹l⁶t²ff¹lffi¹⁰⁰
520 4238 607 4303 euim
639 4240 742 4325 iustus
775 4243 845 4313 sine
874 4244 1044 4307 mendacio
1079 4246 1206 4313 candor
1234 4252 1326 4337 apqd

125 4340 167 4377 011
230 4340 269 4379 01¹
283 4341 325 4381 mi
351 4342 362 4381 l
437 4365 446 4382 ο

141 4399 275 4465 CXVII.
308 4401 449 4463 Tantum
471 4400 561 4489 quod
584 4403 733 4467 ultimam
755 4407 954 4491 imposuerat
976 4412 1168 4485 Pannonico
1191 4413 1326 4483 aooalss

96 4483 216 4545 matico
238 4482 326 4582 bello
350 4484 467 4548 Caesar
486 4505 636 4561 manaan,
671 4510 792 4583 quum,
818 4492 905 4565 intra
928 4488 1073 4581 quiaque
1101 4502 1325 4578 consummati

6 4646 10 4653 ὗ
96 4566 177 4629 tanti
199 4586 309 4650 opens
336 4564 425 4639 dies,
454 4566 600 4639 funestae
635 4592 675 4643 es
707 4576 879 4647 osasaaaia
902 4580 1076 4663 epistotae,
1101 4587 1190 4646 caesi
1215 4590 1321 4662 Vari,
