2850 4958
72 216 107 333 l·
199 270 203 277 ·
511 218 835 342 assusatus.
899 264 904 271 ’
1220 284 1291 372 297

83 432 236 518 Augusto
262 429 416 495 Cantabri
447 439 480 493 at
507 432 662 504 Astures,
697 432 752 517 qni
780 431 870 493 freti·
885 429 1049 495 montibus
1078 434 1291 518 resistebant,

80 516 184 580 deleti
204 523 290 578 sunt.
334 514 382 576 Ae
401 534 463 593 per
485 535 595 577 omnes
617 516 788 598 Hispanias
808 535 863 576 sex
883 524 958 576 sunt
978 538 1063 579 nune
1084 519 1290 600 provinciae:

79 600 359 672 Tarraconensis,
393 597 688 682 Carthaginiensis,
717 599 904 671 Lusitania,
937 598 1120 675 Gdllaecin,
1148 604 1289 668 Raetica.
1410 610 1416 623 ¹

78 676 188 747 Trans
204 684 329 758 ,fretum
351 677 448 741 etiam
471 683 504 742 in
526 682 597 743 solo
620 691 727 743 terrae
747 681 896 755 Africae,
919 683 1089 763 provincia
1111 685 1295 830 llispiania-
1350 721 1352 725 ·

77 788 157 833 rum
182 777 252 841 est,
284 786 366 848 quae
398 762 603 849 Tingitaniea
636 765 837 827 Mauretania
870 766 1131 849 cognominatur.
1202 792 1223 832 x
1243 772 1295 836 his

77 848 216 913 Baetica
236 858 270 911 et
290 847 455 927 Lusitania
477 844 684 921 consulares3
708 857 836 909 caterae
856 847 1050 930 praesidales
1072 859 1158 912 sunt.

126 932 190 995 Vl.
223 933 304 995 Cum
334 930 436 993 Gallis
464 930 650 1014 gravissima
681 931 766 992 halla
796 931 939 1013 populus
972 932 1131 995 Romanus
1164 930 1295 1003 hahuit.

79 1014 171 1079 Galli
192 1017 280 1077 enim
302 1015 400 1077 etiam
421 1012 511 1074 illam
532 1024 658 1095 partem
681 1014 806 1087 ltaliae,
830 1013 863 1073 in
886 1036 948 1098 qna
967 1036 1053 1077 nune
1073 1016 1297 1085 Mediolanum
1417 1064 1422 1075 ·

77 1109 153 1173 est,
182 1119 287 1182 nsque
318 1097 359 1158 ad
386 1095 588 1158 Rubiconem
610 1096 744 1158 fluvium
766 1096 940 1172 tenebant,
968 1098 1149 1162 intantum
1170 1102 1297 1167 viribus

76 1182 182 1256 freti,
214 1192 253 1245 ut
282 1181 417 1241 Romam
451 1179 554 1261 ipsam
583 1179 672 1241 hello
703 1188 869 1263 peterent,
900 1189 948 1255 et,
978 1183 1077 1244 caesis
1099 1186 1297 1251 exercitibus

79 1264 240 1328 Romanis
261 1263 348 1346 apud
369 1261 488 1324 Alliam
510 1261 664 1337 fluvium,
687 1263 814 1324 moenia
837 1262 938 1326 Urbis
959 1264 1131 1342 intrarent,
1160 1268 1302 1352 Capito-

77 1346 229 1432 liumque
252 1346 464 1418 obsiderent3
489 1344 529 1406 ad
551 1346 641 1406 emus
662 1367 768 1407 arcem
791 1347 932 1408 sexcenti
954 1348 1082 1410 nobiles
1104 1360 1136 1414 et
1156 1349 1299 1418 Senato-

80 1452 140 1495 res
160 1433 384 1516 confugerant,
407 1429 464 1510 qui
486 1426 575 1491 milla
597 1428 668 1489 auri
690 1428 801 1510 pondo
826 1450 859 1490 se
881 1431 920 1491 ab
944 1431 1117 1497 obsidione.
1138 1436 1299 1500 redeme-
1384 1488 1392 1507 .

84 1522 178 1580 runt.
218 1516 336 1577 Postea
352 1513 472 1584 ,Gallos
492 1512 634 1573 victores
654 1521 833 1573 remeantes
862 1512 1031 1586 Camillus,
1054 1518 1110 1597 qui
1133 1519 1166 1579 in
1183 1521 1298 1587 exsilio

83 1606 179 1673 erat,
200 1596 335 1660 collecta
358 1595 399 1657 de
422 1593 507 1678 agris
530 1594 761 1668 multitudine,
785 1597 965 1679 oppressit,
996 1619 1111 1659 aurum
1134 1610 1166 1662 et
1186 1602 1297 1684 signa,

110 1702 170 1743 uae
199 1682 283 1744 Galli
314 1688 489 1761 ceperant,
522 1679 714 1760 reportavit.
760 1679 843 1738 Cum
872 1678 973 1740 Gallis
1000 1681 1095 1743 multi
1119 1684 1295 1763 Consules,

112 1772 258 1827 ractores
278 1784 316 1825 se
337 1762 524 1826 Dictatores
547 1770 662 1823 eventu
683 1761 775 1821 vario
798 1762 1026 1824 conflixerunt.
1071 1767 1193 1830 Marius
1218 1773 1300 1834 Gal·
1358 1810 1361 1815 -

78 1845 134 1911 los
155 1847 195 1910 de
217 1846 312 1910 ltalia
343 1845 490 1930 expulit:
525 1853 557 1906 et
577 1845 770 1905 transcensis
793 1843 953 1925 Alpibus,
983 1846 1125 1910 feliciter
1145 1852 1298 1919 adversus

79 1950 140 1993 eos
160 1930 329 2019 pugnavit.
373 1931 524 1990 Ceterum
547 1928 582 1988 C.
608 1927 818 1988 Caesareum
842 1928 952 1990 decem
980 1929 1184 2012 legionibus,
1215 1958 1301 2020 quae

105 2024 241 2077 ustarna
259 2011 359 2074 millia
383 2011 524 2073 militum
547 2008 708 2072 Italorum
728 2010 934 2084 hahuerunt,
956 2034 1017 2093 per
1038 2035 1139 2078 annos
1162 2028 1236 2081 octo
1257 2024 1299 2086 ab

77 2034 225 2179 ¹Alpibus
247 2097 286 2158 ad
310 2096 456 2156 Rhenum
486 2115 589 2177 usque
622 2093 742 2154 Gallias
769 2095 914 2175 subegit,
945 2116 1018 2155 cum
1041 2096 1189 2163 barbaris
1212 2102 1302 2168 ultra

77 2180 235 2243 libanum
254 2179 371 2263 positis
393 2176 562 2239 conflixitt
587 2177 619 2237 in
644 2177 843 2237 Britanniam
864 2179 1032 2253 transivit,
1063 2180 1189 2246 decimo
1213 2210 1300 2251 anno

80 2266 207 2337 Gallias
229 2271 262 2324 et
284 2262 464 2323 Britannias
486 2260 675 2322 tributarias
698 2261 787 2319 feeit.
824 2260 906 2320 Sunt
928 2262 960 2321 in
984 2262 1085 2324 Callia
1103 2287 1176 2328 cum
1192 2269 1302 2354 Aqui..

78 2349 171 2411 tania
194 2356 226 2410 et
247 2345 441 2417 Britanniis,
466 2342 577 2406 decem
601 2352 632 2402 et
655 2351 730 2405 octo
753 2344 958 2423 provinciae:
983 2346 1082 2425 Alpes
1104 2353 1300 2431 maritimae,

105 2430 254 2495 scrineis
275 2427 518 2501 Narbonensis,
543 2425 754 2498 Viennensis,
778 2426 1080 2505 Novempopulana‚
1108 2432 1302 2514 Aquitaniae

80 2452 187 2588 duae,
219 2512 447 2596 Lugdunenses
470 2510 575 2582 duae,
605 2508 702 2589 Alpes
725 2506 864 2581 Graiae,
888 2511 1025 2570 Maxima
1049 2509 1299 2597 Sequanorum,

82 2598 277 2661 Germaniae
300 2594 405 2667 duae,
436 2593 585 2676 belgicae
606 2592 705 2654 duas:
730 2592 765 2652 in
785 2590 973 2664 Britannia,
1003 2594 1144 2659 Maxima
1176 2601 1303 2667 Cassa..

82 2681 221 2754 nausis,
243 2677 378 2750 Flavia,
401 2677 569 2738 Britannia
588 2677 719 2758 prima,
742 2675 909 2736 Britannia
931 2676 1082 2738 secunda.

124 2765 207 2825 Vll.
239 2762 411 2843 Illyricum
450 2760 490 2820 ah
527 2781 585 2821 ora
616 2759 778 2820 maritima
812 2757 988 2837 paullatim
1017 2761 1158 2840 adgressi
1180 2787 1299 2835 sumus,

81 2843 243 2911 Laevinus
265 2843 387 2906 Consul
408 2841 613 2904 Adriaticum
637 2852 733 2925 atque
755 2842 886 2903 Ionium
906 2865 995 2904 mare
1015 2847 1141 2924 primus
1164 2850 1299 2935 ingres-

80 2951 161 3005 sus,
183 2927 361 2991 maritimas
391 2926 536 2988 obtinuit
558 2924 715 2988 civitates.
760 2927 856 2987 Creta
875 2947 938 3007 per
958 2928 1124 2992 Metellum
1146 2933 1301 2999 Procon-

74 3012 200 3085 sulem,
223 3012 280 3097 qui
302 3010 448 3073 Creticus
470 3008 589 3081 dictus,
611 3009 783 3089 provincia
805 3012 891 3072 faeta
913 3020 972 3072 est.
1007 3013 1139 3076 Graecis
1154 3017 1187 3076 in
1202 3018 1303 3085 fidem

72 3098 233 3163 nostram
260 3092 544 3177 confugientibus,
578 3091 619 3154 ad
651 3091 808 3154 Achaiam
839 3095 1042 3156 accessimus.
1085 3096 1299 3168 Athenienses

70 3181 236 3245 adversus
255 3176 472 3259 Philippum,
494 3173 710 3237 Macedonum
730 3195 860 3251 regem,
884 3177 1040 3240 auxilinm
1065 3189 1214 3244 nostrum
1230 3208 1302 3267 pe.

70 3266 219 3329 sterant.
260 3262 380 3323 Libera
402 3260 457 3321 din
481 3258 539 3319 suh
563 3258 716 3319 amicitiis
736 3257 857 3318 nostris
876 3258 1000 3321 Achaia
1022 3263 1106 3325 fuit:
1129 3265 1169 3327 ad
1185 3277 1299 3332 extre-

68 3366 173 3411 mum
193 3345 309 3425 legatis
329 3344 551 3404 Romanorum
575 3341 661 3421 apud
684 3340 876 3402 Corinthum
900 3342 1043 3416 violatis,
1059 3369 1120 3429 per
1133 3349 1171 3411 L.
1186 3352 1300 3416 Mum.

68 3430 185 3493 nium
204 3427 439 3491 Proconsulsm
461 3425 555 3508 ea'pta
589 3424 771 3497 Corintho,
803 3423 926 3487 Achaia
949 3429 1053 3490 omnis
1076 3433 1210 3494 obtenta
1236 3447 1296 3503 ast.

72 3510 264 3597 Epirotae,
297 3511 354 3594 qni
385 3508 559 3591 aliqnando
594 3531 668 3571 eum
698 3529 774 3592 rege
799 3507 955 3587 Pyrrho,
986 3513 1083 3574 etiam
1106 3515 1147 3577 ad
1166 3518 1297 3586 Italiam

77 3595 225 3659 mutire
244 3602 527 3677 praesumserant,
547 3591 648 3654 victi:
672 3600 770 3676 atque
791 3591 959 3667 Thessali,
982 3593 1078 3657 simul
1102 3620 1176 3661 cnm
1191 3601 1297 3666 Aebi-

75 3698 203 3741 vorum
224 3686 257 3740 st
278 3677 493 3738 Macedonum
514 3674 727 3751 regionibus,
756 3675 853 3737 uobis
875 3687 1088 3739 accesserunt.
1133 3684 1297 3745 Macedo.

69 3761 141 3827 nia
160 3769 213 3823 tes
231 3759 421 3829 rebellavit3
445 3759 504 3820 suh
528 3759 710 3842 Philippo,
732 3760 793 3820 suh
814 3758 933 3833 Perse,
955 3761 1014 3821 suh
1035 3761 1297 3852 Pseudophilip-

103 3867 141 3908 ο.
184 3842 376 3926 Philippum
398 3841 621 3916 Flamininus,
650 3842 772 3903 Persen
792 3842 945 3917 Paullus,
975 3844 1301 3932 Pseudophilippum
1334 3846 1337 3853 ’

69 3866 236 3993 hletellus
258 3926 440 4009 oppressit:
465 3945 606 4008 quorum
627 3925 803 4006 triumphis
819 3926 1006 3988 Macedonia
1024 3949 1156 4014 qnoque
1169 3937 1298 4013 populo

72 4012 231 4076 Romano
264 4011 417 4072 adiuncta
447 4017 505 4069 est.
558 4009 733 4090 illyricos,
767 4009 843 4088 quia
875 4010 1108 4075 Macedonibus
1140 4016 1298 4085 auxilium

73 4096 251 4170 tulerant,
283 4116 324 4159 ex
352 4092 463 4155 eadem
496 4093 668 4154 occasione
688 4111 749 4172 per
769 4093 905 4153 Lucium
928 4092 1080 4160 Anicium
1107 4098 1300 4167 Praetorem

73 4178 246 4249 vicimus,
285 4168 404 4240 et‘eos
436 4197 508 4236 cum
541 4197 617 4260 rege
650 4175 769 4235 Gentio
799 4177 833 4235 in
865 4174 1069 4242 deditionem
1103 4186 1298 4261 accepimus.

74 4260 257 4328 Dardanos
278 4271 312 4324 et
331 4262 461 4322 Moesos
484 4261 583 4321 Curio
603 4257 787 4320 Proconsul
810 4258 959 4337 subegit,
982 4270 1014 4322 et
1035 4266 1169 4339 primus=
1182 4269 1299 4332 Roma.

75 4366 205 4409 norum
228 4343 347 4407 dueum
370 4343 410 4403 ad
429 4345 614 4404 Danubium
637 4363 740 4421 usque
761 4344 920 4420 pervenit.
952 4343 1019 4404 Sub
1036 4342 1122 4409 lulio
1139 4357 1171 4406 et
1187 4351 1299 4411 Octa-

75 4431 185 4494 viano
208 4426 397 4491 Caesaribus
418 4447 478 4501 por
499 4426 596 4505 Alpes
617 4425 715 4484 Iulias
737 4425 802 4486 iter
823 4428 943 4488 lactum
966 4437 1032 4490 est:
1068 4430 1193 4510 Alpinis
1216 4455 1296 4494 om-

77 4514 184 4577 nibns
205 4511 323 4585 victis,
345 4512 546 4571 Noricorum
568 4508 760 4591 provinciae
783 4519 994 4571 accesserunt.
1026 4515 1300 4576 BatunsPanuo..

81 4598 225 4663 ntorum
245 4614 323 4683 rege
341 4594 501 4669 subacto,
526 4593 559 4654 in
580 4592 741 4656 ditionem
760 4601 908 4655 nostram
926 4595 1120 4662 Pannoniae
1133 4610 1318 4660 uenerunt.

820 4675 866 4741 'db
