2850 4958
324 308 326 312 -
399 268 649 351 sennua.
676 253 866 353 :mes
1172 273 1250 379 ss7

10 474 13 481 ·
44 433 169 498 leniter
187 429 378 507 iracundos,
395 433 524 496 occulte
543 432 689 508 invidus,¹
703 433 812 518 palam
831 432 1009 497 factiosum
1025 455 1131 520 porro
1144 448 1254 501 eutem

10 560 13 569 ·
48 515 257 589 dominandi,
273 537 377 598 supra
398 539 497 601 quam
518 515 681 579 aestimari
701 525 824 600 potest,
846 517 1067 593 aridissimum,
1089 521 1253 585 studiosus
1317 529 1350 593 ’,

10 620 22 655 ε
48 601 138 662 aleae
158 601 259 661 lusor.
300 603 474 683 Quumque
505 608 587 661 esset
616 600 682 662 cibi
707 622 744 662 ac
772 601 840 661 vini
862 600 1020 674 multum,
1050 603 1297 687 aliquatenusos

10 704 25 741 ι
48 702 128 745 vero
150 683 255 745 sonsni
275 684 450 756 abstinens,
472 684 633 744 serviebat
653 693 760 745 tamen
773 684 905 746 libidini
921 706 1023 767 usque
1036 685 1077 746 ad
1090 688 1252 768 probrum

10 788 24 823 r
45 767 188 851 vulgaris
209 768 323 829 famae.
366 769 449 827 Nam
470 767 555 829 inter
577 765 749 828 duodecim
770 767 939 830 catamitos
961 768 1164 852 totidemque
1183 792 1251 854 pu-
1297 812 1299 817 ·

10 871 25 907 ι
49 849 124 912 ollas
155 851 315 912 accubare
344 850 460 911 solitus
490 859 570 912 erat.
615 850 751 910 Abisota
780 872 912 934 quoque
932 872 1036 913 uxore
1056 851 1229 916 Scribonia
1242 844 1300 930 ,ab
1377 910 1379 915 ,

24 953 160 1005 umore
181 934 304 995 alienae
325 933 474 1014 coniugis
493 952 677 1017 possessus,
699 932 844 1008 Liviam,
868 936 959 1017 quasi
981 935 1100 997 marito
1122 959 1250 1000 couce-

10 1036 28 1073 ι
48 1014 163 1092 dente,
193 1017 256 1080 sibi
285 1017 466 1079 coniunxit.
510 1018 607 1079 Cuius
628 1016 739 1077 Liviae
762 1016 827 1078 iam
849 1027 941 1080 erant
964 1018 1024 1080 lilii
1046 1019 1199 1082 Tiberius
1221 1030 1254 1082 et

21 1099 185 1161 :Drusus
229 1101 403 1182 Quumque
424 1109 508 1163 esset
526 1099 676 1164 luxuriae
695 1100 858 1174 semiana,
889 1110 960 1162 erat
980 1110 1087 1164 minen
1108 1102 1297 1184 ciusdemu

10 1184 120 1245 esitii
145 1183 363 1244 severissimus
386 1182 494 1258 ultor3
517 1207 608 1246 more
629 1184 819 1258 hominum,
846 1184 902 1266 qui
928 1185 962 1245 in
973 1185 1175 1249 >ulciscendis
1197 1188 1255 1250 vi·-

44 1268 122 1338 tiis,
145 1266 263 1350 quibus
284 1266 345 1347 ipsi
363 1267 572 1331 vehementer
593 1267 772 1350 indulgent,
795 1288 884 1328 acres
906 1278 991 1330 sunt.
1025 1269 1107 1330 Nam
1120 1277 1255 1351 potitam

10 1349 228 1423 {Ovidium
261 1342 319 1432 qui
350 1358 382 1411 ct
412 1352 519 1425 Naso,
549 1374 612 1434 pro
633 1370 696 1424 eo,
718 1349 810 1430 quod
835 1358 900 1411 tres
923 1350 1052 1412 libellos
1074 1354 1254 1416 amatoriae

10 1433 129 1495 sartis
151 1435 354 1513 conscripsit,
378 1434 490 1495 exsilio
513 1435 687 1496 damnavit.
730 1432 893 1516 Quodque
915 1442 962 1493 est
982 1434 1060 1495 laeti
1082 1434 1180 1496 animi
1202 1433 1294 1498 veleb

10 1514 198 1587 samoeni,
232 1517 460 1578 oblectabatur
493 1518 581 1578 omni
612 1536 729 1601 genere
761 1514 1046 1598 spectaculorum,
1077 1518 1255 1601 praecipue

35 1599 195 1659 ferarum
224 1599 390 1683 incognita
411 1600 543 1683 specie,
579 1609 612 1661 et
635 1600 761 1662 infinito
785 1619 956 1660 numero.·
988 1599 1100 1661 dunos
1129 1601 1297 1683 septemrii

37 1688 80 1743 et
105 1683 307 1766 septuaginta
322 1683 512 1765 ¹ingressus,
534 1683 637 1753 Nolae
658 1682 776 1743 morbo
799 1681 936 1743 interiit.
980 1685 1184 1765 Quamquam
1198 1684 1296 1771 aliir7

34 1761 213 1836 scribant,
237 1764 314 1827 dolo
336 1768 446 1829 Liviae
468 1766 683 1837 exstinctum,
707 1765 892 1838 metuentis,
916 1786 967 1839 ne,
989 1767 1065 1850 quia
1086 1767 1256 1852 privignae

38 1845 152 1908 filium
176 1846 377 1930 Agrippam,
410 1844 506 1935 qu'em
528 1850 606 1911 odio
629 1846 795 1911 novercali
820 1848 854 1908 in
876 1847 1012 1911 insulam
1034 1848 1255 1933 relegaverat,

40 1929 162 1992 reduci
193 1941 420 2013 cornperernt,
453 1955 491 1995 eo
521 1954 679 1993 summam
710 1952 821 1993 rerum
840 1929 980 2012 adepto,
1008 1953 1129 2013 poenas
1151 1931 1254 1997 daret.

40 2013 155 2101 Igitur
176 2023 355 2090 mortuum,
377 2037 433 2078 seu
454 2025 615 2088 necatum,
638 2014 747 2075 multis
767 2013 925 2096 novisque
944 2013 1129 2077 bonoribus
1152 2015 1301 2095 Sena-28

41 2104 100 2159 tus
130 2099 254 2159 censuit
281 2096 511 2161 decorandum.
556 2100 637 2160 Nam
661 2105 793 2181 praeter
814 2094 868 2170 id,
900 2096 989 2179 quod
1010 2106 1102 2159 antea
1123 2098 1257 2163 Patrem

42 2181 175 2265 patriae
196 2180 342 2256 dixerat,
364 2182 484 2267 templa
506 2191 573 2243 tam
594 2181 735 2253 Romae,
759 2201 854 2263 quam
875 2201 936 2260 per
957 2180 1054 2244 urbes
1075 2180 1256 2245 celeberri-

45 2285 118 2326 mas
141 2265 169 2325 ei
192 2266 413 2340 consecravit,
443 2266 569 2337 unctis
588 2265 685 2347 vulgo
708 2262 925 2336 iactantibus,
959 2268 1086 2324 Utinam
1108 2278 1166 2326 caut
1192 2288 1256 2327 noo

45 2359 247 2423 nasceretur,
267 2361 403 2410 autnon
425 2347 623 2411 nsoreretur!
663 2346 810 2407 Alterum
831 2345 962 2424 pessimi
985 2345 1128 2427 incepti,
1152 2348 1297 2437 exitussg

74 2429 211 2492 r'aeclari
232 2431 382 2509 alterum.
407 2426 506 2496 'Nam
529 2438 563 2490 et
585 2429 619 2490 iu
642 2424 851 2508 adipiscendo
871 2426 1059 2509 principatu
1080 2449 1258 2508 oppressor

44 2451 213 2577 libertatis
234 2525 282 2576 est
302 2490 454 2587 hahibs,
477 2522 510 2573 et
535 2513 569 2573 in
590 2510 731 2596 gerendo
755 2509 840 2568 cives
862 2510 909 2568 sic
931 2509 1069 2580 amavit,
1092 2517 1130 2569 ut
1152 2509 1256 2571 tridui

46 2599 216 2660 frumento
239 2597 272 2657 in
294 2597 424 2659 horreis
445 2593 610 2677 quondam
632 2592 719 2666 viso,
742 2588 904 2652 statuisset
926 2610 1050 2672 veneno
1072 2589 1173 2661 mori,
1194 2592 1220 2651 si
1239 2613 1256 2652 e

44 2679 230 2764 provinciis
252 2678 365 2741 classes
387 2680 510 2740 interea
530 2698 596 2737 uon
618 2677 776 2737 venirent.
820 2672 947 2751 Quibus
969 2669 1130 2747 advectis,
1152 2672 1296 2751 felicifbo

45 2761 111 2824 tati
133 2762 201 2823 sius
222 2760 306 2824 salus
326 2761 452 2845 patriae
474 2769 522 2821 est
545 2759 714 2820 attributa.
758 2757 937 2839 Imperavit
963 2776 1064 2817 annos
1085 2751 1293 2842 quinqua-br
1378 2816 1380 2820 .

45 2844 141 2930 ginta
169 2854 201 2907 et
231 2865 307 2918 sex,
337 2842 510 2909 duodecim
531 2864 604 2904 euru
626 2841 790 2914 Antonio,
822 2838 1035 2921 quadraginta
1056 2850 1090 2902 et
1113 2849 1256 2923 quatuor
1286 2904 1292 2911 ,
1371 2903 1373 2908 ,

46 2925 151 2990 solus.
194 2927 259 3006 Qui
291 2937 380 2990 certe
409 2950 585 3009 numquam
617 2934 671 2984 aut
698 2923 910 3004 Reipublicae
941 2920 981 2983 ud
1011 2943 1045 2983 se
1074 2924 1257 3005 potentiam

46 3010 220 3082 traxisset,
251 3019 307 3071 sut
332 3011 455 3073 tamdiu
478 3031 514 3071 ea
534 3009 722 3095 potiretur,
744 3007 806 3071 nisi
828 3005 950 3093 maguis
970 3012 1105 3070 naturae
1126 3012 1159 3069 et
1177 3012 1254 3068 stu-

15 3184 19 3189 *
47 3094 183 3158 diorum
203 3093 300 3158 bonis
320 3093 525 3158 abundasset.

459 3268 726 3339 ·CAP·U’1'
765 3271 812 3333 11.

413 3374 639 3436 eusanius
671 3371 892 3419 russatus.

58 3538 62 3545 ·
97 3505 248 3570 Claudius
269 3505 439 3581 Tiberius,
460 3509 572 3572 Liviae
591 3508 699 3584 filius,
721 3505 865 3573 Caesaris
884 3501 1057 3568 Octaviani
1075 3502 1256 3589 privignus,
1290 3542 1298 3581 η,

55 3589 229 3671 imperavit
250 3613 349 3655 annos
370 3594 485 3677 viginti
508 3602 585 3656 tres.
628 3595 705 3667 Iste,
727 3593 804 3674 quis
826 3589 979 3651 Claudius
1000 3588 1152 3651 Tiberius
1168 3591 1256 3657 Nero
1278 3601 1298 3644 s

53 3673 237 3749 dicebatur,
261 3675 423 3759 eleganter
444 3698 460 3736 ι
483 3676 684 3739 iocularibus
703 3674 833 3739 Caldius
854 3671 1004 3734 Biberius
1024 3671 1117 3745 Mero
1139 3673 1184 3731 ob
1205 3668 1259 3727 vi·-

52 3756 239 3823 nolentiam.
252 3760 437 3822 nominatus
457 3767 516 3820 est.
558 3758 644 3820 Satis
664 3757 809 3840 prudens
829 3751 862 3816 in
883 3756 1002 3830 armis,
1017 3754 1164 3834 satisque
1182 3753 1257 3813 sor-
1276 3745 1305 3815 ὃ]

52 3848 184 3903 tanetus
206 3850 280 3903 ante
300 3852 442 3906 sumtum
464 3842 639 3921 imperium
660 3840 719 3903 sub
740 3839 886 3922 Augusto
907 3838 983 3910 fuit,
1005 3844 1043 3899 ut
1060 3855 1128 3932 nou
1148 3833 1257 3933 imme·

52 3924 120 3987 rito
142 3925 354 4007 Reipublicae
374 3925 557 3988 dominatus
578 3927 608 3989 ei
630 3922 902 3988 committeretur.
943 3921 1055 3982 luerat
1075 3938 1106 3980 ea
1125 3913 1300 3990 scientrad

52 4005 239 4072 litterarum
258 4008 372 4069 multa.
413 4007 556 4091 Eloquio
578 4007 719 4080 clarior,
742 4003 798 4067 sed
818 4001 947 4087 ingenio
968 4001 1130 4084 pessimo,
1152 4001 1257 4098 truci,

57 4111 175 4166 avaro,
211 4088 393 4165 insidioso,
421 4090 573 4154 simulans
596 4113 632 4154 ea
651 4112 686 4153 se
703 4089 809 4161 velle,
840 4106 924 4168 quaa
942 4084 1063 4149 nollet:
1093 4081 1148 4147 bis
1167 4105 1259 4167 quasi
1297 4102 1300 4107 ·

55 4171 218 4249 intensus,
252 4174 372 4258 quibus
402 4175 585 4238 consultum
608 4173 784 4257 cupiebat,
812 4167 984 4243 hisvero,
1016 4188 1099 4251 quos
1121 4166 1258 4239 oderat,

56 4258 149 4337 quasi
167 4256 344 4322 benevolus
364 4280 537 4341 apparens.
577 4256 766 4339 Repentinis
785 4251 1053 4332 responsionibus
1074 4257 1129 4311 aut
1149 4237 1302 4315 consi-5

55 4339 112 4440 liis
132 4340 261 4416 melior,
283 4365 381 4426 quam
401 4341 576 4443 meditatis.
619 4335 931 4423 Deniqundelatum
951 4356 970 4395 a
990 4332 1144 4475 Patribps
1161 4332 1260 4431 prin-0
1282 4324 1301 4388 6

54 4431 204 4571 iiiii-lii
223 4414 1264 4585 ἓῖῗῖἶηἶῖἳὲἶῖῗαῦῗὲῑιῖῗὲἷῖἳζῗῃῗῖι’ξίἶῖἕὲἒί3ὲοίῗέἕὲ

55 4612 119 4678 qus
140 4590 373 4679 pessumdedit.
416 4586 630 4659 destinantes
651 4589 760 4663 enim,
781 4578 1163 4668 aestuosissimum
1186 4601 1264 4647 ora·
1284 4600 1303 4663 7
