2834 4950
125 225 177 303 sa
642 214 840 293 vamur
1136 298 1138 303 ¹

129 384 275 471 equestri
296 382 436 455 militis,
460 382 644 466 designatus
663 385 849 463 Quaestor,
870 377 1009 447 aecum
1031 375 1174 441 tenatos
1192 378 1350 459 σοφοῖν

128 469 367 541 senatoribus,
390 469 487 529 etiam
511 468 686 551 designatis
709 466 868 529 Tribunis
888 463 1017 547 plebis,
1037 468 1166 545 partem
1188 454 1353 519 exercitus
1410 488 1415 511 ‹

128 555 173 615 nb
195 553 306 624 Urbe,
329 550 442 612 traditi
464 551 506 612 ab
527 551 676 633 Augusto
689 596 698 626 ,
721 547 862 634 perduxi
885 546 926 607 ad
948 546 1052 608 lilium
1068 543 1148 605 eius.
1179 539 1218 603 ln
1242 540 1355 617 Quae-

128 647 223 698 stura
254 633 390 707 deinde,
425 634 560 696 remissa
591 643 682 696 sorte
712 630 926 715 provinciae,
958 628 1097 711 Legatus
1129 623 1281 687 eiusdem
1316 618 1354 683 ad

130 717 272 782 eundem
303 716 441 791 missus,
471 737 549 801 quas
577 738 637 779 nos
663 718 775 801 primo
806 734 891 775 anno
914 713 999 774 acies
1019 708 1167 771 hostium
1186 698 1356 770 ludimus?

131 801 264 886 quantis
293 799 491 883 prudentiae
519 800 612 861 ducis
634 797 939 885 opportunitatibus
961 798 1107 857 furentes
1129 811 1250 855 eorum
1274 790 1357 851 vires

131 886 301 947 universas
327 884 487 945 evasimus
513 886 685 967 partibus?
718 888 841 967 quanto
875 902 950 943 cum
977 884 1238 961 temperamento
1263 868 1358 934 simul
1412 902 1415 939 ι

132 966 268 1031 virtutis
289 975 322 1028 et
342 966 496 1028 utilitatis
518 986 570 1027 res
591 968 790 1030 auctoritate
812 962 1027 1048 Imperatoris
1042 959 1093 1044 agi
1109 958 1273 1021 vidimus?
1297 976 1359 1039 qus
1411 992 1416 1011 ι

132 1050 311 1137 prudentia
332 1048 472 1111 hiberna
494 1049 653 1131 disposita
675 1058 771 1114 sunt?
802 1057 1051 1130 quanto'opere
1081 1042 1226 1105 inclusus
1255 1038 1361 1107 cuite-

135 1136 201 1197 diis
222 1133 384 1195 exercitus
406 1133 514 1194 nostri
537 1135 691 1216 [hostis],
714 1153 757 1195 ne
779 1153 842 1215 qua
863 1139 975 1213 posset
997 1147 1182 1209 erumpere,
1197 1125 1360 1207 inopsque

136 1216 681 1363 ⁶⁰{iiiim1i'i-immifurfeii'
703 1218 830 1359 viribps
852 1212 999 1315 haustis,
1022 1210 1341 1355 elpqgssqsclprethrffl

136 1347 139 1353 .
275 1342 284 1361 .
346 1320 571 1375 essevera,
610 1324 628 1363 o
666 1320 824 1363 econau
893 1318 976 1360 rnna
997 1314 1118 1355 nesae
1165 1314 1220 1354 es
1342 1320 1363 1337 -

137 1384 235 1448 salini
271 1402 354 1463 opus
382 1381 601 1445 mandandum
633 1393 681 1444 est
712 1320 903 1445 memoriali.
947 1378 1013 1459 Qui
1034 1378 1088 1439 vir
1108 1376 1217 1437 animo
1236 1336 1362 1447 ἐἱὶιιιῃ

140 1489 239 1551 quam
269 1476 387 1549 gente,
419 1466 586 1543 nobilior,
619 1467 861 1550 (dignissimus,
890 1463 947 1547 qui
974 1470 1006 1524 et
1032 1470 1161 1541 patrem
1182 1458 1365 1521 corviam

138 1549 331 1621 habuisset,
355 1557 388 1609 et
409 1570 592 1634 cognomen
615 1570 710 1614 suum
733 1552 849 1612 Cottae
871 1545 966 1609 fratri
993 1544 1194 1627 relinqueret
1207 1543 1234 1621 ,)
1260 1560 1365 1625 prae-

140 1634 270 1719 positus
292 1632 452 1714 Illyrico,
474 1634 582 1696 subita
603 1633 808 1706 rebellione,
831 1652 906 1693 cum
926 1628 1104 1709 semiplena
1126 1626 1262 1703 legione
1285 1622 1369 1685 vice·

142 1718 245 1790 sima,
278 1715 499 1779 circumdatus
524 1715 639 1780 hostili
663 1718 827 1790 exercitu,
851 1712 990 1797 amplius
1013 1712 1077 1773 XX
1098 1710 1201 1773 millia
1221 1706 1368 1783 bostiuujs

24 1868 30 1877 „
141 1800 231 1863 fudit
251 1800 462 1881 fugavitque,
495 1810 529 1861 ct
553 1802 596 1863 ob
619 1799 654 1862 id
682 1799 881 1862 ornamentis
905 1794 1163 1875 triumphalibus
1182 1792 1370 1855 honoratus

144 1892 205 1944 est.
249 1884 299 1941 lta
320 1880 472 1964 placebat
490 1882 642 1945 barbaris
663 1904 818 1945 numerus
839 1902 928 1954 suns,
951 1880 995 1941 ita
1017 1877 1138 1939 fiducia
1158 1875 1297 1951 virium,
1323 1880 1369 1947 ut,

144 1966 347 2045 ubicumque
370 1965 486 2026 Caesar
508 1976 610 2041 esset,
640 1966 724 2027 nibil
745 1966 779 2026 in
800 1986 834 2026 se
855 1963 924 2047 spei
947 1969 1159 2045 reponerent.
1201 1958 1287 2021 Pars
1310 1978 1372 2021 ex·

145 2049 269 2110 ercitus
291 2068 427 2121 eorum,
449 2050 622 2130 proposita
645 2049 708 2132 ipsi
734 2048 834 2123 duci,
857 2056 891 2109 et
911 2045 952 2108 sd
973 2044 1150 2107 arbitrium
1172 2040 1375 2105 utilitatem·

147 2152 212 2214 que
233 2139 381 2191 nostram
402 2142 587 2207 macerata,
609 2132 836 2216 perductaqne
856 2129 898 2191 ad
919 2127 1120 2191 exitiabilem
1141 2129 1288 2200 famem,
1310 2146 1374 2187 ne-

147 2234 213 2297 que
234 2214 406 2273 instantem
428 2216 601 2291 sustinere,
622 2236 731 2299 neque
752 2236 825 2277 cnm
848 2213 1045 2275 iacientibus
1059 2210 1190 2294 copiam
1203 2208 1375 2293 pugnandi

148 2297 437 2379 dirigentibusque
458 2298 560 2360 aciem
584 2320 659 2361 ausa
681 2296 864 2381 congredi,
891 2305 1053 2381 occupato
1076 2303 1190 2356 monte
1212 2292 1376 2365 Claudio,

148 2382 336 2446 munitione
367 2402 401 2441 se
427 2380 585 2444 defendit.
629 2380 674 2443 At
700 2404 735 2443 ea
763 2402 863 2464 pars,
897 2401 979 2463 qaae
1008 2378 1139 2442 obviam
1162 2398 1197 2438 se
1218 2375 1379 2439 effuderat

150 2463 334 2535 exercitui,
367 2484 464 2547 quem
492 2464 530 2528 Δ.
552 2466 689 2527 Caecina
719 2471 751 2526 et
778 2463 928 2526 Silvanus
948 2462 1098 2528 Plautius
1121 2459 1322 2524 Consulares
1344 2478 1381 2522 ex

150 2546 379 2611 transmarinis
410 2546 615 2609 adducebant
639 2548 843 2631 provinciis,
876 2548 1072 2609 circumtusa
1102 2545 1249 2629 quinque
1270 2542 1382 2627 legio-

150 2632 250 2695 nibus
272 2631 414 2703 uostris,
443 2631 747 2715 auxiliaribusque,
778 2640 812 2693 et
833 2631 981 2713 equitatu
1013 2630 1107 2705 regio
1134 2628 1278 2711 (qnippe
1308 2628 1381 2689 mass·

151 2735 248 2799 gnam
272 2712 439 2774 Thracum
459 2726 608 2789 manum,
630 2715 760 2797 iunctus
781 2714 960 2799 praedictis
981 2713 1141 2787 elumbes,
1164 2707 1381 2773 Rhoemetal-

153 2818 228 2870 ces,
262 2795 425 2858 Thraciae
448 2818 528 2873 rex,
559 2798 593 2859 in
624 2797 828 2860 adiutorium
854 2798 924 2859 eius
951 2797 1033 2861 belli
1060 2819 1171 2861 seeum
1190 2792 1380 2875 trahebat),

153 2898 258 2965 paene
280 2879 482 2942 exitiabilem
507 2876 660 2945 omnibus
679 2882 805 2944 cladem
826 2881 956 2946 intulit..
979 2880 1064 2944 Fusa
1085 2881 1255 2965 regiorum
1279 2898 1385 2959 eque-

154 2963 233 3028 stris
254 2963 363 3037 acies,
393 2962 526 3048 fugatae
554 2964 646 3040 alae,
675 2986 853 3028 conversae
881 2966 1038 3027 cohortes
1060 2972 1156 3039 sunt,
1179 2960 1269 3046 apud
1290 2962 1383 3039 siuns

156 3068 293 3132 quoque
316 3045 486 3131 legionum
518 3047 731 3131 trepidatum.
772 3046 838 3109 Sed
867 3048 1005 3111 Romani
1036 3049 1142 3111 virtus
1172 3044 1290 3109 militis
1310 3044 1385 3127 plns

157 3154 198 3193 eo
232 3139 383 3214 tempore
411 3130 593 3194 vindicavit
622 3131 771 3215 gloriae,
805 3152 903 3212 quam
934 3132 1073 3194 ducibus
1103 3130 1264 3215 reliquit:
1303 3128 1383 3209 qui,

156 3213 298 3277 multum
321 3236 339 3275 a
366 3236 461 3277 mare
491 3215 708 3300 Imperatoris
738 3212 788 3273 sui
820 3213 1066 3299 discrepantes,
1099 3224 1174 3277 ante
1199 3216 1232 3277 in
1252 3210 1384 3275 bostem

160 3295 370 3371 inciderunt,
393 3318 490 3379 quam
511 3319 574 3380 per
595 3296 841 3378 exploratores,
863 3298 922 3361 ubi
943 3297 1049 3361 bostis
1072 3306 1171 3373 esset,
1194 3294 1385 3373 cognosce·

159 3387 246 3442 rent.
290 3378 358 3437 Iam
381 3377 485 3459 igitur
505 3380 540 3441 iu
561 3378 671 3441 dubiis
691 3377 790 3439 rebus
810 3390 912 3443 semet
934 3382 1026 3463 ipsae
1045 3382 1193 3457 legiones
1217 3378 1384 3441 adhorta-

160 3471 237 3531 tae,
261 3456 414 3539 iugulatis
438 3460 478 3521 ab
499 3460 597 3523 hoste
618 3461 811 3545 quibusdam
835 3466 993 3527 Tribunis
1014 3465 1177 3539 militum,
1205 3465 1383 3525 interemto

160 3542 336 3608 Praefecto
359 3546 567 3617 castrorum,
589 3544 838 3629 Praefectisque
862 3548 1076 3623 cohortium,
1108 3569 1177 3609 nan
1206 3544 1388 3610 incruentis

165 3624 444 3699 Centurionibus‚
465 3647 483 3687 e
505 3626 625 3711 quibus
646 3628 744 3711 etiam
765 3631 867 3707 primi
890 3629 1022 3693 ordines
1044 3630 1212 3705 cecidere,
1240 3630 1387 3693 invasere

166 3711 299 3783 bostem
332 3730 393 3771 uec
413 3710 604 3773 sustinuisse
629 3714 798 3790 contenti,
855 3721 989 3795 errupts
1010 3736 1127 3778 eorum
1149 3714 1240 3784 acie,
1267 3732 1308 3774 ex
1327 3712 1385 3774 in-

167 3802 301 3876 sperato
329 3792 503 3855 victoriam
531 3794 792 3860 vindicaverunt.
869 3817 910 3859 oc
941 3798 1013 3862 iere
1038 3807 1192 3881 ¹tempore
1216 3794 1383 3879 Agrippa,

169 3878 227 3959 qui
259 3872 373 3935 eodem
404 3874 478 3949 die,
511 3899 577 3962 quo
609 3879 786 3954 Tiberius,
817 3880 992 3964 adoptatus
1015 3881 1056 3946 ab
1079 3903 1140 3944 svo
1161 3902 1222 3943 suo
1244 3874 1386 3941 naturali

170 3965 263 4031 erat,
293 3966 328 4018 et
349 3957 420 4021 -iam
450 3964 526 4023 ante
552 3963 744 4037 biennium,
772 3962 878 4045 qualis
899 3973 1003 4039 esset,
1026 3986 1189 4048 apparere
1209 3969 1385 4045 coeperat,

170 4042 255 4103 mira
284 4042 447 4123 pravitate
475 4047 576 4110 animi
608 4055 706 4129 atque
741 4046 863 4131 ingenii
895 4048 930 4110 in
957 4049 1155 4131 praecipitia
1190 4066 1386 4120 conversus,

170 4124 276 4208 patria
303 4132 401 4207 atque
433 4128 579 4193 eiusdem
610 4132 662 4191 avi
688 4128 740 4189 sui
761 4128 911 4193 'adimam
932 4132 1087 4197 alienavit
1108 4132 1193 4193 sibi:
1223 4149 1386 4215 moxque,

172 4208 394 4271 crescentibus
415 4210 451 4271 in
471 4211 541 4277 dies
561 4212 673 4283 vitiis,
696 4210 831 4293 dignam
853 4212 967 4277 iniere
987 4235 1047 4278 suo
1069 4216 1188 4277 habuit
1212 4215 1348 4283 exitum.

215 4290 334 4354 CXlll.
366 4291 489 4376 Accipe
519 4300 629 4369 nunc,
659 4294 707 4355 M.
735 4295 871 4374 Vinici,
903 4306 1030 4361 tantum
1064 4298 1099 4359 in
1128 4297 1219 4360 bello
1253 4297 1388 4367 ducem,

172 4376 392 4521 uultui}
414 4376 1392 4548 tuttuffl‘tttttttta,¹tttsstt‘tttttattitt

559 4506 567 4535 ³
967 4514 974 4527 ¹
1051 4512 1067 4545 .2

173 4562 238 4603 una
258 4550 364 4607 castra
384 4540 498 4607 decem
519 4543 727 4633 legionibus,
754 4546 853 4637 m
872 4548 1012 4643 amplius
1033 4549 1249 4669 wlfrid&
1272 4557 1394 4647 quatuj
