2850 4958
14 276 115 338 -Ν

70 434 144 500 tna,
167 444 233 509 quo
257 421 468 486 emolumenti
490 420 615 507 aliquid
636 423 752 488 studiis
772 423 952 499 historiae,
980 423 1315 507 praesertimlioma·

70 549 151 603 nae,
185 530 218 593 in
248 524 369 589 scholis
399 524 584 601 adferrem,
607 530 785 608 Scriptores
808 516 921 590 'rerum
953 537 1196 604 Romanarum,
1228 551 1311 612 quos

68 642 211 718 propter
229 630 395 703 librorum
423 651 441 695 a
463 630 634 721 ignitatem
656 637 689 690 et
708 630 849 692 formam
871 630 1150 714 compendiariam
1173 635 1313 694 minores

55 730 168 822 'selgo
190 743 330 810 vocant,
353 648 518 805 Velleium
536 734 747 804 Paterculum
769 733 868 809 dico,
900 734 1035 801 Florum
1048 753 1065 809 ,¹
1089 733 1310 817 Eutropium,

68 838 145 903 Sex.
167 836 337 900 Aurelium
358 835 552 912 Victorem,
582 837 657 902 Sex.
680 840 821 911 Rufum,
843 837 1012 901 Messalam
1034 838 1231 913 Corvinum,
1253 838 1312 921 qai

68 941 152 1009 falso
175 943 297 1004 dicitur
318 950 434 1003 auctor
454 940 560 1004 libelli
581 943 624 1005 de
644 942 783 1028 Augusti
804 942 984 1024 progenie,
1012 942 1045 1003 in
1066 943 1254 1005 scholarum
1281 951 1315 1004 et

66 1047 248 1112 iuventutis
268 1045 434 1108 studiosae
454 1044 662 1121 litterarum,
691 1067 774 1131 quae
804 1045 844 1107 ab
866 1044 1068 1109 humanitate
1090 1065 1209 1106 nomen
1234 1052 1311 1106 tra-

67 1157 207 1223 xerunt,
230 1169 323 1211 usum
348 1155 381 1210 et
400 1147 610 1211 commodam
631 1147 738 1210 denuo
762 1147 904 1210 edendos
923 1150 1048 1211 curavi.
1081 1148 1218 1210 Exstant
1236 1147 1314 1231 qui-

2 1248 144 1323 audem
164 1247 483 1334 plurimatrillorum
504 1250 707 1337 scriptorum
731 1251 915 1324 editiones,
937 1259 971 1313 et
990 1258 1104 1312 nostro
1128 1272 1207 1312 aevo
1230 1252 1313 1333 qui-

34 1430 38 1435 ,
67 1350 195 1438 busque
225 1353 378 1417 nundinis
407 1351 553 1415 librariis
584 1355 774 1416 catervatim
805 1352 897 1435 quasi
928 1352 1144 1426 emittuntur,
1172 1361 1313 1435 propter

68 1458 170 1541 pretii
200 1478 333 1543 quoque
362 1456 574 1540 exiguitatem
604 1457 701 1520 facile
731 1457 833 1519 cuivis
864 1457 1123 1541 comparabiles,
1161 1465 1195 1517 et
1230 1477 1313 1539 quau

68 1562 196 1638 fornice
216 1554 380 1636 minutae,
409 1560 537 1645 qualem
560 1567 722 1623 nostrates
749 1580 948 1644 magnopere
980 1583 1089 1624 amare
1111 1567 1314 1643 coeperunt,

69 1658 304 1737 commoditate
332 1663 459 1744 possint
490 1660 724 1732 commendari.
769 1661 992 1735 Nihilominus
1022 1672 1128 1726 tamen
1155 1662 1229 1723 illos
1252 1662 1314 1723 hi-

65 1761 234 1838 storicos,
267 1785 349 1847 quos
379 1780 478 1845 supra
507 1763 691 1837 nominavi,
723 1784 830 1847 neque
861 1785 973 1825 omnes
1005 1765 1038 1824 in
1068 1763 1314 1847 discipulorum

68 1866 219 1940 manibus
241 1887 329 1941 esse,
352 1887 458 1952 neque
479 1866 519 1927 ab
541 1867 582 1927 iis
602 1865 686 1950 legi,
708 1886 776 1927 non
796 1866 866 1928 sine
887 1886 1003 1948 magno
1033 1864 1151 1928 dolore
1172 1866 1313 1951 neglecti

67 1956 230 2047 historiae
263 1970 416 2056 antiquae
452 1967 552 2039 studii
584 1958 811 2050 animaduerti.
856 1964 955 2029 Cuius
978 1961 1027 2030 rei
1046 1989 1194 2047 *caussam
1215 1969 1248 2028 in
1272 1992 1310 2032 eo

68 2072 154 2143 mihi
175 2072 424 2159 reprehendisse
453 2071 587 2144 videor,
617 2067 707 2152 quod
729 2069 778 2130 illi
800 2068 880 2131 libri
901 2067 1090 2153 singulatim
1115 2069 1195 2132 editi
1216 2080 1312 2159 sunt·,

3 2230 6 2235 .
67 2175 166 2275 pueri
189 2184 324 2249 contra,
346 2174 397 2247 vel
416 2174 528 2258 potius
550 2192 666 2234 corum
685 2180 795 2255 patres
817 2171 1015 2244 saltatores
1037 2171 1213 2234 emtionem
1233 2173 1316 2234 mul·

68 2282 183 2340 torum
205 2276 388 2348 librorum,
413 2276 440 2336 si
463 2273 502 2336 ad
524 2274 711 2336 scholarum
731 2297 823 2337 usum
843 2275 982 2337 maxime
1007 2277 1207 2341 necessarios
1222 2297 1313 2339 exce·

67 2376 178 2464 peris,
211 2379 334 2442 evitare
367 2387 400 2441 et
433 2375 523 2462 quasi
557 2377 698 2449 horrere
728 2378 847 2440 solent.
892 2376 990 2456 Quod
1021 2377 1153 2463 quideni
1183 2401 1251 2441 non
1273 2377 1314 2441 de

68 2464 223 2553 omnibns
243 2482 435 2566 parentibus
458 2464 581 2555 dictum
605 2480 724 2554 velim,
748 2489 802 2555 at,
825 2479 907 2543 mihi
930 2479 1047 2555 crede,
1070 2480 1158 2550 haud
1178 2503 1313 2570 paucos,

68 2586 189 2668 quibus
221 2593 365 2657 esttam
397 2582 531 2645 sordida
563 2605 641 2651 cura
671 2581 804 2667 peculi,
838 2585 987 2668 cognovi.
1030 2584 1099 2646 lam
1129 2586 1185 2669 pia
1219 2587 1313 2674 quasi

66 2686 185 2751 fraude
212 2687 350 2772 quadam
383 2687 542 2774 egendum
563 2683 645 2747 mihi
668 2683 770 2758 duxi,
800 2693 837 2746 nt
860 2695 988 2749 tenaces
1011 2687 1064 2749 isti
1087 2696 1197 2771 patres
1218 2689 1314 2750 unius

67 2787 149 2863 libri
172 2773 316 2853 emtione
336 2790 447 2871 plures
479 2787 576 2852 simul
606 2786 786 2870 scriptores
809 2809 1002 2873 comparare
1021 2789 1170 2874 possint,
1193 2811 1316 2875 eosque

49 2889 110 2981 „ud
130 2890 305 2957 historiam
326 2893 505 2956 Romanam
526 2899 678 2956 accurate
698 2889 884 2953 discendam
907 2894 1057 2965 omnium
1079 2891 1202 2954 iudicio
1224 2916 1315 2976 pro-

14 2990 18 3001 '
65 2988 254 3069 iustissimos
275 2986 456 3091 animisque
476 2995 659 3080 puerilibus
680 2980 839 3076 perquam
861 3004 973 3079 aptos,
998 2996 1095 3058 etiam
1117 2997 1157 3057 ad
1178 2996 1312 3056 Latinae

35 3100 40 3107 '
64 3090 198 3180 linguae
218 3096 441 3183 cognitionem
461 3086 715 3181 comparandam
737 3095 939 3173 utilissimos,
958 3104 1074 3179 utpote
1090 3095 1130 3158 ab
1147 3096 1310 3170 omnibus,

68 3197 126 3280 qui
148 3190 288 3283 ingeniis
308 3198 497 3286 puerorum
511 3200 697 3273 excolendis
719 3199 882 3280 rebusque
903 3197 1036 3260 scholae
1059 3218 1192 3282 operam
1214 3220 1316 3264 nava÷

67 3298 148 3383 runt
172 3311 205 3364 et
225 3303 333 3366 adhuc
356 3306 389 3367 in
410 3306 476 3368 ho'c
499 3303 606 3367 officio
630 3299 810 3374 desudant,
832 3319 894 3383 per
916 3321 1045 3375 omnem
1076 3298 1174 3362 medii
1198 3309 1231 3362 et
1252 3322 1315 3362 re-

69 3405 228 3467 centioris
258 3406 328 3468 aeui
362 3404 534 3471 decursum
568 3401 823 3477 commendatos.
875 3401 1025 3467 Videbar
1057 3405 1158 3487 igitur
1194 3424 1316 3488 operae

67 3507 214 3591 pretium
235 3510 380 3591 facturus
406 3531 496 3589 esso,
518 3507 545 3570 si
566 3505 748 3578 historicos
768 3503 941 3569 Romanos
955 3505 1102 3581 minores
1123 3527 1189 3579 uno
1209 3505 1313 3567 volu·-

10 3608 13 3613 ’
69 3610 157 3688 paine
187 3613 381 3675 coniunctos
413 3611 563 3683 ederem,
592 3609 786 3693 praesertim
816 3609 872 3693 qai
895 3606 1038 3679 cursim,
1060 3605 1126 3666 hoc
1148 3615 1216 3680 est,
1245 3629 1312 3685 non

68 3711 271 3802 negligenter
299 3724 355 3779 aut
388 3714 589 3793 oscitanter,
623 3711 680 3777 sed
711 3723 747 3791 ut
775 3733 889 3811 sapere
920 3709 996 3789 inde
1024 3717 1059 3775 et
1082 3708 1145 3774 fari
1166 3709 1312 3799 discant,

69 3900 456 3939 m

74 4022 77 4027 ·
98 4018 102 4039 ι
172 3986 342 4051 Historiae
363 3987 510 4053 Graecae
532 3991 640 4074 capita
660 3992 859 4075 praecipua,
885 4009 942 4050 sen
963 3992 1117 4067 excerpta
1138 4002 1178 4047 ex
1199 3983 1314 4047 Hero-.-

132 4069 226 4146 doto,
242 4071 450 4154 Thucydide,
464 4073 698 4156 Xenophonte,
715 4074 766 4138 ed.
782 4078 872 4154 Aug·
884 4065 1055 4134 matathiae.
1070 4068 1158 4148 Lips.
1175 4066 1264 4150 1809.
1281 4065 1312 4128 8.

173 4155 358 4219 Handbuch
388 4156 646 4240 merkwiirdiger
677 4156 801 4220 Stellen
828 4176 885 4216 aas
913 4152 975 4215 den
1001 4150 1218 4214 lateiniscben
1240 4151 1316 4211 Ge-

128 4236 452 4382 v{phiqbtschreibern
473 4239 529 4316 des
545 4237 795 4325 mittet-Altera,
811 4258 876 4308 rou
898 4230 1066 4299 Friedrich
1080 4256 1144 4301 uon
1155 4242 1314 4301 raama.

159 4341 210 4382 ras
225 4344 265 4385 an
291 4323 381 4386 1813.
403 4323 435 4387 8.
1257 4360 1258 4365 κ

172 4405 251 4468 Klio
275 4407 333 4469 dcr
352 4406 496 4477 homer,
520 4404 604 4468 oder
623 4404 779 4469 Aumahl
800 4424 857 4465 eus
877 4401 940 4463 den
962 4398 1228 4486 vorzagttehstea'
1248 4403 1315 4459 Ge-

132 4487 453 4552 schichtschreibern
479 4489 596 4561 Rome,
626 4490 688 4551 mit
715 4486 945 4568 erliiuterudeu
973 4486 1224 4570 humerlungen
1250 4502 1315 4551 v⁰¹t

131 4571 238 4636 Frisii,
261 4575 393 4651 Jacobs,
438 4575 518 4653 dena
544 4565 634 4650 3825,
658 4571 689 4643 8.
