2834 4950
97 208 176 357 au
237 278 241 287 ·
456 225 678 341 nussam
704 256 953 336 couvsuus
992 247 994 252 ’

103 449 123 487 a
144 442 210 507 quo
231 439 308 506 gens
327 418 432 494 Iulia,
465 428 498 481 et
517 420 687 504 antiquum
706 429 782 483 tuae
803 442 978 506 generosae
998 422 1103 505 prolis
1124 422 1297 494 derivatum

93 504 303 589 cognomen,
324 505 489 588 Auguste,
509 513 641 586 regnat:
668 524 862 588 quamquam
883 506 969 566 inter
989 514 1140 567 suctores
1158 516 1299 574 veterum

94 588 139 652 'in
160 587 311 671 ambiguo
333 593 480 661 constet,
500 594 610 649 utrum
630 585 717 648 buno
737 587 893 663 Silvium,
916 609 956 647 an
975 585 1159 651 Ascanium.
1174 612 1215 655 co
1238 616 1296 655 no-

102 674 261 734 minatum
280 669 380 731 fuisse
399 668 518 731 Iulum.
562 671 594 729 Is
614 666 753 743 Silvius,
775 679 853 753 post
872 670 998 731 obitum
1016 672 1123 770 patris
1148 692 1189 732 ex
1211 614 1297 738 ἐπὶ·
1330 678 1335 689 ’

102 757 157 816 nia
177 750 291 814 Italiae
311 761 424 827 nutus,
453 750 651 813 Postbumus
676 752 803 813 dictus:
835 773 930 836 quem
952 752 1083 815 Lavinia
1103 776 1293 841 praegnans,

128 837 290 920 riviguum
315 834 431 898 timens
460 832 653 908 Ascanium,
683 834 855 909 secedens,
879 834 913 895 in
934 834 1072 918 quadam
1091 832 1199 911 sidua,
1221 842 1290 922 apud

101 860 256 1001 llityrum
279 927 444 998 pastorem
465 917 613 1000 peperit,
634 915 720 978 nude
739 914 858 979 Silvius
878 926 1107 999 nuncupatur,
1129 928 1171 979 ut
1190 923 1296 994 Maro,

103 1002 258 1064 inducens
279 999 442 1063 Anchisen
466 1008 680 1083 ostentantem
703 1019 839 1061 suorum
856 999 1048 1083 progeniem
1072 1000 1204 1067 Aeneae
1227 1007 1301 1082 [aest

102 1102 137 1160 ,vs
180 1105 224 1152 aa.
249 1101 286 1145 a·
438 1136 454 1153 ..
481 1088 505 1125 ‘¹'

136 1087 245 1226 dull
271 1166 380 1245 (uides)
395 1182 501 1246 puras
519 1164 640 1229 tamenn
659 1165 717 1248 qui
734 1167 851 1226 nititur
870 1159 1000 1238 bastae,

181 1248 455 1328 Proximaforte
475 1257 561 1308 tenet
579 1247 660 1307 lucis
679 1247 775 1321 locu,
791 1248 918 1327 primur
937 1244 985 1306 ad
1000 1266 1100 1311 auras

181 1329 355 1395 Aetherius
374 1331 461 1390 Italo
483 1332 667 1391 commistus
684 1333 840 1412 sanguine
858 1339 991 1411 surget,

181 1414 314 1488 dl'lnius,
336 1413 498 1475 Albanum
517 1433 652 1486 nomen,
673 1422 732 1472 suu
747 1423 900 1494 postuma
916 1412 1045 1482 proless

189 1502 289 1577 Quem
309 1497 372 1558 tibi
391 1496 547 1576 longaeua
567 1514 673 1555 serum
692 1497 832 1558 Lauinia
851 1499 972 1557 eonius
1051 1509 1052 1512 ’

182 1578 305 1639 Educes
325 1581 412 1642 siluis
434 1599 562 1658 regem,
585 1597 757 1659 regumque
772 1588 962 1658 parentem3

188 1661 273 1720 Unde
288 1683 391 1742 genus
410 1661 509 1741 longa
529 1671 672 1719 nostrum
693 1659 909 1720 dominabitur
928 1659 1027 1721 Alba.

142 1743 232 1803 XIX.
265 1745 328 1807 Hic
348 1743 467 1805 Silvius
487 1741 624 1802 Silvium
646 1744 785 1803 Aeneam
806 1740 910 1801 filium
929 1740 1081 1825 reliquit:
1104 1761 1144 1804 ex
1161 1763 1229 1825 quo
1244 1744 1300 1806 Ina

101 1826 187 1886 tinus
210 1825 311 1900 filius,
343 1849 361 1886 a
383 1847 448 1908 quo
470 1823 570 1906 prisci
591 1824 697 1885 Latini
722 1844 838 1905 cepere
858 1845 995 1897 nomen,
1027 1833 1059 1884 et
1079 1823 1223 1886 Silvium
1243 1849 1299 1889 oo-

100 1930 239 1990 gnomeu
261 1909 363 1970 Albae
382 1907 591 1991 regnantibus
611 1906 742 1980 datum,
769 1914 805 1966 ut
825 1903 957 1988 quidam
977 1905 1166 1968 tradidere:
1191 1931 1299 1990 quum·

101 2012 198 2073 quam
219 1991 378 2075 Virgilius
398 1990 464 2050 boc
486 2010 666 2072 cognomen
686 1989 817 2075 regibus
839 1987 973 2050 Albanis
994 1988 1129 2059 asilrio
1145 1989 1296 2053 Postumo

101 2075 283 2135 derivatum
303 2073 422 2134 sentire
441 2070 602 2133 videatur.
940 2092 953 2103 ··
1210 2104 1216 2117 ·

141 2157 214 2216 XX.
247 2157 367 2216 Genuit
391 2155 447 2215 bic
474 2152 592 2215 Silvius
620 2153 757 2227 Albam,
790 2152 889 2237 Atym
914 2153 1017 2229 Alba,
1051 2156 1174 2239 Capym
1208 2155 1296 2238 Atys,

101 2238 205 2320 Capys
233 2240 407 2319 Capetum,
441 2237 578 2318 Capetus
608 2237 823 2310 Tiberinum3
857 2235 935 2321 qui,
968 2238 1001 2297 in
1031 2238 1150 2303 Albula
1171 2240 1298 2301 flumine

12 2370 15 2375 .
100 2320 282 2387 demersus.
305 2319 441 2383 mutavit
463 2318 562 2382 fluvio
584 2340 722 2391 nomen,
746 2319 862 2393 Tiberi
883 2319 1034 2402 deinceps
1053 2332 1259 2406 nuncupato.

140 2405 229 2465 XXI.
260 2404 309 2465 Ex
330 2401 487 2465 Tiberino
511 2402 672 2484 superfuit
691 2401 855 2485 Agrippa:
878 2423 917 2462 ex
938 2424 1004 2484 quo
1023 2404 1184 2467 Romulus
1205 2405 1300 2466 Silvi⁴

99 2507 158 2560 us,
181 2488 237 2569 qui
259 2488 328 2548 sine
347 2484 463 2567 prole,
496 2485 631 2546 fulmine
662 2484 762 2558 ictus,
795 2483 907 2566 stirpis
934 2485 1076 2546 eiusdem
1107 2487 1300 2549 Aventinum

99 2569 134 2631 in
156 2591 260 2713 regnpl
278 2568 424 2652 reliquit.
466 2569 498 2629 Is
522 2567 698 2640 decedens,
732 2568 767 2639 in
794 2588 859 2650 quo
889 2567 1034 2649 sepultus
1063 2570 1195 2643 fuerat,
1228 2567 1304 2633 colli

98 2672 217 2713 nomen
264 2651 339 2713 edit.

96 2804 99 2811 Ι
140 2735 246 2794 XXII.
280 2735 366 2795 Huic
394 2733 546 2795 successit
569 2708 697 2793 Proca:
729 2753 794 2813 quo
825 2730 1002 2805 defuncto,
1030 2729 1096 2795 duo
1129 2733 1200 2796 eius
1223 2734 1302 2808 filii,

99 2816 254 2877 Numitor
277 2826 310 2877 et
331 2816 495 2889 Amulius,
517 2815 704 2895 superstites
728 2817 839 2875 suere:
875 2837 1016 2897 quorum
1039 2814 1121 2901 alter
1152 2817 1304 2879 Amulius

98 2899 327 2974 Numitorem,
348 2901 481 2960 fratrem
502 2899 672 2969 maiorem,
696 2919 713 2958 e
734 2897 817 2958 solio
840 2894 977 2971 deiecit,
1002 2898 1094 2960 cuius
1114 2898 1206 2961 virili
1228 2924 1306 2983 pro·

97 2981 131 3042 le
152 2981 339 3055 interemta,
365 2981 462 3042 liliam
482 2980 604 3043 Rheam
625 2980 777 3052 Silvium,
808 2987 845 3040 ut
863 2989 995 3064 partum
1016 2991 1198 3055 averteret,
1227 2985 1306 3046 Ve-

97 3063 210 3125 stalem
231 3065 389 3148 virginem
412 3072 528 3125 sacrat.
555 3062 659 3124 *lilaea
689 3063 833 3146 geminos
865 3062 988 3138 edidit,
1020 3062 1157 3126 Remum
1178 3067 1307 3129 scilicet

100 3149 133 3207 'et
153 3147 347 3217 Romulum,
368 3167 388 3206 a
407 3146 512 3208 Marte
533 3166 734 3227 compressa,
756 3155 794 3207 ut
813 3146 966 3210 traditur.
997 3147 1096 3226 Quod
1110 3148 1183 3225 regi
1199 3148 1307 3212 Amu-

98 3229 145 3290 lio
168 3239 299 3302 notum‚
331 3228 365 3289 in
387 3228 514 3291 vincula
541 3227 662 3290 tradita
690 3237 815 3304 matre,
845 3230 937 3307 regio
960 3228 1067 3292 edicto
1088 3229 1124 3290 in
1145 3231 1306 3313 Tybridis

99 3311 191 3372 alveo
215 3319 420 3394 exponuntur
443 3310 576 3394 gemini.
616 3311 714 3372 Fama
736 3320 805 3385 est,
830 3312 864 3372 in
884 3313 1015 3395 lupam,
1045 3313 1192 3396 geminos
1214 3314 1306 3377 lam.

98 3391 251 3466 bentem,
283 3395 408 3472 regium
439 3401 603 3474 pastorem
632 3394 821 3456 Faustulum
851 3415 925 3456 casu
955 3395 1096 3477 quodam
1126 3396 1301 3471 incidiase3

100 3476 158 3558 qui
188 3476 285 3539 uxori
316 3477 507 3537 Laurentiue
535 3476 727 3538 nutriendos
763 3477 864 3537 dedit.
914 3477 984 3537 Iam
1019 3476 1120 3539 adulti
1153 3480 1302 3553 iuvenes,

99 3561 252 3641 corporis
274 3567 306 3620 et
327 3558 425 3619 animi
444 3559 530 3619 vires
554 3558 680 3639 adepti,
701 3578 763 3639 per
783 3558 877 3619 silvas
898 3581 936 3620 ac
957 3580 1091 3621 nemora
1111 3582 1181 3622 non
1201 3562 1302 3624 modo

99 3639 252 3704 infestare
273 3642 377 3711 feras,
405 3640 461 3702 sed
482 3648 514 3703 et
534 3639 679 3702 finitimis
699 3638 886 3720 pastoribus
907 3641 1069 3703 dominari
1093 3655 1300 3724 acceperant.

100 3723 244 3785 Tandem
268 3724 392 3785 insidiis
413 3724 529 3785 Remus
550 3723 770 3804 interceptus,
790 3733 828 3784 ut
847 3724 987 3805 praedae
1007 3746 1081 3786 reus
1103 3725 1145 3785 ad
1165 3727 1300 3787 Amuli-

100 3829 155 3866 um
178 3806 320 3868 ducitur.
361 3805 461 3878 Inde,
481 3806 557 3886 quia
578 3827 649 3866 eum
675 3806 869 3867 cumfratre
889 3806 1028 3867 Romulo
1050 3806 1301 3887 inagnumNu-
1340 3856 1343 3863 .

99 3889 229 3949 mitaris
253 3890 410 3971 impetum
432 3888 546 3949 fecisse
567 3887 748 3960 dicebatur,
771 3888 813 3951 ad
834 3910 952 3970 poenas
974 3889 1127 3970 supplicii
1148 3902 1295 3953 materno

100 3992 161 4032 uso
184 3971 341 4033 traditur:
375 3994 393 4032 a
420 3993 486 4053 quo
515 3979 653 4035 monet
678 3970 738 4051 ipsi
759 3981 914 4053 nepotes,
944 3972 1108 4053 praesidio
1129 3983 1300 4052 pastorum

101 4054 136 4113 in
157 4055 278 4133 regiam
299 4057 385 4115 facto
407 4054 541 4135 impetu,
562 4052 726 4113 Amulium
749 4053 956 4125 obtruncant,
979 4063 1011 4114 et
1031 4056 1209 4116 restituunt
1232 4058 1303 4119 Nu-

100 4138 215 4198 mitori
236 4156 381 4218 regnum.
425 4137 520 4197 Hunc
540 4136 645 4208 scito,
669 4135 784 4195 Caesar
804 4133 965 4219 Auguste,
989 4138 1092 4219 gentis
1115 4137 1220 4201 Iuliae
1244 4141 1303 4202 Al-

99 4216 260 4281 banorum
283 4239 395 4300 regum
415 4216 586 4290 ultimum,
610 4238 742 4299 eamque
763 4226 890 4299 gentem
911 4218 951 4279 ad
966 4219 1086 4281 Iulium
1101 4242 1204 4303 usqne
1221 4224 1303 4283 Cae-

101 4321 225 4375 sarem,
257 4308 375 4382 teque,
402 4301 587 4381 principum
615 4298 732 4371 decus,
763 4301 832 4362 siue
862 4300 1001 4383 imperio
1021 4303 1148 4386 private
1171 4306 1204 4364 in
1227 4314 1301 4366 tuae

100 4383 267 4445 felicitatis
288 4390 434 4462 tempora
449 4382 645 4442 terminasse.
672 4382 816 4464 Namque
829 4383 1015 4457 Romulum,
1030 4386 1196 4449 Romanae
1209 4389 1301 4449 urbis

102 4465 297 4547 imperiique
315 4466 364 4525 tui
384 4461 599 4537 conditorem,
618 4472 760 4524 materna
781 4465 865 4527 linea
885 4466 1051 4551 incognito
1067 4479 1164 4550 patre
1177 4479 1299 4542 ortum,

100 4556 175 4610 tuae
187 4547 299 4631 stirpis
313 4568 379 4609 nou
393 4565 521 4618 censeo,
536 4545 563 4606 oi
578 4546 737 4608 maiorum
751 4549 971 4634 genealogiam
986 4559 1075 4613 recte
1085 4551 1301 4636 complector.
