2850 4958
463 284 588 363 urar.
615 246 737 365 nou.
759 289 852 367 ue.
878 287 925 365 u.
1269 318 1314 394 η

98 450 225 535 potitus
245 460 315 515 est„
348 453 609 539 Designatusque
641 454 764 517 lterum
784 455 906 523 Consul
934 455 968 518 lu
995 455 1121 521 Urbem
1142 476 1312 533 reversus,

98 532 232 596 secundi
255 534 451 599 Consulatus
472 538 568 601 initio
590 536 730 601 Kalend.
757 536 828 601 lau.
858 558 933 601 eum
957 537 990 600 ln
1012 536 1184 621 triumpho
1205 540 1313 607 duxit.

138 617 268 694 Effusa,
299 627 337 681 ut
362 620 603 704 praediximus,
633 620 782 683 immanis
808 621 857 683 vis
884 621 1120 683 Germanarum
1143 624 1313 705 gentium,

96 698 218 802 quibus
238 723 357 765 nomen
374 702 515 766 Cimbris
536 726 573 767 ac
589 703 749 787 Teutonis
771 712 853 779 erat,
875 726 977 789 quum
993 702 1189 784 Caepionem
1211 709 1316 769 Man·-

91 780 243 867 lrumque
266 786 355 848 Coss.
388 795 420 848 et
454 788 529 850 ante
552 786 735 849 Carbonem
760 784 976 872 Silanumque'
999 786 1158 849 fudissent
1195 791 1313 871 fugas-

92 877 233 951 seutque
258 869 290 930 in
312 868 447 943 Galliis,
471 881 503 932 et
523 873 685 933 exuissent
708 869 873 945 exercitu,
895 870 1121 955 Scaurumque
1141 871 1315 937 Aurelium

93 950 328 1028 Consularem,
358 963 390 1015 et
418 953 500 1017 alios
531 953 739 1016 celeberrimi
771 954 913 1016 nominis
947 952 1038 1016 viros
1073 955 1313 1031 trucidassent,

91 1034 239 1120 populus
269 1035 433 1099 Romanus
460 1059 528 1099 non
554 1038 655 1099 alium
684 1035 881 1120 repellendis
910 1038 1008 1099 tantis
1036 1035 1188 1101 hostibus
1210 1042 1312 1125 magis

94 1118 253 1182 idoneum
273 1119 526 1203 imperatorem,
558 1139 656 1206 quam
676 1119 841 1195 Marium,
868 1129 1039 1185 astratus.
1084 1121 1170 1185 Tum
1190 1126 1314 1188 multi·-

81 1201 216 1287 plicati,
235 1201 427 1265 Consulatus
458 1204 538 1266 eius.
583 1204 716 1267 Tertius
742 1204 777 1266 in
804 1212 963 1287 apparatu
991 1202 1074 1267 belli.
1101 1218 1311 1271 consumtuss

92 1307 162 1371 quo
185 1309 271 1347 anno
296 1288 353 1348 Cn.
375 1287 563 1363 Domitius,
587 1287 754 1351 Tribunus
774 1286 904 1368 plebis,
937 1287 1041 1373 legem
1063 1288 1161 1364 tulit,
1193 1302 1231 1354 ut
1251 1315 1313 1355 sa·
1337 1325 1341 1331 ·

92 1367 268 1443 cerdotes,
306 1391 389 1454 quos
424 1379 516 1433 autea
547 1370 694 1455 collegas
731 1369 954 1446 sufficiebant,
1016 1370 1134 1454 opulus
1172 1385 1312 1438 crearet.

92 1452 244 1532 Quarto,
266 1460 355 1515 trans
377 1452 476 1537 Alpes
498 1453 586 1516 eirca
608 1452 716 1538 Aquas
737 1451 863 1517 Sextias
884 1473 959 1517 cum
1005 1454 1134 1516 entonis
1149 1457 1311 1532 conflixit,

92 1536 234 1617 amplius
257 1534 306 1599 CL
328 1536 430 1600 millia
461 1535 608 1599 bostium
629 1539 744 1619 priore
766 1557 803 1599 ae
830 1546 968 1621 postero
991 1534 1045 1601 die
1071 1537 1111 1599 ab
1135 1556 1174 1599 co
1197 1541 1313 1604 truci-

93 1618 200 1684 datis:
224 1640 366 1701 gensque
388 1620 493 1683 excisa
515 1618 713 1682 Teutonum.
757 1620 905 1699 Quinto,
928 1619 1018 1683 circa
1038 1619 1137 1702 Alpes
1160 1620 1194 1683 in
1220 1642 1314 1687 cam-

117 1704 168 1779 is,
193 1702 311 1785 quibus
333 1725 450 1766 nornen
472 1711 543 1765 erat
563 1702 719 1778 Raudiis,
749 1703 818 1785 ipsc
841 1701 984 1777 Consul,
1008 1712 1040 1765 et
1060 1702 1246 1769 Proconsul
1267 1710 1311 1787 Q.

90 1723 243 1850 lutatim
271 1784 424 1861 Catulus,
445 1785 708 1849 fortunatissimo
730 1785 941 1851 decertavere
960 1786 1113 1868 proelio:
1143 1807 1233 1851 caesa
1254 1799 1313 1853 sut

89 1878 187 1953 capta
206 1868 346 1952 amplius
367 1871 418 1933 CC
437 1868 542 1934 millia
562 1868 746 1932 hominum.
790 1868 861 1933 Hac
880 1868 1022 1932 victoria
1047 1870 1179 1933 videtur
1191 1893 1312 1936 meru·-

90 1951 156 2017 isse
176 1950 311 2028 Marius,
334 1975 376 2015 ne
398 1952 467 2015 eius
481 1953 551 2015 usti
572 1950 819 2037 Rempublicam
838 1953 1037 2037 poeniteret,
1058 1972 1095 2017 ac
1109 1950 1200 2017 bono
1217 1956 1312 2020 malis

90 2056 292 2119 repensasse.
340 2036 457 2100 Sextus
478 2036 671 2099 Consulatus
700 2035 801 2099 veluti
832 2036 1016 2119 praemium
1050 2036 1080 2098 ei
1112 2037 1310 2103 meritorum

93 2114 199 2183 datus.
243 2119 319 2189 Non
339 2126 448 2183 tamen
467 2117 567 2183 huius
582 2116 774 2184 Consulatus
795 2119 968 2183 fraudetur
989 2115 1123 2203 gloria,¹
1136 2138 1201 2201 quo
1222 2119 1312 2186 Ser-

90 2198 163 2265 vilii
186 2201 359 2278 Glauciae,
381 2201 616 2287 Saturninique
636 2200 770 2286 Apuleii
792 2202 952 2277 iurarem,
976 2201 1175 2271 continuatis
1194 2204 1310 2281 bono]-

90 2283 186 2349 ribus
207 2283 456 2368 Rempublicam
473 2283 700 2360 lacerantium,
723 2294 756 2346 rt
776 2284 891 2369 gladiis
912 2305 1046 2433 quotue
1068 2294 1101 2349 et
1121 2284 1220 2351 caede
1240 2310 1310 2351 co-

88 2367 184 2431 mitia
206 2367 470 2445 discutientium,
488 2366 609 2433 Consul
630 2366 729 2431 armis
750 2377 969 2451 compescuit,
1017 2368 1207 2454 ominesquc
1229 2373 1310 2443 exi-‚-

88 2451 221 2515 tiabiles
244 2451 278 2515 in
299 2451 442 2517 Hostilia
464 2453 555 2515 curia
577 2458 685 2514 morte
709 2444 869 2514 multavit.
1022 2524 1026 2535 Ι
1053 2511 1055 2515 Α
1141 2452 1144 2457 '

130 2535 226 2599 Xlll.
250 2537 378 2599 Deinde
398 2535 578 2599 interiectis
598 2535 711 2618 paucis
733 2535 823 2597 annis
840 2528 1223 2615 TribunatumiuiitM.
1245 2536 1308 2598 Li-

86 2619 163 2683 vius
192 2623 340 2694 Drusus,
371 2616 425 2681 vir
452 2617 695 2694 nobilissimus,
728 2615 1030 2704 eloquentissimus,
1061 2619 1304 2696 sanctissimus,

86 2698 229 2767 meliore
251 2701 284 2765 in
307 2701 417 2765 omnia
439 2701 569 2787 ingeni-o
591 2702 785 2787 animoque,
814 2725 911 2787 quarn
932 2701 1084 2788 fortuna,
1107 2724 1196 2769 usus.
1226 2702 1307 2785 'Qui

87 2808 195 2871 quum
216 2785 348 2847 Senatui
370 2784 519 2866 priscum
538 2785 711 2849 restituere
733 2794 870 2868 cuperet
897 2782 1017 2859 decus,
1050 2795 1084 2849 et
1112 2784 1235 2869 iudicis
1263 2786 1306 2851 ab

87 2868 258 2953 equitibus
288 2867 329 2928 ad
357 2887 432 2929 eum
458 2870 635 2950 transferre
657 2865 827 2945 ordinem3
857 2865 997 2951 (quippe
1018 2884 1089 2930 eam
1108 2876 1307 2951 potestatem

85 2951 178 3015 nacti
204 2951 329 3035 equites
352 2948 550 3011 Gracchanis
569 2947 714 3034 legibus,
736 2967 810 3011 cum
830 2950 863 3010 in
884 2949 1004 3014 multos
1026 2947 1223 3015 clarissimos
1244 2961 1306 3014 st-

87 3057 155 3119 que
182 3031 468 3097 innocentissimos
501 3030 591 3094 viros
620 3028 820 3104 saevierant,
841 3032 911 3092 tum
930 3031 970 3095 P.
992 3026 1173 3109 Rutilium,
1196 3034 1307 3097 virum

86 3140 158 3181 non
178 3116 278 3180 seculi
295 3115 372 3193 sui,
395 3110 451 3177 scd
474 3115 580 3177 omnis
601 3111 671 3177 aevi
694 3114 876 3197 optimum,
898 3111 1137 3197 interrogatum
1156 3114 1229 3200 lege
1247 3137 1307 3179 rc-

86 3200 328 3304 petuudarum,
351 3198 493 3263 maximo
516 3216 591 3261 cum
612 3198 735 3276 gemitu
755 3196 896 3259 civitatis
919 3194 1149 3267 damnaverant
1159 3200 1186 3281 3)
1208 3198 1305 3263 iniis

87 3284 189 3369 rpsis,
212 3306 295 3370 quae
318 3305 380 3367 pro
403 3280 525 3344 Senatu
545 3279 763 3353 moliebatur,
791 3276 946 3343 Senatum
973 3277 1090 3344 babuit
1112 3276 1304 3346 adversari-

87 3392 166 3444 um,
195 3391 262 3430 non
283 3366 540 3451 intelligentem,
567 3365 596 3427 si
618 3387 682 3451 qua
702 3361 744 3427 de
763 3359 869 3444 plebis
890 3362 1071 3427 commodis
1091 3364 1131 3428 ab
1153 3388 1193 3430 eo
1216 3387 1303 3451 age-

87 3461 218 3527 rentur,
234 3450 335 3512 veluti
357 3447 547 3511 inescandae
567 3446 816 3531 illiciendaeque
833 3442 1054 3511 multitudinis
1074 3469 1184 3513 caussa
1205 3449 1301 3526 lieri,

85 3544 127 3599 ut
146 3532 329 3599 minoribus
349 3531 515 3619 perceptis
538 3533 664 3619 maiora
683 3530 917 3614 permitteret..
942 3530 1094 3617 Denique
1115 3551 1152 3595 ea
1166 3534 1304 3615 fortuna

85 3619 191 3683 Drusi
211 3618 294 3689 fuit,
319 3624 355 3679 ut
375 3614 544 3678 malefacta
565 3615 764 3696 collegarum
789 3610 872 3696 ejus,
896 3633 994 3698 quam
1016 3614 1141 3694 optime
1162 3617 1202 3678 ab
1226 3617 1300 3692 ipso

89 3702 256 3787 cogitata,
282 3698 419 3765 Senatus
440 3697 601 3782 probaret
620 3696 742 3779 magis3
771 3705 804 3759 et
821 3696 1005 3769 honorem,
1028 3695 1086 3777 qui
1107 3695 1148 3756 ab
1164 3718 1210 3758 eo
1233 3698 1302 3760 de-

85 3784 269 3862 ferebatur,
292 3788 480 3866 sperneret3
502 3781 651 3857 iniurias,
673 3780 756 3867 quae
778 3776 898 3841 abillis
913 3776 1177 3852 intendebantur,
1195 3799 1301 3862 aequo

86 3868 200 3935 animo
229 3869 417 3950 reciperem
448 3872 482 3931 et
511 3864 609 3929 huius
641 3883 786 3929 summae
814 3859 940 3947 gloriae
960 3858 1144 3953 invideret,
1165 3860 1303 3928 illorum

86 3952 252 4017 modicam
273 3952 388 4015 ferret.
944 4008 947 4013 ,
1001 3950 1004 3958 ’
1044 3958 1047 3962 “

129 4036 225 4099 XIV.
258 4034 342 4097 Tum
364 4052 539 4096 conuersus
559 4032 660 4095 Drusi
681 4031 823 4111 animus,
845 4026 975 4113 quando
988 4027 1204 4109 bensscoepta
1217 4031 1303 4099 male

88 4118 261 4195 cedebant,
283 4117 323 4181 ad
345 4112 483 4180 dandam
505 4113 670 4180 civitatem
683 4112 814 4177 ltaliae.
859 4110 958 4190 Quod
972 4134 1073 4196 quum
1084 4112 1224 4185 moliens
1244 4137 1304 4179 re-

87 4204 241 4267 vertisset
263 4202 399 4275 storo,
429 4196 583 4263 immensa
611 4195 667 4263 ills
693 4206 727 4262 et
753 4194 935 4269 incondita,
965 4217 1049 4281 quae
1074 4216 1149 4263 eum
1173 4216 1303 4282 semper

87 4286 333 4360 comitabatur,
357 4283 483 4347 cinctus
503 4280 735 4355 multitudiue,
767 4282 802 4345 in
822 4278 908 4345 atrio
933 4277 1050 4343 domus
1070 4298 1146 4343 suae
1165 4280 1301 4359 cultello

86 4390 277 4457 percussus,
300 4368 356 4455 qui
379 4364 503 4431 adfixus
523 4364 620 4429 lateri
642 4363 710 4427 eius
728 4365 862 4429 relictus
884 4367 944 4439 est,
967 4360 1186 4451 intrapaucas
1200 4362 1302 4431 boras

89 4452 242 4519 decessit.
283 4448 345 4515 Sed
365 4473 466 4535 quum
488 4450 639 4513 ultimum
653 4445 807 4514 redderet
821 4447 986 4531 spiritum,
1008 4442 1137 4529 intuens
1157 4440 1304 4533 circum-

90 4538 249 4603 stantium
269 4532 552 4619 moerentiumque
573 4531 811 4617 frequentiam,
834 4529 951 4595 effudit
968 4550 1082 4593 nocem
1103 4532 1307 4595 couvenien-

89 4622 249 4697 tissimam
269 4618 487 4699 conscientiae
507 4637 603 4683 suae:
624 4616 859 4705 demandans,
881 4614 1007 4704 iuquit,
1022 4614 1200 4698 propinqui
1216 4617 1309 4687 ansa?
