2850 4958
189 248 261 401 roo
575 316 622 397 Ia.
653 312 839 392 annuat
864 311 1016 391 Fnosl

177 462 367 569 signorum,
398 478 480 563 quid
508 480 667 555 restium,
695 477 814 561 quidve
834 473 1019 538 tabularum
1043 481 1197 555 raptum,
1220 456 1381 539 incensori

178 578 277 650 atque
297 566 483 648 proiectum
504 559 571 625 esti
615 564 758 641 Quantas
781 582 859 644 opes
881 568 913 621 et
934 555 1105 620 abstulerit
1125 566 1158 619 et
1178 558 1381 633 cremaverit,

176 648 256 712 binc
277 649 380 724 scias,
403 645 515 731 quod,
538 644 699 729 quidquid
721 643 885 706 Corinthii
908 642 991 703 aeris
1012 650 1084 703 toto
1109 641 1192 702 orbe
1212 640 1380 715 laudatur,

135 730 331 821 7-inccndio
354 729 553 815 superfuisse
574 728 803 812 comperimus.
847 728 929 788 Nam
959 733 993 785 et
1012 726 1096 785 acris
1115 732 1229 785 notam
1252 726 1392 807 pretio-1,

177 815 299 876 sionem
327 815 397 897 ipsa
428 810 692 894 opulentissimae
723 809 815 872 urbis
842 808 922 870 fecit
949 807 1090 871 iniuria:
1124 807 1202 891 quia
1234 806 1382 887 incendis¹

175 897 347 985 permixtis
366 895 518 981 plurimis
537 896 651 957 statuis
672 901 770 976 atque
789 890 992 965 simulacris,
1014 892 1120 966 aeris,
1142 890 1217 955 auri
1229 936 1253 975 ,¹
1266 910 1388 979 argona,

175 980 268 1068 tique
288 1000 389 1047 venae
409 979 444 1044 in
464 998 636 1055 commune
656 976 791 1041 fluxere.
1367 988 1378 999 ·’

586 1174 816 1251 §APUT
856 1171 967 1243 xvn..
1086 1211 1089 1217 -

551 1328 606 1384 m
636 1331 671 1376 ul
698 1327 842 1375 Hmffld
871 1328 1001 1403 illm&

134 1487 152 1531 ι
214 1466 264 1531 Ut
295 1462 525 1548 Carthaginem
554 1462 756 1539 Corinthos,
786 1461 834 1526 its
862 1460 1049 1525 Corinthon
1078 1458 1258 1521 Numantia
1278 1448 1383 1523 ssam‘·

132 1570 154 1615 a
174 1557 235 1611 est.
277 1548 347 1610 Nec
367 1545 485 1610 deinde
504 1552 577 1609 toto
599 1545 682 1609 orbe
702 1544 882 1629 quidquam
902 1546 1060 1608 intactum
1081 1543 1179 1607 armis
1199 1544 1280 1607 fait.
1310 1543 1378 1607 Post

173 1631 232 1695 illa
253 1630 318 1693 duo
341 1630 593 1695 clarissimarum
612 1627 746 1692 urbium
766 1627 938 1702 incendia,
960 1629 1026 1691 late
1046 1634 1144 1708 atque
1163 1627 1306 1708 passim,
1326 1640 1377 1707 aas

171 1716 361 1797 pervices,
392 1712 448 1775 sed
477 1710 575 1774 simul
604 1713 731 1796 pariter
754 1712 847 1794 quasi
868 1734 969 1773 unum
989 1708 1134 1790 undique
1153 1710 1281 1771 bellum
1303 1710 1376 1783 fuiss

171 1817 310 1878 prorsus
331 1805 369 1858 ut
388 1796 463 1857 illae
484 1796 604 1868 urbes,
627 1795 719 1879 quasi
740 1794 937 1878 agitantibus
958 1793 1078 1865 sentis,
1101 1791 1271 1855 diffudisse
1286 1812 1379 1876 quasa¹

130 1878 249 1943 Zdam
277 1878 357 1940 belli
384 1876 534 1939 incendia
560 1886 633 1938 toto
657 1879 739 1940 orbe
766 1875 967 1939 viderentur.
1011 1876 1187 1957 Hispaniae
1206 1890 1380 1961 numquam¹

173 1962 299 2024 animus
328 1959 412 2033 fuit,
449 1958 619 2021 adversum
653 1981 713 2022 noa
747 1960 917 2020 universae
951 1978 1168 2043 consurgere:
1206 1956 1380 2043 nurnquatt'¹

171 2045 326 2106 conferre
346 2043 431 2105 vires
452 2063 524 2103 suas
544 2042 664 2114 libuit,
686 2049 868 2125 nequeant
889 2042 1063 2125 imperium
1085 2043 1256 2123 experiri,
1279 2040 1377 2121 autlif

170 2124 333 2188 bertatem
360 2124 447 2186 tueri
473 2145 562 2185 suam
582 2124 736 2207 publice:
765 2123 913 2206 alioquin
934 2128 979 2188 ita
1000 2125 1144 2208 undique
1165 2126 1376 2209 mari·Pyrs'⁴·

172 2228 322 2290 nasoque
342 2208 459 2271 vallata
481 2216 550 2281 est,
573 2216 610 2268 ut
630 2208 760 2291 ingenio
780 2208 861 2268 situs
880 2229 941 2270 nec
961 2209 1047 2271 adiri
1069 2206 1201 2292 quidem
1222 2206 1376 2290 potuerit·

128 2290 154 2371 ’4
173 2289 238 2353 Sed
259 2299 352 2351 antea
376 2313 394 2352 a
414 2290 569 2352 Romanis
592 2290 719 2352 obsessa
741 2298 800 2366 est,
823 2312 921 2372 quam
941 2313 975 2352 se
995 2294 1067 2375 ipsa
1088 2303 1326 2371 cognosceret3
1343 2296 1377 2353 'st

172 2374 242 2436 sola
264 2372 410 2434 omnium
431 2373 676 2454 provinciarum
698 2373 785 2436 vires
804 2394 897 2449 suas,
917 2384 1094 2459 postquam
1115 2376 1200 2436 victa
1222 2386 1296 2451 est,
1326 2376 1376 2437 inc·

128 2452 310 2519 Stellexit.
352 2457 392 2517 In
419 2455 483 2516 hac
507 2477 614 2538 prope
644 2456 801 2519 ducentos
830 2478 892 2539 per
922 2478 1024 2521 annos
1052 2458 1244 2520 dimicatum
1275 2468 1376 2533 est,t

166 2540 286 2623 primis
315 2538 526 2620 Scipionibus
556 2539 590 2599 in
618 2539 785 2601 Caesarem
805 2538 1004 2623 Augustum,
1032 2562 1101 2602 non
1121 2542 1303 2616 continuo,
1323 2550 1376 2603 nst

169 2621 404 2696 cohaerenter,
439 2620 495 2684 sed
525 2631 629 2699 prout
652 2643 780 2684 caussae
801 2621 1029 2687 lacessierunt:
1051 2646 1111 2685 nee
1133 2645 1208 2685 cum
1229 2624 1374 2709 Hispanis

168 2704 289 2776 initio,
321 2704 378 2767 sed
408 2726 483 2766 cum
511 2704 632 2766 Poenis
663 2705 698 2768 iu
724 2705 902 2787 Hispania:
934 2706 1010 2769 inde
1039 2708 1193 2790 contagio
1216 2718 1262 2770 et
1282 2708 1374 2770 series

126 2781 149 2847 6
170 2806 346 2867 caussaque
366 2786 541 2850 bellorum.
584 2788 697 2850 Prima
717 2810 778 2872 per
798 2789 1003 2871 Pyrenaeum
1024 2790 1135 2873 iugum
1158 2791 1248 2870 signa
1268 2792 1377 2852 Itoma-

165 2891 210 2929 na
230 2868 368 2933 Publius
390 2879 423 2930 et
444 2872 566 2932 Gnaeus
587 2871 760 2953 Scipiones
781 2870 982 2934 intulerunt:
1013 2873 1215 2955 proeliisque
1238 2874 1376 2959 ingenti-

164 2951 229 3013 bus
251 2953 443 3014 Hannonem
466 2962 498 3015 et
519 2952 757 3016 Hasdrubalem
779 2956 928 3032 [fratrem
950 2956 1156 3038 Hannibalis]
1179 2957 1373 3019 ceciderunt:

164 3043 325 3119 raptaque
347 3044 417 3099 erat
437 3036 561 3117 impetu
583 3038 762 3120 Hispania,
784 3038 848 3098 nisi
869 3039 1041 3100 fortissimi
1065 3039 1149 3112 viri,
1175 3039 1209 3098 in
1230 3040 1303 3121 ipsa
1322 3040 1375 3103 vi-

165 3118 272 3179 ctoria
300 3139 356 3179 sua
388 3120 557 3201 oppressi,
582 3120 707 3182 Punica
736 3119 853 3182 fraude
876 3121 1086 3195 cecidissent,
1118 3130 1206 3182 terra
1230 3123 1376 3208 marique

121 3221 144 3282 7
164 3200 318 3263 victores.
362 3201 470 3284 Igitur
491 3203 581 3285 quasi
604 3224 722 3267 novam
742 3203 967 3286 integramque
986 3204 1189 3286 provinciam
1212 3202 1376 3287 ultorpa-

164 3283 226 3345 tris
249 3291 281 3343 et
300 3284 412 3364 patrui
426 3282 550 3384 'Scipio
574 3284 646 3385 ille,
669 3306 751 3383 qu¹
766 3284 959 3361 Africanus,
982 3288 1117 3348 invasit:
1142 3288 1234 3369 isque
1256 3291 1373 3379 statim,

161 3372 260 3515 itt?
271 3364 635 3527 ,ttittttt‘titt
647 3366 1102 3532 iiiii⁵0ti⁰ie⁰i¹2¹²iiii
1116 3371 1376 3539 {littaei}

162 3523 299 3587 Iberum
318 3526 459 3589 subiecit
481 3529 644 3610 imperio,
675 3533 866 3618 primusque
886 3531 1110 3603 Romanorum
1130 3536 1250 3598 ducum
1272 3541 1378 3617 victor

122 3607 142 3671 8
164 3605 206 3667 ad
225 3607 332 3669 Gades
354 3617 387 3671 et
410 3610 533 3672 Oceani
556 3632 614 3673 ora
635 3617 796 3696 pervenit.
839 3613 917 3677 Plus
939 3625 988 3677 est
1000 3619 1205 3699 provinciam
1219 3620 1375 3695 retinere,

164 3712 261 3772 quam
282 3693 403 3754 facere.
446 3695 563 3776 Itaque
581 3717 644 3778 per
663 3708 773 3780 partes
795 3698 967 3773 iam-huc,
1000 3701 1063 3762 iam
1094 3700 1172 3764 illuc
1194 3703 1286 3767 missi
1308 3704 1375 3767 du.-

162 3793 233 3868 ces,
264 3775 320 3856 qui
352 3777 593 3852 ferocissimas,
626 3789 659 3841 et
688 3778 729 3841 ad
756 3780 791 3842 id
821 3784 979 3867 temporis
1000 3782 1121 3846 liberas
1143 3794 1254 3869 gentes
1268 3833 1278 3862 ,
1300 3784 1372 3849 ideo

161 3857 369 3943 impatientes
390 3858 471 3942 iugi,
493 3859 596 3923 multo
618 3862 745 3939 labore,
767 3876 827 3923 ne'c
848 3863 1028 3926 incruentis
1050 3869 1285 3934 certaminibus
1302 3862 1384 3931 sesi--

119 3937 233 4022 quire
254 3937 448 4003 docuerunt.
493 3943 573 4006 Cato
602 3945 659 4007 ills
689 3946 861 4007 Censorius
885 3948 1088 4027 Celtiberos,
1120 3950 1246 4026 idest,
1271 3949 1376 4016 robur
1413 3966 1415 3973 '

162 4018 360 4100 Hispaniae,
392 4022 520 4107 aliquot
538 4029 677 4110 proeliis
696 4028 808 4110 fregit.
851 4029 1039 4106 Gracchus,
1068 4040 1163 4115 pater
1184 4033 1241 4095 illa
1263 4036 1375 4099 Grae*-

159 4099 318 4176 chorum,
343 4105 473 4191 eosdem
494 4120 624 4173 centum
645 4119 679 4171 et
698 4110 933 4194 quinquaginta
954 4115 1086 4176 urbium
1103 4117 1274 4181 eversione
1288 4118 1377 4181 mul-

27 4220 29 4225 ·
120 4184 253 4245 notavit.
292 4186 544 4268 ‘Metellus'ille,
566 4192 623 4277 qui
646 4212 685 4252 ex
711 4193 902 4255 Macedonia
927 4218 1109 4280 cognomen
1129 4196 1375 4276 meruitjme.

158 4274 272 4328 ruerat
303 4279 336 4330 et
367 4272 582 4338 Celtibericus
607 4272 697 4346 fieri,
729 4297 830 4359 quum
862 4287 895 4338 et
928 4280 1138 4341 Contrebiam
1164 4284 1374 4349 memorabili

119 4348 483 4443 rrcepissetexemplo,
504 4364 538 4417 et
555 4356 774 4442 Nertobrigae
788 4361 915 4421 maiore
934 4359 1040 4444 gloria
1057 4363 1281 4446 pepercisset·
1306 4370 1376 4433 aaa

159 4431 264 4494 cullas
284 4432 451 4499 Turdulos
470 4446 568 4519 atque
590 4438 777 4514 Vaccaeos3
801 4441 842 4503 de
856 4444 976 4526 quibus
989 4445 1103 4527 Scipio
1119 4444 1373 4530 illeposterioi,

94 4580 97 4587 ¹
158 4514 314 4595 singulari
334 4519 533 4591 certamina,
555 4542 654 4603 quum
678 4544 735 4582 rex
755 4525 868 4585 fuisset
888 4538 1112 4609 provocator,
1136 4535 1252 4614 opima·
1269 4546 1373 4599 retu-

118 4594 268 4659 tulerat«
293 4599 449 4665 Decimus
469 4601 589 4670 Brutus
616 4601 792 4691 aliquanto·
808 4605 907 4683 latius
940 4606 1081 4675 Celticos
1107 4613 1371 4709 Lusitanosque,
