2850 4958
185 242 260 343 27⁶
336 312 342 341 ,
537 240 774 329 retroue
813 240 938 318 sata¹
957 214 1030 319 ier

180 406 327 491 genitus,
345 408 507 489 impetum
519 408 644 469 mentia
661 404 807 490 quodam
826 406 968 469 artificio
992 412 1128 490 regens,
1150 405 1321 490 ingenium
1335 409 1381 471 in-

179 493 313 565 vidum,
334 492 450 564 triste,
471 490 650 564 lascivum,
672 498 706 550 st
725 489 766 549 ad
788 491 1037 552 ostentationem
1055 490 1106 551 sui
1130 490 1279 565 insolens
1298 491 1381 554 calli-

143 606 148 615 ·
180 574 221 635 tle
254 575 401 657 tegebat3
443 572 693 645 continentiam,
727 572 938 648 facilitatem,
973 572 1179 636 clementiam
1214 573 1377 649 simulam,

138 666 360 742 'poentraque
389 656 593 718 dissimulans
623 655 776 717 ardorem
808 656 954 740 gloriae,
989 677 1055 738 quo
1088 656 1266 737 flagrabat.
1307 659 1379 720 Acer

180 741 277 800 nimis
298 740 340 801 ad
359 737 580 801 lacessendum
599 739 727 821 pariter
747 747 780 798 et
799 739 1061 822 respondendnm
1082 740 1192 814 seriis,
1217 740 1306 814 ioco,
1319 764 1379 801 ma·

178 821 334 885 ledictisz·
361 825 486 884 referre
516 843 646 884 carmen
676 822 836 895 carmini,
867 821 992 885 dictum
1024 823 1150 897 dictui3
1187 844 1322 905 prorsus
1345 833 1378 885 ut

137 906 157 970 8
178 905 371 966 meditatum
398 904 547 967 crederes
578 904 729 967 adversus
750 906 871 966 omnia.
913 907 1019 968 Huius
1039 927 1125 968 uxor
1143 904 1292 981 Sabina,
1312 906 1375 969 dum

138 1028 142 1035 -
176 1008 285 1071 prope
305 988 478 1051 servilibus
499 988 627 1050 iniuriis
647 987 810 1061 adficitur,
832 988 873 1050 ed
894 998 1033 1052 mortem
1052 989 1276 1053 voluntariam
1297 1011 1375 1051 com·

177 1071 283 1147 pulsa.-
326 1073 419 1150 Quae
439 1070 546 1153 palam
566 1071 727 1145 iactabat,
758 1092 809 1146 se,
840 1072 930 1156 quod
951 1072 1088 1135 immane
1105 1073 1280 1151 ingenium
1297 1095 1375 1155 pro·

175 1154 339 1228 lavisset,
371 1154 570 1228 elaborasse,
602 1176 644 1216 ne
674 1175 714 1216 cx
744 1176 783 1216 co
814 1157 855 1218 ad
882 1155 1018 1217 humani
1047 1159 1180 1238 generis
1211 1157 1376 1239 perniciem

137 1261 158 1324 9
178 1237 416 1321 gravidaretur.
458 1238 522 1299 Hic
542 1237 660 1300 morbo
681 1237 897 1311 subcutaneo,
920 1260 1016 1322 quem
1037 1239 1092 1302 diu
1113 1240 1251 1322 placide
1270 1248 1376 1322 pertu-

179 1322 284 1394 lerat,
313 1320 451 1396 victus,
471 1319 589 1382 dolore
620 1320 756 1394 ardens,
789 1322 1045 1407 impatiensque,
1076 1322 1195 1405 plures
1224 1344 1244 1387 e
1273 1324 1376 1386 Senatu

139 1405 346 1468 toexatinxit.
388 1404 418 1466 A
439 1404 571 1488 regibus
591 1403 702 1465 multis
722 1425 803 1484 pace
823 1403 960 1467 occultis
982 1406 1174 1468 muneribus
1196 1409 1374 1490 impetrata,
1419 1400 1423 1461 f

180 1489 322 1549 iactabat
354 1488 483 1570 palam,
517 1487 592 1569 plus
619 1508 663 1549 aa.
685 1489 755 1549 otio
784 1487 955 1570 adeptum,
989 1510 1085 1571 vam
1116 1490 1220 1553 armis
1250 1501 1373 1553 ceteros

139 1570 296 1633 110fficia
319 1593 394 1633 sane
414 1568 546 1653 publica
567 1579 601 1633 at
624 1570 784 1650 palatina,
805 1593 866 1632 nec
886 1594 952 1633 non
973 1571 1133 1647 militiae,
1163 1572 1202 1633 in¹
1223 1594 1295 1634 eam
1317 1576 1373 1635 for·

179 1676 264 1716 mam
284 1656 420 1728 statuit,
445 1674 550 1735 quae,
576 1655 690 1734 paucis
710 1675 771 1737 per
792 1655 1037 1716 Constantinum
1063 1655 1270 1727 immutatis,
1291 1656 1374 1717 hodia
1422 1670 1423 1677 ’

140 1747 400 1821 supersteterant.
444 1739 537 1799 Vixit
551 1758 651 1798 annos
665 1738 829 1821 sexaginta
844 1738 945 1799 duos:
969 1737 1088 1798 dehinc
1102 1739 1287 1802 miserabili
1302 1740 1374 1801 exitu

143 1846 151 1859 ⁴
176 1831 377 1884 consumtus
387 1829 456 1893 est,
478 1821 626 1883 cruciatu
646 1822 870 1883 memhrorum
892 1822 962 1883 fero
984 1821 1129 1881 omnium
1151 1825 1327 1893 confectus,
1346 1823 1374 1883 in
1421 1822 1423 1835 ⁴

179 1912 396 1979 tantum,..ut
424 1904 544 1965 crebro
574 1912 643 1965 sese
673 1903 933 1966 interficiendum
968 1904 1199 1966 ministrorum
1231 1905 1373 1968 fidissimis
1421 1903 1423 1923 '

136 2036 141 2045 .
178 1987 490 2070 precanszofferret3
513 2008 551 2047 ac
570 2006 613 2047 na
638 1986 672 2046 in
692 1988 901 2071 semetipsam
923 1986 1080 2061 saeviret,
1109 1988 1267 2053 custodia
1286 1988 1373 2052 caris

181 2070 341 2131 simorum
357 2074 557 2131 hertaretur.
671 2118 674 2122 ,
1249 2108 1254 2115 -
1422 2086 1423 2092 ’

610 2217 837 2285 CAPUT
878 2219 953 2285 XV.

648 2354 818 2421 annuamus
840 2356 924 2400 ems.
1009 2338 1015 2351 '

200 2484 674 2573 '·Anttonlnus»Fulvius,=·aeu
705 2487 862 2550 Boionius
892 2488 1019 2569 dictus,
1050 2495 1167 2571 postea
1192 2491 1290 2552 etiam
1306 2488 1375 2552 Pius

136 2570 452 2654 congeminatus,
481 2570 663 2655 impertiit·
681 2572 925 2653 annosviginti
949 2580 1026 2633 tres.
1069 2574 1136 2634 Iste
1158 2573 1199 2634 ab
1223 2573 1377 2635 Hadriano

182 2657 215 2717 in
239 2656 341 2716 filiu'm
365 2655 557 2735 adoptatus,
580 2655 672 2717 cuius
693 2674 794 2735 gener
813 2656 932 2726 fuerat,
952 2663 1058 2716 tantae
1072 2655 1237 2719 honitatis
1251 2659 1284 2718 in
1298 2658 1379 2740 prin·

139 2740 291 2818 3cipatu
314 2740 396 2811 fuit,
421 2748 456 2798 ut
478 2739 563 2799 haud
585 2737 684 2799 dubie
704 2738 773 2799 sine
795 2737 940 2817 exemplo
966 2738 1096 2799 vixerit.
1139 2741 1299 2816 Quamvis
1320 2761 1380 2802 eum

179 2824 304 2884 Numae
326 2822 503 2883 contulerit
524 2832 707 2891 aetaszsua,
730 2842 829 2905 quum
852 2822 966 2882 orbem
987 2831 1095 2882 terrae
1114 2823 1208 2884 nullo
1225 2822 1314 2884 bello
1331 2842 1379 2906 per

179 2907 416 2990 annosviginti
440 2915 505 2966 tres
524 2905 720 2967 auctoritate
742 2902 810 2965 sola
832 2902 966 2977 referit,
989 2904 1068 2964 adeo
1085 2906 1306 2967 trementibus
1321 2927 1380 2969 eun

179 2999 277 3072 atque
307 2989 488 3050 amantibus
519 2989 645 3050 cunctis
669 2986 801 3064 regibus
832 2988 1084 3070 nationibusque
1115 2998 1149 3048 et
1178 2989 1335 3071 populis,
1354 2997 1379 3048 ut

178 3083 347 3157 parentem
368 3095 424 3153 seu
445 3080 620 3155 patronum
642 3071 744 3154 magis
757 3117 769 3149 ,
797 3092 892 3151 quam
922 3070 1090 3131 dominum
1110 3071 1380 3153 Imperator-emsa

174 3140 390 3239 reptitl'rentg
414 3142 595 3237 omnesqui*
610 3142 696 3235 [uno
715 3158 787 3232 ore]
810 3157 843 3217 in
858 3153 1048 3215 coelestium
1063 3174 1190 3215 morem
1205 3156 1383 3240 propitium

135 3238 422 3321 4optart'tet't·:de
445 3238 686 3301 'controversiis
720 3232 806 3298 inter
836 3256 870 3296 se
903 3235 1045 3298 iudicem
1062 3247 1261 3318 poscerent.
1307 3238 1383 3317 Quin

177 3316 400 3396 etiam·¹·ltidi¹,
424 3322 596 3385 'Bactriani
609 3342 624 3394 ·‚·
650 3322 794 3403 Hyrcani
820 3320 943 3403 legatos
974 3320 1112 3391 misere,
1149 3322 1281 3382 iustitia
1312 3319 1383 3384 tanfi

127 3408 144 3449 ¹·
177 3400 391 3485 Imperatoris
421 3410 609 3485 comperta}
623 3412 753 3487 inuam·
768 3406 907 3464 ornabat
926 3404 1034 3465 vultus
1055 3403 1209 3465 serietate
1231 3404 1382 3487 pulchra,

135 3485 155 3552 5
177 3490 281 3569 [vultu
304 3488 389 3549 serie
407 3486 770 3571 ptilcltro'ss'prttoerus
791 3487 949 3559 membra,
973 3485 1126 3549 decenter
1146 3487 1289 3551 validus.
1316 3487 1386 3552 Pri-

172 3564 322 3659 atsqtia'm
335 3564 519 3633 silutanclus
540 3556 712 3655 prsi'diret,
737 3568 906 3651 degustans
927 3571 1020 3651 panis
1042 3570 1308 3653 aliquantulum,
1331 3592 1383 3641 ne,

176 3659 370 3743 frigescente
400 3651 749 3737 circum-'praecordia
768 3662 840 3733 'per
870 3653 1028 3714 ieiunium
1056 3655 1238 3736 sanguine,
1267 3656 1382 3716 viribus

173 3730 280 3803 exesis
301 3739 565 3817 interciperetur,
590 3744 702 3819 eo‘qtie'
718 3736 805 3796 actui
826 3735 1035 3816 publicorum
1056 3737 1190 3798 minime
1218 3739 1384 3808 sufficeret,

128 3884 133 3893 ,
178 3848 261 3908 quae
277 3821 467 3886 incredibili
489 3814 720 3902 diligentia'atl
741 3818 883 3900 speciem
905 3818 1021 3902 optimi
1037 3819 1286 3900 patrisfamilias
1301 3841 1385 3884 exse-

136 3905 351 3992 ss'qu'ebat'ur.
405 3903 602 3987 Appetentia'
639 3903 764 3989 gloriae
794 3916 935 3975 carens,
966 3911 999 3963 et
1029 3903 1274 3967 ostentatione:
1306 3902 1381 3964 odeo

16 3998 18 4003 '
125 4056 128 4061 ,
176 4002 383 4065 mansuetus,
405 3995 443 4050 ut
466 3986 660 4049 instantibus
676 3984 831 4046 Patribus
853 3986 892 4047 ad
916 4007 983 4059 eos,
1006 3985 1062 4068 qui
1085 3996 1201 4048 contra
1219 4006 1387 4051 cumcon-

165 4075 380 4148 'iuraverant,
403 4070 648 4156 persequendos
658 4080 673 4143 ’,·
686 4068 924 4152 'compresserit
945 4069 1184 4153 quaestionem,
1208 4072 1384 4153 praefatus,

176 4166 306 4220 necesse
337 4178 404 4218 non
437 4175 526 4228 esse,
557 4154 688 4236 sceleris
719 4153 754 4213 ln
784 4154 992 4235 semetipsum
1009 4152 1158 4234 ¹cupidos
1186 4155 1386 4234 pertinacius

177 4241 346 4325 indagari,
368 4248 426 4319 ne,
448 4240 474 4299 si
496 4238 607 4323 plures
628 4236 875 4319 reperirentur,
900 4236 1027 4318 quantis
1051 4236 1128 4297 odio
1155 4249 1264 4314 esset,
1288 4237 1385 4300 intel-

117 4350 155 4413 ,7
175 4324 363 4410 ligerem·
387 4314 493 4405 Igitur
516 4320 602 4404 apud
621 4320 758 4392 Lorica,
788 4317 1047 4401 villa-propria,
1069 4319 1216 4381 millibus
1239 4342 1385 4406 passuum
1419 4354 1423 4383 r

176 4409 349 4471 duodecim
381 4407 421 4467 ab
451 4405 565 4475 Urb‘c,
597 4404 683 4467 fcb'ri
714 4422 896 4485 paucorum
928 4404 1078 4475 dierum,
1104 4413 1181 4484 post
1201 4413 1273 4468 tres
1296 4415 1384 4487 atque
1418 4476 1421 4481 Ι

136 4491 155 4554 8
177 4493 292 4577 viginti
316 4513 416 4552 annos
438 4488 590 4572 imperii,
616 4495 803 4550 consumtus
826 4496 886 4550 est.
929 4488 982 4547 ob
1005 4487 1096 4548 casius
1119 4487 1285 4550 honorem
1309 4500 1384 4551 tem·

135 4560 250 4664 9'121'21,
274 4575 478 4646 sacerdotes,
504 4570 747 4659 atquaeftuaaita
771 4569 833 4635 sliu
855 4570 985 4637 decreta
1007 4580 1093 4635 sunt.
1137 4573 1252 4660 Usque
1275 4596 1315 4639 eo
1333 4595 1385 4637 au·
