2850 4958
151 298 223 361 sss
529 270 574 353 L.
597 254 783 347 annm
805 270 954 345 suom

100 436 275 503 dolassem
294 440 507 517 operuerunt.
551 432 673 497 'l'ribus
700 433 836 518 quisque
860 435 969 498 lundis
995 433 1194 519 proeliatur.
1242 437 1342 503 Certos

146 542 214 585 esse
240 518 313 603 quis
339 516 480 593 miretur
504 515 610 591 ictus,
641 540 742 603 quum
768 516 850 582 baec
879 516 949 579 solo
974 518 1063 603 genti
1092 541 1184 587 arma
1207 520 1344 587 sinttil

143 625 244 668 unum
272 599 315 663 nb
344 597 481 663 infantia
506 598 661 664 studium.
704 598 821 663 Cibum
848 620 932 684 puer
952 623 969 661 a
991 610 1095 663 matre
1119 623 1189 665 non
1214 602 1344 681 acciit,

103 686 124 753 6
144 687 207 751 niel
232 698 348 769 quem,
371 683 440 766 ipsa
459 690 680 758 monstrante,
702 685 874 767 percussit.
916 680 981 745 Sed
995 705 1061 746 non
1077 683 1135 748 din
1148 684 1344 769 lapidatione

139 769 305 833 Romanos
325 775 486 829 terruere.
527 768 622 841 Nam,
645 776 819 850 postquam
839 768 987 829 corninus
1006 775 1139 831 rentum
1160 778 1226 845 est,
1246 790 1346 855 exper-

142 852 237 935 tique
254 856 362 913 rostra
384 858 419 913 et
437 848 504 933 pila
525 848 700 925 venientia,
722 852 884 931 pecudum
898 850 932 911 in
955 870 1081 911 morem
1096 852 1249 915 clamore
1270 852 1344 917 sub·

81 974 84 979 ·
140 935 232 1009 lato,
255 930 423 1017 petierunt
444 935 520 1017 luga
549 932 687 1006 littora,
714 932 898 1020 dilapsique
927 933 963 995 in
989 935 1161 1018 proximos
1187 936 1343 1013 tumulat,

142 1015 321 1107 quaerendi
340 1018 475 1081 luerunt
484 1060 495 1094 ,
516 1026 554 1081 ut
572 1017 794 1080 vincerentur.

579 1192 806 1261 CAPUT
853 1196 913 1259 IX.
1005 1144 1010 1151 ι

542 1330 712 1375 extumum
746 1332 779 1375 11
812 1328 945 1374 GYl’ROK·

102 1484 119 1529 r
181 1464 307 1529 Aderat
325 1464 428 1525 fatum
450 1461 640 1526 insularum.
672 1464 780 1549 Igitur
799 1472 833 1527 et
853 1464 980 1548 Cypros
1003 1484 1022 1527 r
1102 1464 1136 1524 ta
1159 1462 1234 1527 sine
1249 1462 1338 1527 bello.

31 1548 40 1565 ¹
101 1568 122 1610 u
141 1544 283 1611 Insulam
302 1544 466 1608 veteribus
485 1545 610 1609 deliciis
627 1546 855 1623 abundantem,
883 1556 915 1610 et
930 1548 973 1608 ob
989 1545 1056 1609 boc
1106 1547 1198 1610 eneri
1215 1564 1337 1621 sacrun,

99 1631 123 1695 5
142 1629 347 1694 Ptolemaeus
370 1630 516 1727 regebat.
558 1630 621 1692 Sed
643 1631 831 1694 divitiarum
850 1639 937 1692 tanta
960 1640 1030 1692 erat
1048 1631 1152 1705 famu,
1175 1652 1239 1693 nec
1256 1630 1346 1730 sabos,

141 1713 676 1871 3οέἓίωῶΓῗιῗὲἑῒῗιηὲἓῗῗὲἱέῑ
694 1712 1333 1881 t.t;tt'3.;?.‘tt.tt:ttt:atttt
1368 1764 1371 1779 ‘

99 1879 279 1962 ldarerit.
319 1878 361 1939 Et
384 1877 440 1938 ille
472 1879 603 1961 quidem
633 1879 674 1942 ad
699 1879 749 1941 rei
778 1881 897 1942 lamam
926 1900 1051 1942 reneno
1074 1880 1143 1941 fata
1169 1876 1329 1963 praecepit.
1358 1906 1371 1947 a

90 2032 93 2038 ,
141 1964 291 2027 Ceterum
310 1958 448 2023 Porcius
463 1964 543 2025 Cato
564 1962 700 2043 Cyprias
720 1982 800 2043 opes
816 1960 956 2024 liburnis
974 1982 1036 2045 per
1051 1960 1249 2027 Tiberinum
1265 1958 1328 2025 osti-
1354 1967 1371 2026 ir

140 2068 197 2108 um
215 2044 358 2107 invexit:
379 2060 463 2126 quse
482 2064 535 2108 res
554 2043 652 2106 latius
672 2044 835 2107 aerarium
857 2042 976 2131 populi
997 2044 1157 2123 Romani,
1181 2066 1278 2135 qnam
1290 2038 1326 2107 al·
1351 2052 1371 2111 tl

139 2126 192 2195 lus
205 2127 421 2213 triumphus,
442 2125 602 2213 implerit.
1358 2134 1371 2149 '·

469 2330 472 2337 ·
592 2304 821 2369 carur
859 2306 903 2373 rt

545 2418 712 2505 Bblrlalffl
740 2460 980 2509 (utalalclllu
1098 2464 1101 2471 '

105 2604 129 2663 ι’
186 2596 263 2661 ll'tia
283 2590 435 2679 Pompeii
457 2591 605 2655 manibus
621 2590 767 2669 subacta,
786 2588 925 2675 reliqua,
948 2612 1032 2677 quae
1051 2592 1220 2657 restabant
1238 2588 1326 2659 inbre
1347 2628 1371 2691 Μ

102 2704 123 2746 n
143 2700 226 2765 rupa
240 2688 255 2757 ',‚
268 2680 414 2742 Fortuna
434 2674 468 2737 in
493 2676 659 2739 Caesarem
683 2673 861 2741 transtulit.
902 2673 1079 2738 Restabant
1099 2687 1210 2740 autem
1234 2678 1326 2741 imus·
1356 2715 1371 2771 [ε

141 2754 267 2828 nissimi
286 2762 431 2847 gentium
451 2758 535 2820 Galli
557 2766 655 2843 atque
676 2758 851 2823 Germani:
873 2765 907 2818 et
925 2760 1071 2842 quamvis
1098 2769 1170 2823 toto
1199 2760 1276 2824 orbe
1289 2752 1328 2819 di·

134 2848 231 2925 'risa,
266 2855 374 2908 tamen
406 2842 463 2926 qui
492 2841 673 2927 vinceret,¹
689 2842 806 2904 babuit
837 2840 1017 2906 Britannia.
1067 2840 1201 2906 Primus
1235 2840 1330 2905 Gallitt
1367 2901 1371 2914 ,

143 2940 257 3007 motus¹
278 2930 317 2992 ab
342 2926 500 2991 Helvetiis
520 2925 643 3010 coepit,
658 2918 715 3011 qui
738 2922 933 2987 Rhodanum
961 2925 1048 2989 inter
1067 2937 1100 2989 et
1119 2925 1271 2991 Rhenum
1285 2920 1331 2995 sit,
1359 2917 1371 3007 J

141 3036 209 3078 uon
230 3008 461 3091 sufficientibus
482 3008 600 3085 terris,
621 3008 739 3072 venere
760 3008 850 3072 sedes
869 3007 1032 3090 petitum,
1060 3010 1200 3073 incensis
1223 3006 1332 3081 moeni,-
1366 3012 1371 3022 “

90 3092 205 3184 'Rbus
223 3100 300 3161 suis.
322 3096 397 3159 Hoc
412 3100 646 3156 sacramentnm
667 3091 742 3167 fuit,
764 3114 806 3154 ne
824 3090 982 3154 redirent.
1003 3090 1067 3154 Sed
1080 3095 1186 3177 petito
1205 3104 1336 3179 temport
1370 3155 1371 3161 χ

142 3180 185 3245 ad
202 3178 469 3251 deliberandum,
492 3199 592 3259 quum
614 3178 701 3239 inter
720 3196 828 3236 moras
849 3177 983 3248 Caesar,
1003 3172 1155 3238 Rhodani
1174 3186 1277 3261 ponte
1292 3194 1337 3237 rs·

99 3274 103 3313 l
142 3258 266 3339 scisso,
289 3261 473 3324 abstulisset
495 3262 624 3343 fugam3
650 3256 760 3320 statim
785 3256 1064 3319 bellicosissimam
1096 3268 1226 3343 gentem
1254 3254 1339 3322 sicis
1370 3298 1371 3331 2

102 3344 234 3430 'dsedes
261 3362 351 3415 suas,
382 3341 474 3425 quasi
505 3361 617 3424 greges
648 3341 684 3401 in
706 3338 831 3415 stabula
860 3347 995 3423 pastor,
1029 3340 1171 3404 reduxit.
1214 3344 1340 3429 Seque!
1366 3376 1371 3419 χ

142 3426 241 3508 longe
263 3416 428 3507 lo'ngeque
448 3425 618 3483 cruentior
636 3443 681 3502 pu
726 3445 744 3484 a
764 3422 954 3505 Belgarum,
977 3421 1100 3506 quippe
1118 3447 1182 3509 pro
1205 3425 1342 3491 literne
1367 3460 1371 3475 ·

141 3505 369 3595 pugnantium.
412 3505 476 3565 llic
503 3526 604 3586 quum
634 3443 735 3565 mulla
763 3504 987 3566 Romanorum
1019 3506 1161 3571 militum
1198 3504 1342 3594 insignia,
1369 3571 1371 3593 Ι

142 3601 215 3656 tum
239 3589 322 3654 illud
346 3587 511 3673 egregium
536 3584 638 3669 ipsius
665 3585 777 3663 ducis,
804 3587 894 3673 quod
916 3597 1050 3650 nutante
1070 3591 1105 3653 in
1128 3593 1242 3676 fugam
1262 3610 1344 3655 exer·

143 3676 237 3748 oitn,
259 3682 356 3758 rapto
375 3668 528 3756 fugientis
550 3686 683 3739 emuna
705 3680 822 3747 scuto,
847 3669 881 3733 in
903 3673 1044 3756 primam
1065 3672 1207 3737 volitans
1233 3677 1343 3745 aciem,

100 3754 242 3827 bmanu
266 3755 429 3841 proelium
454 3751 609 3816 restitnit.
652 3751 734 3817 Inde
760 3777 835 3817 cum
866 3756 1001 3817 Venetis
1026 3756 1122 3818 etiam
1145 3758 1261 3823 navale
1281 3754 1347 3819 bel·

142 3841 234 3916 lum3
260 3838 316 3901 sed
338 3838 445 3901 maior
469 3855 543 3898 cunr
567 3836 721 3913 Oceano,
751 3858 848 3923 quam
874 3860 949 3901 cnm
975 3838 1054 3921 ipsis
1069 3841 1240 3918 navibus,
1260 3840 1345 3903 rixnt

144 3925 269 4009 quippe
291 3921 368 3986 illae
391 3921 490 3985 rudes
515 3926 548 3981 et
566 3920 741 3996 informes,
765 3931 799 3985 et
816 3922 926 3985 statim
946 3922 1138 4008 naufragae,
1167 3944 1268 4009 quum
1284 3942 1347 3987 ro·

143 4016 213 4071 stra
245 4005 428 4070 sensissent.
476 4002 541 4065 Sed
570 4002 727 4067 haerebat
754 4005 789 4066 in
815 4005 905 4067 radis
933 4026 1061 4089 pugna,
1091 4029 1193 4090 quum
1215 4004 1347 4071 aestibus

146 4088 254 4155 solitis
279 4087 448 4171 cumipse
473 4087 651 4151 certamine
673 4087 850 4151 subductus
873 4089 1021 4151 Oceanus
1040 4090 1248 4155 intercedere
1265 4086 1346 4153 bello

101 4167 325 4240 drideretur.
368 4171 449 4237 Illae
471 4190 604 4256 quoque
628 4191 790 4234 accmsere
811 4171 1013 4235 diversitates
1036 4195 1100 4257 pro
1122 4174 1272 4257 gentium
1293 4172 1348 4237 lo-

143 4278 259 4322 eorum
284 4276 325 4319 ne
354 4265 483 4321 natura.
525 4253 705 4335 Aquitani,
736 4252 890 4317 callidum
919 4273 1038 4339 genus,
1067 4258 1102 4319 in
1132 4256 1348 4339 speluncnass

144 4277 366 4424 recipidbant3
387 4339 481 4403 iussit
504 4335 640 4401 includi.
681 4337 805 4417 Morini
826 4338 1055 4403 dilabebantur
1073 4339 1107 4401 in
1123 4340 1240 4416 silvas3
1263 4338 1349 4404 iussit

23 4478 30 4507 ⁸
102 4422 580 4571 ⁷}ttttttadtmttttt
605 4419 1348 4593 tttttttttttl?tittttbttttt

577 4550 587 4580 s
1165 4550 1174 4569 ο
1338 4548 1348 4578 s

95 4586 280 4652 emensa.
302 4590 460 4697 Caesare,
479 4586 711 4656 coniuratione
734 4587 837 4663 tacte,
861 4586 1008 4655 invasere
1032 4588 1183 4679 Legatos.
1212 4588 1281 4659 Sed
1298 4586 1348 4655 ills
