2850 4958
149 282 222 358 aas
254 204 268 231 ·
351 276 421 353 DE
445 272 574 353 VIRIS
600 272 821 354 ILLUSTR.
845 272 952 350 CSP.
968 272 1028 374 Su
1044 286 1107 369 40.
1124 291 1205 370 4¹0·

141 442 303 518 validam,
325 464 421 525 quam
444 441 620 518 decoram,
641 440 837 514 fabricavit3
870 449 902 502 et
923 441 1018 522 [quas
1038 459 1160 502 corvos
1182 446 1342 524 vocavere]

141 549 254 590 manus
275 530 398 589 terreas
420 547 493 586 cum
513 527 613 587 irrisu
634 510 781 588 hostium
800 524 926 609 primus
946 524 1101 601 instituit,
1125 524 1249 608 quibus
1270 527 1341 589 inter

117 606 350 694 ‘pugnandum
369 610 514 671 hostium
536 629 631 671 naves
653 608 888 690 apprehendit,
916 608 973 690 qui
995 606 1073 668 victi
1098 616 1133 670 et
1154 610 1244 692 capti
1266 619 1338 672 sunt.

99 716 120 757 s
142 693 323 767 Hannibal,
356 691 421 754 dux
443 691 574 764 classis,
604 690 834 776 Carthaginem
855 692 961 774 fugit,
985 697 1017 751 st
1038 713 1056 750 a
1077 702 1197 752 senatu
1219 694 1338 774 quaesi-

98 778 206 849 evit,
230 775 310 857 quid
332 775 516 837 faciendum
539 785 718 837 censerent.
762 775 946 848 Omnibus,
969 783 1006 834 ut
1029 784 1218 857 pugnarat,
1241 776 1338 837 acola-

143 861 328 933 mantibus,
360 865 453 932 Feci,
477 859 605 941 iuquit,
629 871 661 920 et
684 865 786 922 victus
802 881 889 919 sum:
911 861 957 920 sic
978 878 1119 940 poenam
1142 859 1255 920 crucis
1275 858 1341 921 effa-

142 941 202 1026 git.
247 944 329 1004 Nam
351 943 437 1029 apud
457 940 588 1003 Poenos
610 942 697 1015 dux,
720 941 804 1004 male
824 962 862 1003 re
883 951 992 1022 geste,
1015 941 1233 1022 puniebatur.
1274 944 1339 1004 Dai-

140 1027 187 1089 lio
209 1047 400 1088 concessum
423 1032 489 1097 est,
520 1035 557 1085 ut
576 1024 787 1106 praelucente
807 1024 910 1089 funali
933 1034 965 1089 st
984 1024 1202 1107 praecinente
1218 1026 1338 1090 tibicina

143 1131 282 1174 acoeua
302 1108 437 1193 publice
457 1106 595 1172 rediret.
655 1113 657 1120 ’
1303 1122 1305 1127 ·
1335 1128 1341 1143 ’

540 1284 767 1354 CAPUT
808 1286 960 1352 xxxix,

473 1425 505 1475 a.
537 1425 718 1487 asinius
752 1405 1075 1483 cussanus-f

183 1552 304 1620 Atilius
326 1554 510 1632 Calatinus,
540 1556 604 1620 dux
627 1554 780 1621 adversus
803 1554 1087 1640 Carthaginienses
1109 1556 1247 1638 missus,
1276 1580 1340 1635 ma<
1378 1573 1382 1609 ἲ

39 1634 43 1649 ’
140 1639 238 1700 simis
268 1649 302 1702 et
330 1640 554 1703 munitissimis
587 1641 793 1716 civitatibus,
821 1641 931 1713 Enna,
963 1643 1140 1724 Drepane,
1174 1636 1332 1721 Lilybaeo,
1378 1636 1382 1692 ,⁴

103 1722 278 1784 sbostilia
307 1725 472 1807 praesidia
501 1723 633 1788 deiecit.
680 1725 880 1787 Panormum
912 1723 1012 1805 cepit.
1057 1722 1180 1786 Totam
1210 1722 1333 1786 Siciliae
1376 1739 1382 1776 ί

138 1814 354 1890 pervagatus,
376 1809 489 1890 paucis
512 1810 647 1871 navibus
668 1813 816 1891 magnam
837 1807 983 1870 hostium
1007 1804 1161 1880 classem,
1185 1807 1268 1887 duce
1282 1810 1338 1887 Ha·¹
1375 1821 1382 1892 ¹.

98 1886 296 1962 Zmilcare,
338 1890 517 1972 superavit.
569 1891 634 1952 Sed
664 1914 765 1975 quum
797 1890 837 1952 ad
868 1890 1093 1964 Camerinam,
1126 1888 1169 1951 ab
1201 1891 1339 1969 hostibus¹

142 1972 327 2046 obsessam,
359 1973 549 2046 festinaret,
582 1997 600 2034 a
627 1974 746 2037 Poenis
778 1974 812 2035 in
844 1972 1000 2058 angustiis
1032 1972 1160 2035 clausus
1193 1983 1263 2050 est,
1289 1972 1338 2055 nst,
1376 1965 1382 2026 l

142 2055 311 2116 Tribunus
334 2054 475 2117 militum
500 2057 693 2140 Calpurnius
712 2057 876 2130 Flamma,
901 2048 1043 2138 acbeptis
1064 2058 1226 2121 trecentis
1244 2057 1339 2145 sociis,
1378 2072 1382 2100 ¹

145 2137 179 2197 in
200 2137 405 2219 superiorem
426 2138 536 2200 locum
561 2141 681 2214 evasit,
707 2139 877 2202 Consulem
899 2139 1070 2223 liberavit:
1095 2139 1263 2217 ipse-cum
1281 2151 1333 2203 tre
1378 2135 1382 2194 i

143 2221 246 2281 centis
276 2241 424 2303 pugnans
456 2219 585 2284 cecidit.
634 2222 754 2285 Postea
786 2223 826 2284 ab
856 2223 959 2286 telio
984 2223 1185 2286 semianimis
1209 2227 1339 2288 inventus

104 2301 126 2378 4
147 2310 178 2362 et
199 2311 348 2376 sanatus,
371 2325 488 2387 magno
510 2315 625 2390 postea
647 2307 771 2371 terrori
791 2306 943 2371 hostibus
962 2307 1038 2389 luit.
1080 2305 1206 2371 Atilius
1226 2306 1333 2398 glorio·

140 2405 175 2447 se
194 2385 423 2472 triumphavit.
1064 2416 1070 2425 ·

513 2604 515 2612 ι
565 2566 804 2632 CAPUT
851 2569 919 2631 XL.

502 2698 751 2747 u.sssutus
783 2700 989 2748 REGULU&

182 2833 313 2895 Marcus
333 2832 454 2899 Atilius
472 2833 614 2918 Regulus
635 2833 768 2908 Consul,
789 2832 869 2895 fusis
890 2832 1090 2911 Sallentinis,
1110 2834 1336 2923 triumpharit,

139 2917 331 3007 primusque
351 2920 574 2982 Romanorum
595 2916 715 2982 ducum
737 2917 770 2978 in
792 2916 938 2979 Africam
959 2918 1092 2981 classem
1115 2921 1265 2984 traiecit.
1303 2918 1338 2979 bs

165 3010 304 3062 uassatas
336 3001 376 3063 de
407 3002 593 3064 Hamilcare
617 3021 713 3062 naves
742 2999 855 3085 longas
876 3010 943 3063 tres
964 3011 997 3063 ct
1024 3003 1191 3088 sexaginta
1215 3003 1347 3088 accepit..

99 3103 119 3145 2
176 3085 276 3166 ppida
298 3085 435 3147 ducenta
459 3085 683 3147 ethominum
705 3083 843 3145 ducenta
864 3084 966 3146 millia
988 3086 1087 3168 cepit.
1132 3086 1339 3158 Absentem,

142 3168 276 3250 coniugi
311 3168 379 3230 eius
411 3178 443 3229 et
473 3169 588 3231 liberis
621 3168 663 3229 ob
695 3176 922 3251 paupertatem
954 3178 1077 3231 sumtus
1106 3171 1246 3250 publice
1273 3169 1339 3232 dati.

55 3279 57 3284 ·
98 3246 220 3310 3Mox
252 3258 323 3310 arte
352 3252 534 3336 Xanthippi
555 3251 828 3324 Lacedaemonii,
853 3252 1048 3315 mercenarii
1070 3253 1204 3327 militis,
1228 3264 1341 3337 captus,

99 3332 175 3407 din
199 3353 364 3394 carcerem
394 3336 520 3397 missus.
564 3337 702 3419 Legatus
732 3333 771 3395 de
801 3336 1025 3417 permutandis
1055 3337 1193 3418 captivis
1218 3339 1343 3400 Romam

140 3415 277 3486 missus,
313 3413 389 3476 dato
423 3418 658 3490 iureiurando,
689 3425 745 3490 ut,
769 3416 794 3477 si
816 3437 881 3476 non
903 3416 1128 3502 impetrasset,
1153 3422 1200 3483 ita
1225 3421 1343 3485 demum

140 3498 287 3572 rediret,
310 3497 343 3558 iu
364 3499 485 3562 Senatu
507 3499 734 3562 conditionem
754 3497 926 3575 dissuasit,
948 3503 1146 3589 relectisque
1165 3525 1185 3564 a
1206 3526 1244 3566 se
1265 3524 1344 3566 cou-

141 3579 216 3664 iuge
240 3589 272 3642 et
292 3579 429 3659 liberis,
452 3581 683 3667 Carthaginem
702 3586 891 3665 regressum
920 3584 1000 3661 ubi,
1022 3586 1056 3647 in
1077 3606 1188 3648 arcam
1212 3587 1349 3673 ligneam·

141 3664 330 3742 coniectus,
352 3667 451 3731 clavis
473 3663 653 3730 introrsum
670 3664 804 3741 adactis,
821 3666 943 3751 vigiliis
957 3690 995 3732 ac
1010 3669 1128 3733 dolore
1141 3672 1280 3754 punitus
1292 3676 1347 3736 ests

300 3924 330 3942 ‚
482 3840 486 3845 ’
562 3824 796 3922 ‘canus
837 3848 923 3912 xm.

377 3998 382 4003 .
431 4014 433 4019 ⁴
481 3969 510 4010 a
542 3967 768 4015 LUTATIUS
801 3973 1008 4020 CATvah

181 4096 275 4160 Caius
295 4099 443 4183 Lutatius
466 4101 598 4165 Catulus
618 4101 728 4184 primo
750 4103 878 4173 Punico
901 4105 1013 4181 bello,
1036 4105 1194 4169 trecentis
1217 4104 1351 4170 nasibus¹

141 4180 312 4244 adversum
334 4182 466 4248 Poenos
487 4187 675 4269 profectus,
698 4196 865 4250 sescentas
888 4211 1001 4250 eorum
1023 4210 1137 4263 naves,
1160 4190 1352 4253 commeati··

141 4264 202 4324 bus
224 4275 257 4326 ct
277 4266 349 4331 aliis
371 4270 527 4331 oneribus
549 4268 742 4352 impeditas,
766 4272 848 4334 duce
870 4273 1074 4346 Hamilcare,
1103 4273 1192 4355 apud
1216 4275 1343 4358 Aegates

141 4346 262 4410 insulas
284 4352 370 4414 inter
391 4353 538 4414 Siciliam
560 4360 592 4414 et
615 4351 760 4416 Africam
783 4355 943 4437 depressit
968 4365 1024 4417 aut
1053 4358 1163 4439 cepit,
1187 4357 1344 4438 finemque

100 4430 228 4493 abello
261 4433 428 4513 imposuit.
483 4435 601 4498 Pacem
631 4438 819 4519 petentibus
851 4439 914 4499 bac
944 4440 1137 4503 conditione
1165 4441 1342 4509 concessit,

137 4515 272 4586 Sicilia,
304 4517 475 4590 Sardinia,
510 4527 543 4579 et
574 4520 692 4580 ceteris
723 4521 837 4582 insulis
858 4523 951 4582 intra
985 4523 1112 4587 ltaliam
1138 4523 1359 4609 Africamque·

128 4596 354 4678 decederent5
379 4600 543 4689 Hispania
567 4602 652 4667 citra
669 4602 834 4668 Hiberam
856 4605 1066 4670 abstinerent.
