2850 4958
186 322 260 405 274
506 298 787 382 ‚arraona
837 296 943 373 car.
971 298 1051 376 aa
1077 304 1089 387 ·.
1415 410 1417 463 Ι

179 464 344 563 amplexus
367 486 452 538 eum,
474 461 632 547 gratulari
653 487 687 527 se
707 464 756 526 ait
773 461 907 526 Senatui
928 471 961 524 et
977 459 1107 547 populo
1128 457 1385 544 provinciisque}
1415 478 1417 537 l

179 548 244 630 ipss
264 556 371 611 sutem
392 548 693 630 nequaquam,·eui
713 546 813 609 satius
832 550 961 621 fuerat,
983 548 1085 609 malos
1107 565 1258 627 semper.
1270 544 1385 627 prin'ci·

177 652 236 713 pes
258 630 408 704 eludere,
432 654 528 713 quam
549 634 630 693 tanti
653 632 761 693 oneris
783 632 848 692 vim
870 631 1101 700 sustinentem,
1124 626 1221 689 baud
1242 627 1384 689 molestiis

179 714 279 774 modo
302 724 334 775 et
354 715 510 796 periculis
531 714 669 790 subiici,
699 714 755 776 sed
777 716 879 776 famae
902 715 999 776 etiam
1027 711 1247 774 inimicorum
1275 713 1384 793 pariter

179 806 213 856 et
234 798 437 857 amicorum:
462 797 517 881 qui
542 819 642 879 quum
663 817 698 859 se
718 798 837 859 mereri
860 798 969 859 omnia
988 804 1229 878 praesumunt,
1252 796 1280 855 si
1300 792 1384 875 qnid-

182 902 279 961 quam
310 903 376 940 non
408 883 621 955 extorserint,
652 882 833 942 atrociores
859 890 932 941 sunt
955 880 1032 963 ipsis
1063 898 1205 962 quoque
1236 877 1382 940 hostibus·

137 965 266 1041 sllste,
290 962 450 1047 quidquid
472 973 564 1024 antea
586 984 711 1047 poenae
730 964 863 1025 nomine
884 964 1018 1025 tributis
1044 969 1250 1035 accesserat,
1282 960 1381 1024 indol-
1415 987 1417 1006 =

184 1048 247 1120 sit,
270 1048 414 1111 adflictas
435 1047 583 1110 civitatee
603 1046 777 1121 relevarit3
808 1047 932 1129 puellas
950 1067 1138 1131 pperosque
1159 1052 1261 1107 natos
1279 1066 1380 1127 poren-
1414 1030 1417 1057 ¹

137 1130 158 1205 5
180 1130 268 1192 tibus
290 1130 446 1213 egestosis
466 1138 574 1199 sumtu
594 1130 728 1213 publico
750 1150 812 1212 per
831 1128 945 1191 ltaliae
967 1124 1089 1213 oppida
1117 1126 1163 1191 ali
1189 1128 1295 1191 iussit.
1331 1128 1380 1189 His

177 1234 221 1274 ne
240 1234 369 1276 accessu
390 1212 625 1275 malevolorum
647 1222 846 1289 terreretur,
869 1212 957 1275 Iunii
979 1213 1118 1275 Maurici
1134 1212 1317 1275 constantis
1327 1210 1378 1275 riri

177 1295 268 1359 dieto
292 1296 336 1357 ita
358 1294 563 1369 admonetur.
608 1296 693 1374 Qui,
716 1297 867 1358 convivio
890 1294 1043 1359 familiari
1066 1291 1268 1371 adhibitus,
1300 1316 1378 1395 gran
1410 1330 1415 1342 ·

135 1420 139 1427 -
177 1378 419 1459 Veientonem,
450 1376 613 1453 consulari
635 1380 930 1455 honorelfunetum
957 1377 1087 1461 quidem
1110 1378 1204 1459 apud
1224 1376 1376 1441 Domitia.

176 1482 256 1524 num
267 1507 278 1537 ,
305 1470 411 1523 tamen
432 1460 554 1526 multos
575 1462 711 1525 occultis
733 1462 1017 1543 criminationibus
1037 1472 1269 1544 persecutum,
1289 1460 1375 1523 uduo

176 1545 332 1620 vidissem
356 1544 442 1607 inter
463 1540 649 1627 colloquia,
680 1545 847 1607 mentione
869 1544 986 1607 Catulli
1007 1546 1114 1619 facta,
1146 1544 1375 1607 calumniatoris
1413 1605 1417 1633 4

177 1628 372 1713 praecipui,
398 1628 526 1691 dicente
547 1628 673 1702 Nerva,
695 1627 775 1713 quid
790 1644 881 1691 'nune
902 1629 1045 1704 faceret,
1066 1628 1093 1689 si
1106 1628 1313 1693 ¹Domitiano
1333 1649 1374 1689 su·
1408 1682 1417 1717 (

136 1708 395 1799 operuimus?
437 1714 634 1787 Nobiscum,
660 1714 767 1795 inquit
792 1711 982 1787 Mauricus,
1011 1723 1178 1774 coenaret.
1224 1709 1290 1775 Hic
1317 1708 1375 1773 ior·
1408 1735 1417 1802 ,⁴

176 1797 308 1879 giorum
341 1796 544 1879 disceptator
574 1795 806 1879 [dispensator]
840 1804 872 1857 et
905 1792 1136 1858 scientissimus
1176 1800 1212 1857 et
1246 1796 1294 1859 tre
1334 1812 1376 1855 eus
1408 1827 1417 1884 p

136 1880 256 1969 pluit.
301 1878 512 1961 Calpurnium
536 1880 696 1953 ¹Crassum,
717 1879 886 1961 promissis
908 1879 1092 1963 ingentibus
1110 1877 1247 1953 animos
1289 1875 1374 1940 'iton
1407 1910 1417 1968 p

132 2026 139 2037 ,
176 1970 440 2047 pertentantem,
477 1962 639 2023 detectum
671 1965 935 2045 confessumque,
968 1962 1147 2025 Tarentum
1184 1984 1263 2029 cnm
1295 1978 1373 2025 uxors
1407 2000 1417 2052 p

135 2094 138 2101 .
177 2044 342 2117 removit,
371 2044 527 2107 Patribus
553 2044 720 2103 lenitatem
748 2044 816 2106 eius
839 2044 1092 2127 increpantibus.
1137 2042 1371 2129 Quumqueir·
1408 2085 1417 2136 p

177 2129 372 2189 terfectores
392 2123 572 2191 Domitiani
593 2124 633 2185 ad
662 2124 796 2187 exitium
821 2136 1057 2208 poscerentur,
1080 2137 1213 2191 tantum
1239 2139 1288 2191 est
1310 2149 1369 2189 cor·
1393 2183 1417 2205 „

176 2216 363 2290 sternutus,
395 2216 438 2279 ut¹
461 2229 565 2291 nequa
597 2208 757 2289 comitum
789 2230 894 2293 neque
925 2210 1082 2293 impetum
1103 2212 1234 2274 centris
1264 2208 1368 2273 valuerit
1393 2200 1396 2215 ¹

179 2292 333 2354 differre:
367 2301 400 2353 et
428 2300 534 2353 tamen
565 2290 774 2361 vehementer
802 2291 947 2368 obstitit,
974 2291 1149 2369 dictitans,
1174 2294 1371 2380 aequiusesss

178 2375 301 2451 mori„
319 2397 417 2457 quam
444 2374 673 2437 auctoritatem
706 2374 837 2453 imperii
864 2377 1019 2454 foedare,
1051 2376 1198 2461 proditis
1230 2374 1373 2463 potentias

137 2456 354 2533 8sumendae
375 2458 577 2537 auctoribus.
620 2457 685 2519 Sed
707 2450 1015 2543 milites,·ncglecto
1038 2461 1218 2544 principe,
1250 2459 1375 2544 requisi·
1413 2517 1417 2552 1

179 2551 253 2616 tos,
280 2538 476 2617 Petronium
498 2564 564 2603 uno
585 2542 676 2617 ictu,
703 2539 917 2604 Parthenium
939 2566 1016 2606 vero
1040 2543 1158 2605 demtis
1180 2544 1276 2628 prius
1294 2542 1376 2629 geni·
1413 2587 1417 2625 ,

179 2626 301 2687 talibus
323 2634 355 2687 et
377 2626 411 2687 in
437 2646 472 2685 os
497 2622 676 2698 coniectis,
699 2624 897 2708 iugularere,
920 2626 1065 2689 redemto
1088 2628 1217 2711 magnis
1240 2627 1375 2692 sumtibus

180 2707 357 2791 Casperi03
418 2708 451 2769 ui
478 2706 599 2769 scelere
626 2716 692 2767 tam
713 2710 800 2770 truci
824 2706 1035 2784 insolentior,
1067 2709 1211 2773 Nervam
1236 2709 1376 2793 compulit

178 2793 305 2853 referre
335 2731 422 2873 apud
451 2789 612 2885 populum
642 2790 761 2875 gratias
788 2792 967 2868 militibus,
999 2792 1074 2875 quia
1103 2796 1267 2857 nefandos
1294 2794 1376 2875 pessi-

139 2895 317 2962 pinosque
339 2874 485 2936 omnium
506 2872 694 2935 mortalium
713 2877 937 2955 peremissent.
967 2877 1031 2940 Hic
1053 2874 1237 2941 Traianum
1253 2880 1287 2940 in
1300 2875 1375 2943 liberi

135 3024 140 3035 ,
180 2957 291 3019 locum
320 2957 418 3041 inque
449 2965 577 3035 partem
608 2957 738 3039 imperii
771 2960 962 3042 cooptavit:
994 2983 1067 3024 cum
1093 2983 1159 3043 quo
1183 2964 1296 3024 tribus
1316 2962 1377 3022 vixit

140 3041 355 3105 remensibus.
398 3041 463 3117 Qui
487 3038 575 3114 dum,
597 3050 788 3125 suggerente
808 3042 868 3118 ira,
891 3064 971 3105 roca
994 3046 1090 3127 quam
1112 3046 1258 3107 maxima
1281 3054 1377 3108 eontra

133 3200 136 3205 Ι
182 3123 343 3205 quendam
372 3121 530 3206 Regulum
561 3125 694 3186 nomine
727 3125 940 3202 inclamaret,
972 3126 1092 3189 sudore
1122 3141 1302 3213 correptus
1335 3134 1378 3188 cst.

141 3209 257 3286 eruo
281 3207 521 3291 refrigescente,
544 3205 670 3297 borror
691 3210 843 3291 corporis
865 3211 982 3272 nimius
1005 3209 1096 3272 initia
1118 3212 1210 3274 febri
1232 3211 1380 3296 praebuit,

123 3311 247 3359 senec,
262 3288 365 3351 multo
386 3299 463 3371 post
483 3291 581 3352 uitam
602 3289 720 3366 finivit,
741 3315 825 3353 anno
849 3295 961 3354 aetatis
975 3292 1172 3377 sexagesimo
1191 3298 1308 3358 tertio.
1334 3296 1381 3356 Cu·

182 3375 233 3434 ius
254 3394 373 3455 corpus
391 3375 413 3432 'a
433 3374 571 3448 Senatu,
589 3370 631 3435 'ut
653 3374 817 3457 quondam
838 3375 998 3459 Augusti,
1021 3377 1150 3439 honore
1172 3376 1335 3451 delatum,
1355 3377 1381 3434 is

181 3455 333 3538 sepulcro
361 3453 499 3541 Augusti
531 3456 695 3543 sepultum
717 3468 777 3533 est.
818 3456 933 3543 quue
957 3458 1011 3539 die
1022 3482 1039 3535 ,·
1055 3482 1118 3545 quo
1145 3460 1299 3538 interiit,
1319 3458 1380 3525 solit

181 3538 322 3603 defectio
345 3539 431 3603 facta
452 3548 512 3604 est.
627 3540 630 3549 '
863 3546 866 3557 '
1088 3550 1091 3557 '

1411 2267 1417 2325 l

1411 2351 1417 2383 t

1412 2431 1417 2471 t

604 3688 966 3795 cararum.

606 3818 612 3829 ’
645 3818 756 3873 utrius
779 3804 948 3873 ranarum

630 3938 634 3945 .
673 3912 730 3945 Τ.
888 3940 891 3947 .

224 3957 344 4040 Ulpius
374 3955 552 4033 Traianus,
587 3981 625 4021 ex
648 3961 730 4021 urbe
753 3960 952 4036 Tedanius,
982 3962 1100 4045 Ulpius
1121 3963 1162 4025 ab
1185 3986 1250 4030 avo
1271 3964 1384 4031 dictus,

175 4036 344 4102 Traianus
358 4065 382 4102 a
394 4044 505 4105 ‘Traia
529 4045 806 4125 paternigencris
829 4050 983 4119 anctore,
1013 4047 1066 4108 vel
1083 4047 1127 4107 sle
1147 4053 1281 4113 nomine
1300 4047 1383 4107 Tra-

134 4143 164 4185 e
186 4122 251 4184 iani
272 4125 374 4204 patris
396 4128 443 4189 sie
463 4125 658 4208 appellatus,
682 4127 855 4209 imperavit
877 4130 1116 4213 annisviginti.
1160 4131 1230 4195 Iste
1252 4132 1345 4195 talem
1358 4147 1382 4188 se

155 4250 158 4256 -
185 4205 399 4289 Reipublicae
421 4211 594 4292 praebuit,
623 4210 753 4292 qualem
773 4212 826 4272 rix
848 4213 1214 4296 aegreque·exprimere
1236 4213 1381 4277 valuerint

144 4287 387 4352 5summorum
409 4294 617 4373 scriptoram
648 4293 793 4355 miranda
825 4295 964 4377 ingenia.
999 4297 1071 4359 ¹llic
1100 4298 1280 4379 imperium
1311 4291 1382 4379 apud
1407 4358 1413 4369 ,

185 4372 417 4456 Agrippinam,
438 4376 584 4437 nobilem
607 4377 731 4441 Galliae
753 4377 939 4452 coloniam,
968 4381 1109 4462 suscepit
1120 4425 1135 4452 ,.
1156 4380 1286 4447 babens
1311 4381 1382 4443 dili-

129 4462 148 4513 Ξ·
177 4460 330 4539 gentiam
358 4459 393 4519 in
423 4481 460 4521 re
491 4458 648 4534 militari,
676 4461 710 4521 in
741 4459 890 4524 civilibus
917 4461 1104 4536 lenitatem,
1133 4462 1383 4529 imsublevandts
1414 4486 1417 4493 ·

145 4539 372 4635 deiritatibus
401 4541 622 4623 largitionem.
666 4546 848 4625 Quumque
871 4544 937 4607 duo
967 4547 1051 4620 sint,
1084 4568 1167 4630 quas
1191 4550 1234 4610 als
1258 4546 1383 4629 egregiis

183 4623 393 4705 principibus
425 4635 672 4711 exspectentur,
697 4629 853 4694 'sanctitas
882 4628 995 4704 dorni,
1026 4630 1061 4697 in
1086 4632 1188 4697 mauis
1205 4632 1412 4711 fortitudo..
