<?xml version="1.0" encoding="UTF-8"?>
<!DOCTYPE html PUBLIC "-//W3C//DTD XHTML 1.0 Transitional//EN"
    "http://www.w3.org/TR/xhtml1/DTD/xhtml1-transitional.dtd">
<html xmlns="http://www.w3.org/1999/xhtml" xml:lang="en" lang="en">
 <head>
  <title>
</title>
<meta http-equiv="Content-Type" content="text/html;charset=utf-8" />
  <meta name='ocr-system' content='tesseract 3.04.00' />
  <meta name='ocr-capabilities' content='ocr_page ocr_carea ocr_par ocr_line ocrx_word'/>
</head>
<body>
  <div class='ocr_page' id='page_1' title='image "./scriptoreshisto00fiedgoog_0055.png"; bbox 0 0 2850 4958; ppageno 0'>
   <div class='ocr_carea' id='block_1_1' title="bbox 48 288 878 392">
    <p class='ocr_par' dir='ltr' id='par_1_1' title="bbox 48 288 878 392">
     <span class='ocr_line' id='line_1_1' title="bbox 48 288 878 392; baseline 0.005 -31"><span class='ocrx_word' id='word_1_1' title='bbox 48 292 52 299; x_wconf 87' lang='lat'>&#39;</span> <span class='ocrx_word' id='word_1_2' title='bbox 162 309 212 392; x_wconf 55' lang='grc' dir='ltr'>η</span> <span class='ocrx_word' id='word_1_3' title='bbox 400 362 406 383; x_wconf 68' lang='grc'><em>,</em></span> <span class='ocrx_word' id='word_1_4' title='bbox 595 296 599 305; x_wconf 91' lang='grc'><strong><em>’</em></strong></span> <span class='ocrx_word' id='word_1_5' title='bbox 682 288 878 367; x_wconf 74' lang='lat' dir='ltr'><strong>amun</strong></span> 
     </span>
    </p>
   </div>
   <div class='ocr_carea' id='block_1_2' title="bbox 49 450 1382 4713">
    <p class='ocr_par' dir='ltr' id='par_1_2' title="bbox 161 450 1380 1370">
     <span class='ocr_line' id='line_1_2' title="bbox 162 450 1377 542; baseline -0.002 -22"><span class='ocrx_word' id='word_1_6' title='bbox 162 462 217 521; x_wconf 83' lang='lat' dir='ltr'><strong>tre</strong></span> <span class='ocrx_word' id='word_1_7' title='bbox 236 453 398 532; x_wconf 77' lang='lat' dir='ltr'><strong>Telesini,</strong></span> <span class='ocrx_word' id='word_1_8' title='bbox 418 472 483 519; x_wconf 86' lang='lat' dir='ltr'><strong>una</strong></span> <span class='ocrx_word' id='word_1_9' title='bbox 503 450 634 533; x_wconf 76' lang='lat' dir='ltr'><strong>obsosm</strong></span> <span class='ocrx_word' id='word_1_10' title='bbox 656 458 690 515; x_wconf 86' lang='lat' dir='ltr'><strong>et</strong></span> <span class='ocrx_word' id='word_1_11' title='bbox 709 461 922 542; x_wconf 70' lang='lat' dir='ltr'>erumpente,</span> <span class='ocrx_word' id='word_1_12' title='bbox 944 452 1136 527; x_wconf 84' lang='lat' dir='ltr'><strong>occubuisse</strong></span> <span class='ocrx_word' id='word_1_13' title='bbox 1155 452 1377 541; x_wconf 72' lang='lat' dir='ltr'><strong>prodiderint.</strong></span> 
     </span>
     <span class='ocr_line' id='line_1_3' title="bbox 161 534 1379 642; baseline -0.002 -38"><span class='ocrx_word' id='word_1_14' title='bbox 161 541 352 625; x_wconf 78' lang='lat' dir='ltr'><strong>Utcumque</strong></span> <span class='ocrx_word' id='word_1_15' title='bbox 372 534 508 616; x_wconf 89' lang='lat' dir='ltr'><strong>cecidit,</strong></span> <span class='ocrx_word' id='word_1_16' title='bbox 538 536 705 621; x_wconf 74' lang='lat' dir='ltr'>hodieque</span> <span class='ocrx_word' id='word_1_17' title='bbox 725 546 814 601; x_wconf 88' lang='lat' dir='ltr'><strong>tanta</strong></span> <span class='ocrx_word' id='word_1_18' title='bbox 833 540 939 626; x_wconf 89' lang='lat' dir='ltr'><strong>patris</strong></span> <span class='ocrx_word' id='word_1_19' title='bbox 960 538 1100 642; x_wconf 76' lang='lat' dir='ltr'><strong>imagine</strong></span> <span class='ocrx_word' id='word_1_20' title='bbox 1119 558 1188 603; x_wconf 91' lang='lat' dir='ltr'><strong>non</strong></span> <span class='ocrx_word' id='word_1_21' title='bbox 1211 536 1379 602; x_wconf 84' lang='lat' dir='ltr'><strong>obscura·-</strong></span> 
     </span>
     <span class='ocr_line' id='line_1_4' title="bbox 162 620 1380 719; baseline -0.002 -32"><span class='ocrx_word' id='word_1_22' title='bbox 162 633 221 687; x_wconf 91' lang='lat' dir='ltr'><strong>tur</strong></span> <span class='ocrx_word' id='word_1_23' title='bbox 241 624 311 686; x_wconf 89' lang='lat' dir='ltr'><strong>eius</strong></span> <span class='ocrx_word' id='word_1_24' title='bbox 330 622 501 686; x_wconf 84' lang='lat' dir='ltr'><strong>memoria.</strong></span> <span class='ocrx_word' id='word_1_25' title='bbox 544 625 595 705; x_wconf 86' lang='lat' dir='ltr'><strong>De</strong></span> <span class='ocrx_word' id='word_1_26' title='bbox 616 641 683 719; x_wconf 75' lang='lat' dir='ltr'><strong>qao</strong></span> <span class='ocrx_word' id='word_1_27' title='bbox 705 621 821 685; x_wconf 85' lang='lat' dir='ltr'><strong>iuvene</strong></span> <span class='ocrx_word' id='word_1_28' title='bbox 841 622 921 708; x_wconf 87' lang='lat' dir='ltr'><strong>quid</strong></span> <span class='ocrx_word' id='word_1_29' title='bbox 951 622 1186 686; x_wconf 82' lang='lat' dir='ltr'><strong>existimaverit</strong></span> <span class='ocrx_word' id='word_1_30' title='bbox 1211 622 1324 696; x_wconf 83' lang='lat' dir='ltr'><strong>Sallu,</strong></span> <span class='ocrx_word' id='word_1_31' title='bbox 1348 620 1380 685; x_wconf 87' lang='lat' dir='ltr'><strong>in</strong></span> 
     </span>
     <span class='ocr_line' id='line_1_5' title="bbox 161 700 1378 794; baseline -0.003 -23"><span class='ocrx_word' id='word_1_32' title='bbox 161 715 299 794; x_wconf 92' lang='lat' dir='ltr'><strong>promtu</strong></span> <span class='ocrx_word' id='word_1_33' title='bbox 331 713 391 769; x_wconf 89' lang='lat' dir='ltr'><strong>est.</strong></span> <span class='ocrx_word' id='word_1_34' title='bbox 435 703 556 770; x_wconf 90' lang='lat' dir='ltr'><strong>Occiso</strong></span> <span class='ocrx_word' id='word_1_35' title='bbox 580 725 671 781; x_wconf 51' lang='lat' dir='ltr'><strong>‚emm</strong></span> <span class='ocrx_word' id='word_1_36' title='bbox 699 702 828 768; x_wconf 88' lang='lat' dir='ltr'><strong>demum</strong></span> <span class='ocrx_word' id='word_1_37' title='bbox 859 728 919 781; x_wconf 89' lang='lat' dir='ltr'><strong>eo,</strong></span> <span class='ocrx_word' id='word_1_38' title='bbox 951 700 1127 771; x_wconf 76' lang='lat' dir='ltr'><strong>Felicis</strong></span> <span class='ocrx_word' id='word_1_39' title='bbox 1157 724 1282 767; x_wconf 87' lang='lat' dir='ltr'><strong>nomen</strong></span> <span class='ocrx_word' id='word_1_40' title='bbox 1314 706 1378 767; x_wconf 84' lang='lat' dir='ltr'><strong>ad-</strong></span> 
     </span>
     <span class='ocr_line' id='line_1_6' title="bbox 161 784 1379 889; baseline -0.001 -36"><span class='ocrx_word' id='word_1_41' title='bbox 161 792 298 854; x_wconf 87' lang='lat' dir='ltr'><strong>sumsit:</strong></span> <span class='ocrx_word' id='word_1_42' title='bbox 330 786 420 875; x_wconf 89' lang='lat' dir='ltr'><strong>quod</strong></span> <span class='ocrx_word' id='word_1_43' title='bbox 450 788 584 873; x_wconf 88' lang='lat' dir='ltr'><strong>quidem</strong></span> <span class='ocrx_word' id='word_1_44' title='bbox 612 796 799 889; x_wconf 68' lang='lat' dir='ltr'><strong>usurpasset</strong></span> <span class='ocrx_word' id='word_1_45' title='bbox 819 789 1014 865; x_wconf 85' lang='lat' dir='ltr'><strong>iustissime,</strong></span> <span class='ocrx_word' id='word_1_46' title='bbox 1037 789 1063 852; x_wconf 92' lang='lat' dir='ltr'><strong>si</strong></span> <span class='ocrx_word' id='word_1_47' title='bbox 1087 786 1222 852; x_wconf 87' lang='lat' dir='ltr'><strong>eundem</strong></span> <span class='ocrx_word' id='word_1_48' title='bbox 1247 797 1283 851; x_wconf 87' lang='lat' dir='ltr'><strong>et</strong></span> <span class='ocrx_word' id='word_1_49' title='bbox 1305 784 1379 852; x_wconf 82' lang='lat' dir='ltr'><strong>rin-</strong></span> 
     </span>
     <span class='ocr_line' id='line_1_7' title="bbox 162 868 1378 975; baseline -0.003 -38"><span class='ocrx_word' id='word_1_50' title='bbox 162 875 258 937; x_wconf 89' lang='lat' dir='ltr'><strong>ceu&#39;di</strong></span> <span class='ocrx_word' id='word_1_51' title='bbox 282 881 314 936; x_wconf 89' lang='lat' dir='ltr'><strong>et</strong></span> <span class='ocrx_word' id='word_1_52' title='bbox 333 871 463 935; x_wconf 78' lang='lat' dir='ltr'><strong>vivendi</strong></span> <span class='ocrx_word' id='word_1_53' title='bbox 484 870 581 933; x_wconf 88' lang='lat' dir='ltr'><strong>linem</strong></span> <span class='ocrx_word' id='word_1_54' title='bbox 600 868 779 933; x_wconf 76' lang='lat' dir='ltr'><strong>habuisset.</strong></span> <span class='ocrx_word' id='word_1_55' title='bbox 822 871 1072 975; x_wconf 69' lang='lat' dir='ltr'><strong>oppugnationi</strong></span> <span class='ocrx_word' id='word_1_56' title='bbox 1095 881 1201 935; x_wconf 89' lang='lat' dir='ltr'><strong>autem</strong></span> <span class='ocrx_word' id='word_1_57' title='bbox 1223 868 1378 933; x_wconf 83' lang='lat' dir='ltr'><strong>Praene-</strong></span> 
     </span>
     <span class='ocr_line' id='line_1_8' title="bbox 161 952 1379 1041; baseline -0.002 -21"><span class='ocrx_word' id='word_1_58' title='bbox 161 958 221 1021; x_wconf 91' lang='lat' dir='ltr'><strong>stis</strong></span> <span class='ocrx_word' id='word_1_59' title='bbox 241 979 279 1021; x_wconf 90' lang='lat' dir='ltr'><strong>ac</strong></span> <span class='ocrx_word' id='word_1_60' title='bbox 299 956 396 1019; x_wconf 88' lang='lat' dir='ltr'><strong>Marii</strong></span> <span class='ocrx_word' id='word_1_61' title='bbox 415 955 605 1041; x_wconf 77' lang='lat' dir='ltr'><strong>praefuerat</strong></span> <span class='ocrx_word' id='word_1_62' title='bbox 627 953 736 1031; x_wconf 89' lang='lat' dir='ltr'><strong>Ofella</strong></span> <span class='ocrx_word' id='word_1_63' title='bbox 757 954 949 1031; x_wconf 76' lang='lat' dir='ltr'><strong>Lucretius3</strong></span> <span class='ocrx_word' id='word_1_64' title='bbox 972 956 1029 1040; x_wconf 90' lang='lat' dir='ltr'><strong>qui</strong></span> <span class='ocrx_word' id='word_1_65' title='bbox 1045 978 1145 1040; x_wconf 90' lang='lat' dir='ltr'><strong>quum</strong></span> <span class='ocrx_word' id='word_1_66' title='bbox 1159 962 1234 1016; x_wconf 88' lang='lat' dir='ltr'><strong>ante</strong></span> <span class='ocrx_word' id='word_1_67' title='bbox 1249 952 1379 1017; x_wconf 86' lang='lat' dir='ltr'><strong>Maria-</strong></span> 
     </span>
     <span class='ocr_line' id='line_1_9' title="bbox 161 1034 1379 1125; baseline -0.001 -22"><span class='ocrx_word' id='word_1_68' title='bbox 161 1063 280 1105; x_wconf 85' lang='lat' dir='ltr'><strong>narum</strong></span> <span class='ocrx_word' id='word_1_69' title='bbox 301 1040 415 1103; x_wconf 85' lang='lat' dir='ltr'><strong>fuisset</strong></span> <span class='ocrx_word' id='word_1_70' title='bbox 434 1036 579 1125; x_wconf 89' lang='lat' dir='ltr'><strong>partium</strong></span> <span class='ocrx_word' id='word_1_71' title='bbox 599 1037 752 1113; x_wconf 84' lang='lat' dir='ltr'><strong>Praetor,</strong></span> <span class='ocrx_word' id='word_1_72' title='bbox 774 1039 815 1102; x_wconf 89' lang='lat' dir='ltr'><strong>ad</strong></span> <span class='ocrx_word' id='word_1_73' title='bbox 836 1039 960 1104; x_wconf 91' lang='lat' dir='ltr'><strong>Sullam</strong></span> <span class='ocrx_word' id='word_1_74' title='bbox 979 1039 1208 1124; x_wconf 80' lang='lat' dir='ltr'><strong>transfugerat·</strong></span> <span class='ocrx_word' id='word_1_75' title='bbox 1245 1034 1379 1103; x_wconf 87' lang='lat' dir='ltr'><strong>Felici-</strong></span> 
     </span>
     <span class='ocr_line' id='line_1_10' title="bbox 161 1120 1378 1209; baseline 0 -23"><span class='ocrx_word' id='word_1_76' title='bbox 161 1133 265 1187; x_wconf 88' lang='lat' dir='ltr'><strong>tatem</strong></span> <span class='ocrx_word' id='word_1_77' title='bbox 296 1122 382 1207; x_wconf 79' lang='lat' dir='ltr'><strong>diei,</strong></span> <span class='ocrx_word' id='word_1_78' title='bbox 415 1144 482 1206; x_wconf 86' lang='lat' dir='ltr'><strong>quo</strong></span> <span class='ocrx_word' id='word_1_79' title='bbox 512 1121 708 1184; x_wconf 81' lang='lat' dir='ltr'><strong>Samnitium</strong></span> <span class='ocrx_word' id='word_1_80' title='bbox 735 1121 942 1209; x_wconf 85' lang='lat' dir='ltr'><strong>Telesiniqne</strong></span> <span class='ocrx_word' id='word_1_81' title='bbox 972 1122 1085 1207; x_wconf 87' lang='lat' dir='ltr'><strong>pulsus</strong></span> <span class='ocrx_word' id='word_1_82' title='bbox 1116 1133 1165 1185; x_wconf 89' lang='lat' dir='ltr'><strong>est</strong></span> <span class='ocrx_word' id='word_1_83' title='bbox 1191 1120 1378 1200; x_wconf 86' lang='lat' dir='ltr'><strong>exercitus,</strong></span> 
     </span>
     <span class='ocr_line' id='line_1_11' title="bbox 162 1202 1379 1293; baseline 0 -23"><span class='ocrx_word' id='word_1_84' title='bbox 162 1207 254 1270; x_wconf 88' lang='lat' dir='ltr'><strong>Sulla</strong></span> <span class='ocrx_word' id='word_1_85' title='bbox 274 1213 434 1291; x_wconf 87' lang='lat' dir='ltr'><strong>perpetuu</strong></span> <span class='ocrx_word' id='word_1_86' title='bbox 453 1204 610 1268; x_wconf 89' lang='lat' dir='ltr'><strong>ludorum</strong></span> <span class='ocrx_word' id='word_1_87' title='bbox 633 1206 831 1268; x_wconf 83' lang='lat' dir='ltr'><strong>Circensium</strong></span> <span class='ocrx_word' id='word_1_88' title='bbox 853 1204 1032 1269; x_wconf 73' lang='lat' dir='ltr'><strong>bonoravit</strong></span> <span class='ocrx_word' id='word_1_89' title='bbox 1051 1204 1223 1282; x_wconf 87' lang='lat' dir='ltr'><strong>memoria,</strong></span> <span class='ocrx_word' id='word_1_90' title='bbox 1245 1206 1308 1293; x_wconf 87' lang='lat' dir='ltr'><strong>qui</strong></span> <span class='ocrx_word' id='word_1_91' title='bbox 1321 1202 1379 1271; x_wconf 88' lang='lat' dir='ltr'><strong>sub</strong></span> 
     </span>
     <span class='ocr_line' id='line_1_12' title="bbox 164 1287 1007 1370; baseline -0.001 -15"><span class='ocrx_word' id='word_1_92' title='bbox 164 1293 234 1355; x_wconf 90' lang='lat' dir='ltr'><strong>eius</strong></span> <span class='ocrx_word' id='word_1_93' title='bbox 254 1288 574 1369; x_wconf 84' lang='lat' dir='ltr'><strong>nomine.[Sullanae</strong></span> <span class='ocrx_word' id='word_1_94' title='bbox 594 1288 767 1370; x_wconf 76' lang='lat' dir='ltr'><strong>uictoriae]</strong></span> <span class='ocrx_word' id='word_1_95' title='bbox 788 1287 1007 1354; x_wconf 86' lang='lat' dir='ltr'><strong>celebrantur.</strong></span> 
     </span>
    </p>

    <p class='ocr_par' dir='ltr' id='par_1_3' title="bbox 49 1367 1379 1623">
     <span class='ocr_line' id='line_1_13' title="bbox 205 1367 1379 1457; baseline -0.002 -20"><span class='ocrx_word' id='word_1_96' title='bbox 205 1373 366 1437; x_wconf 83' lang='lat' dir='ltr'>XXVIII.</span> <span class='ocrx_word' id='word_1_97' title='bbox 398 1372 502 1435; x_wconf 88' lang='lat' dir='ltr'><strong>Paulo</strong></span> <span class='ocrx_word' id='word_1_98' title='bbox 531 1378 607 1435; x_wconf 87' lang='lat' dir='ltr'><strong>ante</strong></span> <span class='ocrx_word' id='word_1_99' title='bbox 635 1393 732 1457; x_wconf 90' lang='lat' dir='ltr'><strong>quam</strong></span> <span class='ocrx_word' id='word_1_100' title='bbox 761 1370 852 1435; x_wconf 88' lang='lat' dir='ltr'><strong>Sulla</strong></span> <span class='ocrx_word' id='word_1_101' title='bbox 874 1373 914 1436; x_wconf 85' lang='lat' dir='ltr'><strong>ad</strong></span> <span class='ocrx_word' id='word_1_102' title='bbox 935 1370 1163 1455; x_wconf 75' lang='lat' dir='ltr'><strong>Sacriportum</strong></span> <span class='ocrx_word' id='word_1_103' title='bbox 1185 1367 1379 1449; x_wconf 77' lang='lat' dir='ltr'><strong>dimicaret,</strong></span> 
     </span>
     <span class='ocr_line' id='line_1_14' title="bbox 163 1454 1379 1603; baseline -0.002 -82"><span class='ocrx_word' id='word_1_104' title='bbox 163 1457 347 1544; x_wconf 85' lang='lat' dir='ltr'><strong>magnificis</strong></span> <span class='ocrx_word' id='word_1_105' title='bbox 367 1456 513 1603; x_wconf 61' lang='lat' dir='ltr'><strong>proeliis</strong></span> <span class='ocrx_word' id='word_1_106' title='bbox 538 1456 684 1539; x_wconf 88' lang='lat' dir='ltr'><strong>partium</strong></span> <span class='ocrx_word' id='word_1_107' title='bbox 714 1454 782 1518; x_wconf 90' lang='lat' dir='ltr'><strong>eius</strong></span> <span class='ocrx_word' id='word_1_108' title='bbox 809 1456 873 1519; x_wconf 83' lang='lat' dir='ltr'><strong>riri</strong></span> <span class='ocrx_word' id='word_1_109' title='bbox 904 1454 1051 1519; x_wconf 84' lang='lat' dir='ltr'><strong>hostium</strong></span> <span class='ocrx_word' id='word_1_110' title='bbox 1075 1454 1254 1519; x_wconf 87' lang='lat' dir='ltr'><strong>exercitum</strong></span> <span class='ocrx_word' id='word_1_111' title='bbox 1277 1456 1379 1521; x_wconf 90' lang='lat' dir='ltr'><strong>fude-</strong></span> 
     </span>
     <span class='ocr_line' id='line_1_15' title="bbox 49 1536 1378 1623; baseline -0.002 -18"><span class='ocrx_word' id='word_1_112' title='bbox 49 1544 52 1549; x_wconf 76' lang='grc'><strong>’</strong></span> <span class='ocrx_word' id='word_1_113' title='bbox 163 1551 256 1615; x_wconf 86' lang='lat' dir='ltr'><strong>rant,</strong></span> <span class='ocrx_word' id='word_1_114' title='bbox 279 1540 346 1605; x_wconf 92' lang='lat' dir='ltr'><strong>duo</strong></span> <span class='ocrx_word' id='word_1_115' title='bbox 392 1538 537 1604; x_wconf 81' lang='lat' dir='ltr'><strong>eruiliia</strong></span> <span class='ocrx_word' id='word_1_116' title='bbox 565 1538 609 1602; x_wconf 91' lang='lat' dir='ltr'><strong>ud</strong></span> <span class='ocrx_word' id='word_1_117' title='bbox 631 1537 788 1617; x_wconf 86' lang='lat' dir='ltr'><strong>Clusium,</strong></span> <span class='ocrx_word' id='word_1_118' title='bbox 811 1537 961 1603; x_wconf 81' lang='lat' dir='ltr'><strong>Metellus</strong></span> <span class='ocrx_word' id='word_1_119' title='bbox 979 1536 1059 1603; x_wconf 89' lang='lat' dir='ltr'><strong>Pius</strong></span> <span class='ocrx_word' id='word_1_120' title='bbox 1077 1538 1163 1623; x_wconf 85' lang='lat' dir='ltr'><strong>apud</strong></span> <span class='ocrx_word' id='word_1_121' title='bbox 1177 1538 1378 1613; x_wconf 83' lang='lat' dir='ltr'><strong>Faventiam,</strong></span> 
     </span>
    </p>

    <p class='ocr_par' dir='ltr' id='par_1_4' title="bbox 91 1559 1382 3206">
     <span class='ocr_line' id='line_1_16' title="bbox 163 1559 1379 1688; baseline -0.002 -1"><span class='ocrx_word' id='word_1_122' title='bbox 163 1624 213 1688; x_wconf 82' lang='lat' dir='ltr'><strong>nt.</strong></span> <span class='ocrx_word' id='word_1_123' title='bbox 245 1623 400 1688; x_wconf 83' lang='lat' dir='ltr'><strong>Lucullus</strong></span> <span class='ocrx_word' id='word_1_124' title='bbox 428 1623 518 1686; x_wconf 91' lang='lat' dir='ltr'><strong>circa</strong></span> <span class='ocrx_word' id='word_1_125' title='bbox 540 1559 745 1686; x_wconf 75' lang='lat' dir='ltr'><strong>ll&#39;identiam.</strong></span> <span class='ocrx_word' id='word_1_126' title='bbox 796 1622 1005 1686; x_wconf 85' lang='lat' dir='ltr'><strong>Videbantur</strong></span> <span class='ocrx_word' id='word_1_127' title='bbox 1039 1619 1129 1684; x_wconf 85' lang='lat' dir='ltr'><strong>finita</strong></span> <span class='ocrx_word' id='word_1_128' title='bbox 1161 1618 1242 1683; x_wconf 90' lang='lat' dir='ltr'><strong>belli</strong></span> <span class='ocrx_word' id='word_1_129' title='bbox 1271 1618 1379 1685; x_wconf 83' lang='lat' dir='ltr'><strong>civilis</strong></span> 
     </span>
     <span class='ocr_line' id='line_1_17' title="bbox 164 1702 1380 1851; baseline -0.002 -80"><span class='ocrx_word' id='word_1_130' title='bbox 164 1707 263 1786; x_wconf 87' lang='lat' dir='ltr'><strong>mala,</strong></span> <span class='ocrx_word' id='word_1_131' title='bbox 281 1730 382 1793; x_wconf 89' lang='lat' dir='ltr'><strong>quum</strong></span> <span class='ocrx_word' id='word_1_132' title='bbox 396 1706 506 1770; x_wconf 84' lang='lat' dir='ltr'><strong>Sullae</strong></span> <span class='ocrx_word' id='word_1_133' title='bbox 522 1705 717 1769; x_wconf 88' lang='lat' dir='ltr'><strong>crudelitate</strong></span> <span class='ocrx_word' id='word_1_134' title='bbox 730 1714 824 1770; x_wconf 87' lang='lat' dir='ltr'><strong>aucta</strong></span> <span class='ocrx_word' id='word_1_135' title='bbox 844 1715 930 1770; x_wconf 81' lang='lat' dir='ltr'><strong>sunt.</strong></span> <span class='ocrx_word' id='word_1_136' title='bbox 956 1704 1089 1851; x_wconf 50' lang='lat' dir='ltr'><strong>Qgfflre</strong></span> <span class='ocrx_word' id='word_1_137' title='bbox 1108 1702 1265 1768; x_wconf 86' lang='lat' dir='ltr'><strong>Dictator</strong></span> <span class='ocrx_word' id='word_1_138' title='bbox 1287 1725 1380 1769; x_wconf 84' lang='lat' dir='ltr'><strong>crea·</strong></span> 
     </span>
     <span class='ocr_line' id='line_1_18' title="bbox 164 1784 1380 1874; baseline -0.002 -21"><span class='ocrx_word' id='word_1_139' title='bbox 164 1801 240 1867; x_wconf 87' lang='lat' dir='ltr'><strong>tus,</strong></span> <span class='ocrx_word' id='word_1_140' title='bbox 273 1793 382 1874; x_wconf 92' lang='lat' dir='ltr'><strong>(cuius</strong></span> <span class='ocrx_word' id='word_1_141' title='bbox 411 1787 552 1853; x_wconf 86' lang='lat' dir='ltr'><strong>bonoria</strong></span> <span class='ocrx_word' id='word_1_142' title='bbox 573 1790 746 1873; x_wconf 86' lang='lat' dir='ltr'><strong>usurpatio</strong></span> <span class='ocrx_word' id='word_1_143' title='bbox 768 1810 951 1873; x_wconf 84' lang='lat' dir='ltr'><strong>personas</strong></span> <span class='ocrx_word' id='word_1_144' title='bbox 1081 1784 1286 1865; x_wconf 60' lang='lat' dir='ltr'><strong>intermissu</strong></span> <span class='ocrx_word' id='word_1_145' title='bbox 1307 1810 1380 1851; x_wconf 85' lang='lat' dir='ltr'><strong>nam</strong></span> 
     </span>
     <span class='ocr_line' id='line_1_19' title="bbox 143 1868 1375 1960; baseline -0.002 -23"><span class='ocrx_word' id='word_1_146' title='bbox 143 1875 337 1959; x_wconf 66' lang='lat' dir='ltr'><strong>,proximus</strong></span> <span class='ocrx_word' id='word_1_147' title='bbox 357 1880 435 1960; x_wconf 87' lang='lat' dir='ltr'><strong>post</strong></span> <span class='ocrx_word' id='word_1_148' title='bbox 455 1894 597 1946; x_wconf 89' lang='lat' dir='ltr'><strong>annum,</strong></span> <span class='ocrx_word' id='word_1_149' title='bbox 620 1892 716 1956; x_wconf 87' lang='lat' dir='ltr'><strong>quam</strong></span> <span class='ocrx_word' id='word_1_150' title='bbox 732 1870 896 1935; x_wconf 84' lang='lat' dir='ltr'><strong>Hannibal</strong></span> <span class='ocrx_word' id='word_1_151' title='bbox 916 1872 1011 1936; x_wconf 88' lang='lat' dir='ltr'><strong>Italia</strong></span> <span class='ocrx_word' id='word_1_152' title='bbox 1038 1878 1235 1947; x_wconf 85' lang='lat' dir='ltr'><strong>excesserat,</strong></span> <span class='ocrx_word' id='word_1_153' title='bbox 1257 1868 1375 1955; x_wconf 83' lang='lat' dir='ltr'><strong>[fuit];</strong></span> 
     </span>
     <span class='ocr_line' id='line_1_20' title="bbox 164 1950 1380 2101; baseline -0.002 -82"><span class='ocrx_word' id='word_1_154' title='bbox 164 1958 214 2019; x_wconf 92' lang='lat' dir='ltr'><strong>uti</strong></span> <span class='ocrx_word' id='word_1_155' title='bbox 246 1964 423 2041; x_wconf 90' lang='lat' dir='ltr'><strong>appareat,</strong></span> <span class='ocrx_word' id='word_1_156' title='bbox 452 1952 619 2101; x_wconf 69' lang='lat' dir='ltr'><strong>populum</strong></span> <span class='ocrx_word' id='word_1_157' title='bbox 649 1952 832 2017; x_wconf 82' lang='lat' dir='ltr'><strong>Romanum</strong></span> <span class='ocrx_word' id='word_1_158' title='bbox 865 1976 958 2017; x_wconf 88' lang='lat' dir='ltr'><strong>usum</strong></span> <span class='ocrx_word' id='word_1_159' title='bbox 983 1952 1155 2019; x_wconf 90' lang='lat' dir='ltr'><strong>dictatoris</strong></span> <span class='ocrx_word' id='word_1_160' title='bbox 1180 1950 1271 2018; x_wconf 86' lang='lat' dir='ltr'><strong>baud</strong></span> <span class='ocrx_word' id='word_1_161' title='bbox 1292 1964 1380 2019; x_wconf 88' lang='lat' dir='ltr'><strong>metu</strong></span> 
     </span>
     <span class='ocr_line' id='line_1_21' title="bbox 166 2035 1378 2123; baseline 0.001 -22"><span class='ocrx_word' id='word_1_162' title='bbox 166 2039 387 2115; x_wconf 85' lang='lat' dir='ltr'><strong>desiderasse,</strong></span> <span class='ocrx_word' id='word_1_163' title='bbox 417 2058 450 2101; x_wconf 90' lang='lat' dir='ltr'><strong>ae</strong></span> <span class='ocrx_word' id='word_1_164' title='bbox 493 2037 605 2100; x_wconf 83' lang='lat' dir='ltr'><strong>Saitae</strong></span> <span class='ocrx_word' id='word_1_165' title='bbox 628 2036 702 2100; x_wconf 84' lang='lat' dir='ltr'><strong>Cos.</strong></span> <span class='ocrx_word' id='word_1_166' title='bbox 725 2035 871 2099; x_wconf 83' lang='lat' dir='ltr'><strong>timuisse</strong></span> <span class='ocrx_word' id='word_1_167' title='bbox 890 2044 1121 2122; x_wconf 69' lang='lat' dir='ltr'><strong>potestatem)</strong></span> <span class='ocrx_word' id='word_1_168' title='bbox 1142 2037 1300 2122; x_wconf 89' lang='lat' dir='ltr'><strong>imperio,</strong></span> <span class='ocrx_word' id='word_1_169' title='bbox 1315 2059 1378 2123; x_wconf 82' lang='lat' dir='ltr'><strong>quo</strong></span> 
     </span>
     <span class='ocr_line' id='line_1_22' title="bbox 165 2117 1377 2225; baseline 0 -40"><span class='ocrx_word' id='word_1_170' title='bbox 165 2124 298 2225; x_wconf 86' lang='lat' dir='ltr'><strong>priores</strong></span> <span class='ocrx_word' id='word_1_171' title='bbox 325 2119 366 2184; x_wconf 93' lang='lat' dir='ltr'><strong>ad</strong></span> <span class='ocrx_word' id='word_1_172' title='bbox 391 2120 618 2185; x_wconf 79' lang='lat' dir='ltr'><strong>uindicandam</strong></span> <span class='ocrx_word' id='word_1_173' title='bbox 640 2117 788 2183; x_wconf 87' lang='lat' dir='ltr'><strong>maximis</strong></span> <span class='ocrx_word' id='word_1_174' title='bbox 814 2120 972 2207; x_wconf 86' lang='lat' dir='ltr'><strong>periculis</strong></span> <span class='ocrx_word' id='word_1_175' title='bbox 992 2121 1106 2204; x_wconf 88' lang='lat' dir='ltr'><strong>Itemp.</strong></span> <span class='ocrx_word' id='word_1_176' title='bbox 1131 2122 1180 2184; x_wconf 90' lang='lat' dir='ltr'><strong>usi</strong></span> <span class='ocrx_word' id='word_1_177' title='bbox 1203 2130 1318 2198; x_wconf 83' lang='lat' dir='ltr'><strong>amnt,</strong></span> <span class='ocrx_word' id='word_1_178' title='bbox 1340 2140 1377 2185; x_wconf 87' lang='lat' dir='ltr'><strong>eo</strong></span> 
     </span>
     <span class='ocr_line' id='line_1_23' title="bbox 91 2202 1379 2280; baseline -0.002 -11"><span class='ocrx_word' id='word_1_179' title='bbox 91 2215 102 2234; x_wconf 78' lang='lat'>&#39;</span> <span class='ocrx_word' id='word_1_180' title='bbox 166 2229 201 2269; x_wconf 88' lang='lat' dir='ltr'><strong>m</strong></span> <span class='ocrx_word' id='word_1_181' title='bbox 223 2205 418 2269; x_wconf 88' lang='lat' dir='ltr'><strong>immodicae</strong></span> <span class='ocrx_word' id='word_1_182' title='bbox 448 2202 653 2267; x_wconf 86' lang='lat' dir='ltr'><strong>crudelitatis</strong></span> <span class='ocrx_word' id='word_1_183' title='bbox 681 2202 845 2267; x_wconf 88' lang='lat' dir='ltr'><strong>licentiam</strong></span> <span class='ocrx_word' id='word_1_184' title='bbox 874 2226 950 2269; x_wconf 88' lang='lat' dir='ltr'><strong>usus</strong></span> <span class='ocrx_word' id='word_1_185' title='bbox 982 2212 1040 2269; x_wconf 86' lang='lat' dir='ltr'><strong>est.</strong></span> <span class='ocrx_word' id='word_1_186' title='bbox 1084 2204 1216 2269; x_wconf 89' lang='lat' dir='ltr'><strong>Primus</strong></span> <span class='ocrx_word' id='word_1_187' title='bbox 1247 2204 1326 2280; x_wconf 85' lang='lat' dir='ltr'><strong>ille,</strong></span> <span class='ocrx_word' id='word_1_188' title='bbox 1349 2212 1379 2267; x_wconf 91' lang='lat' dir='ltr'><strong>et</strong></span> 
     </span>
     <span class='ocr_line' id='line_1_24' title="bbox 163 2283 1378 2388; baseline -0.004 -34"><span class='ocrx_word' id='word_1_189' title='bbox 163 2290 292 2354; x_wconf 89' lang='lat' dir='ltr'><strong>utinam</strong></span> <span class='ocrx_word' id='word_1_190' title='bbox 320 2283 477 2351; x_wconf 90' lang='lat' dir='ltr'><strong>ultimusl</strong></span> <span class='ocrx_word' id='word_1_191' title='bbox 509 2283 694 2388; x_wconf 88' lang='lat' dir='ltr'><strong>exemplum</strong></span> <span class='ocrx_word' id='word_1_192' title='bbox 724 2289 853 2368; x_wconf 85' lang='lat' dir='ltr'><strong>proscri</strong></span> <span class='ocrx_word' id='word_1_193' title='bbox 881 2285 980 2353; x_wconf 91' lang='lat' dir='ltr'><strong>tionis</strong></span> <span class='ocrx_word' id='word_1_194' title='bbox 1008 2286 1152 2363; x_wconf 74' lang='lat' dir='ltr'><strong>inuenit,</strong></span> <span class='ocrx_word' id='word_1_195' title='bbox 1180 2294 1239 2363; x_wconf 90' lang='lat' dir='ltr'><strong>ut,</strong></span> <span class='ocrx_word' id='word_1_196' title='bbox 1261 2288 1297 2351; x_wconf 91' lang='lat' dir='ltr'><strong>in</strong></span> <span class='ocrx_word' id='word_1_197' title='bbox 1317 2308 1378 2373; x_wconf 86' lang='lat' dir='ltr'><strong>qua</strong></span> 
     </span>
     <span class='ocr_line' id='line_1_25' title="bbox 165 2311 1377 2459; baseline -0.004 -21"><span class='ocrx_word' id='word_1_198' title='bbox 165 2375 306 2438; x_wconf 73' lang='lat' dir='ltr'><strong>civitate</strong></span> <span class='ocrx_word' id='word_1_199' title='bbox 319 2371 498 2459; x_wconf 87' lang='lat' dir='ltr'><strong>petulantis</strong></span> <span class='ocrx_word' id='word_1_200' title='bbox 513 2370 654 2433; x_wconf 77' lang='lat' dir='ltr'><strong>convicii</strong></span> <span class='ocrx_word' id='word_1_201' title='bbox 674 2370 832 2434; x_wconf 88' lang='lat' dir='ltr'><strong>iudicium</strong></span> <span class='ocrx_word' id='word_1_202' title='bbox 854 2311 1035 2436; x_wconf 72' lang='lat' dir='ltr'><strong>bistrioni</strong></span> <span class='ocrx_word' id='word_1_203' title='bbox 1059 2377 1201 2434; x_wconf 83' lang='lat' dir='ltr'><strong>exacto</strong></span> <span class='ocrx_word' id='word_1_204' title='bbox 1223 2372 1280 2453; x_wconf 91' lang='lat' dir='ltr'><strong>[ex</strong></span> <span class='ocrx_word' id='word_1_205' title='bbox 1299 2370 1377 2452; x_wconf 88' lang='lat' dir='ltr'><strong>alto]</strong></span> 
     </span>
     <span class='ocr_line' id='line_1_26' title="bbox 165 2448 1379 2542; baseline -0.004 -20"><span class='ocrx_word' id='word_1_206' title='bbox 165 2457 331 2532; x_wconf 86' lang='lat' dir='ltr'><strong>redditur,</strong></span> <span class='ocrx_word' id='word_1_207' title='bbox 350 2453 385 2517; x_wconf 91' lang='lat' dir='ltr'><strong>in</strong></span> <span class='ocrx_word' id='word_1_208' title='bbox 400 2475 438 2516; x_wconf 92' lang='lat' dir='ltr'><strong>ea</strong></span> <span class='ocrx_word' id='word_1_209' title='bbox 454 2448 833 2541; x_wconf 82' lang='lat' dir='ltr'><strong>iugulati&#39;civisltomani</strong></span> <span class='ocrx_word' id='word_1_210' title='bbox 844 2455 978 2542; x_wconf 89' lang='lat' dir='ltr'><strong>publice</strong></span> <span class='ocrx_word' id='word_1_211' title='bbox 996 2453 1253 2518; x_wconf 88' lang='lat' dir='ltr'><strong>constitueretur</strong></span> <span class='ocrx_word' id='word_1_212' title='bbox 1263 2462 1379 2518; x_wconf 85' lang='lat' dir='ltr'><strong>aucto·</strong></span> 
     </span>
     <span class='ocr_line' id='line_1_27' title="bbox 164 2534 1376 2625; baseline -0.003 -21"><span class='ocrx_word' id='word_1_213' title='bbox 164 2549 365 2613; x_wconf 68' lang='lat' dir='ltr'><strong>ramentum}</strong></span> <span class='ocrx_word' id='word_1_214' title='bbox 394 2535 641 2625; x_wconf 86' lang='lat' dir='ltr'><strong>plurimumque</strong></span> <span class='ocrx_word' id='word_1_215' title='bbox 670 2534 830 2614; x_wconf 83' lang='lat' dir='ltr'><strong>haberet,</strong></span> <span class='ocrx_word' id='word_1_216' title='bbox 865 2540 921 2624; x_wconf 91' lang='lat' dir='ltr'><strong>qui</strong></span> <span class='ocrx_word' id='word_1_217' title='bbox 952 2536 1115 2624; x_wconf 89' lang='lat' dir='ltr'><strong>plurimos</strong></span> <span class='ocrx_word' id='word_1_218' title='bbox 1142 2538 1376 2613; x_wconf 79' lang='lat' dir='ltr'><strong>interemisset3</strong></span> 
     </span>
     <span class='ocr_line' id='line_1_28' title="bbox 164 2619 1378 2707; baseline -0.002 -22"><span class='ocrx_word' id='word_1_219' title='bbox 164 2645 273 2707; x_wconf 90' lang='lat' dir='ltr'><strong>neque</strong></span> <span class='ocrx_word' id='word_1_220' title='bbox 294 2622 395 2685; x_wconf 91' lang='lat' dir='ltr'><strong>occisi</strong></span> <span class='ocrx_word' id='word_1_221' title='bbox 416 2620 543 2695; x_wconf 87' lang='lat' dir='ltr'><strong>bostis,</strong></span> <span class='ocrx_word' id='word_1_222' title='bbox 573 2642 669 2704; x_wconf 86' lang='lat' dir='ltr'><strong>quam</strong></span> <span class='ocrx_word' id='word_1_223' title='bbox 692 2619 793 2697; x_wconf 83' lang='lat' dir='ltr'><strong>civis,</strong></span> <span class='ocrx_word' id='word_1_224' title='bbox 816 2620 951 2688; x_wconf 90' lang='lat' dir='ltr'><strong>uberius</strong></span> <span class='ocrx_word' id='word_1_225' title='bbox 971 2624 1060 2687; x_wconf 91' lang='lat' dir='ltr'><strong>foret</strong></span> <span class='ocrx_word' id='word_1_226' title='bbox 1084 2622 1290 2705; x_wconf 65' lang='lat' dir='ltr'><strong>praemium,</strong></span> <span class='ocrx_word' id='word_1_227' title='bbox 1320 2621 1378 2683; x_wconf 87' lang='lat' dir='ltr'><strong>fie-</strong></span> 
     </span>
     <span class='ocr_line' id='line_1_29' title="bbox 165 2702 1376 2807; baseline -0.002 -37"><span class='ocrx_word' id='word_1_228' title='bbox 165 2716 282 2790; x_wconf 88' lang='lat' dir='ltr'><strong>rctque</strong></span> <span class='ocrx_word' id='word_1_229' title='bbox 314 2706 454 2791; x_wconf 86' lang='lat' dir='ltr'><strong>quisque</strong></span> <span class='ocrx_word' id='word_1_230' title='bbox 484 2725 607 2767; x_wconf 88' lang='lat' dir='ltr'><strong>merces</strong></span> <span class='ocrx_word' id='word_1_231' title='bbox 637 2705 755 2767; x_wconf 87' lang='lat' dir='ltr'><strong>mortis</strong></span> <span class='ocrx_word' id='word_1_232' title='bbox 786 2725 873 2769; x_wconf 84' lang='lat' dir='ltr'><strong>suae.</strong></span> <span class='ocrx_word' id='word_1_233' title='bbox 917 2705 987 2769; x_wconf 89' lang='lat' dir='ltr'><strong>Nee</strong></span> <span class='ocrx_word' id='word_1_234' title='bbox 1018 2714 1125 2768; x_wconf 89' lang='lat' dir='ltr'><strong>tamen</strong></span> <span class='ocrx_word' id='word_1_235' title='bbox 1156 2705 1190 2768; x_wconf 89' lang='lat' dir='ltr'><strong>in</strong></span> <span class='ocrx_word' id='word_1_236' title='bbox 1211 2725 1291 2780; x_wconf 90' lang='lat' dir='ltr'><strong>eos,</strong></span> <span class='ocrx_word' id='word_1_237' title='bbox 1323 2702 1376 2807; x_wconf 74' lang='lat' dir='ltr'><strong>qui</strong></span> 
     </span>
     <span class='ocr_line' id='line_1_30' title="bbox 164 2783 1377 2863; baseline 0 -11"><span class='ocrx_word' id='word_1_238' title='bbox 164 2799 281 2853; x_wconf 89' lang='lat' dir='ltr'><strong>contra</strong></span> <span class='ocrx_word' id='word_1_239' title='bbox 304 2811 395 2851; x_wconf 87' lang='lat' dir='ltr'><strong>arma</strong></span> <span class='ocrx_word' id='word_1_240' title='bbox 422 2783 586 2863; x_wconf 87' lang='lat' dir='ltr'><strong>tulerant,</strong></span> <span class='ocrx_word' id='word_1_241' title='bbox 618 2785 730 2850; x_wconf 88' lang='lat' dir='ltr'><strong>sedin</strong></span> <span class='ocrx_word' id='word_1_242' title='bbox 757 2788 878 2853; x_wconf 88' lang='lat' dir='ltr'><strong>multos</strong></span> <span class='ocrx_word' id='word_1_243' title='bbox 900 2789 1043 2853; x_wconf 87' lang='lat' dir='ltr'><strong>insontes</strong></span> <span class='ocrx_word' id='word_1_244' title='bbox 1065 2786 1233 2852; x_wconf 86' lang='lat' dir='ltr'><strong>saevitum.</strong></span> <span class='ocrx_word' id='word_1_245' title='bbox 1277 2788 1377 2853; x_wconf 81' lang='lat' dir='ltr'><strong>Adre-</strong></span> 
     </span>
     <span class='ocr_line' id='line_1_31' title="bbox 166 2870 1382 2957; baseline 0 -21"><span class='ocrx_word' id='word_1_246' title='bbox 166 2883 255 2936; x_wconf 88' lang='lat' dir='ltr'><strong>ctum</strong></span> <span class='ocrx_word' id='word_1_247' title='bbox 277 2872 385 2947; x_wconf 90' lang='lat' dir='ltr'><strong>etiam,</strong></span> <span class='ocrx_word' id='word_1_248' title='bbox 408 2882 446 2936; x_wconf 87' lang='lat' dir='ltr'><strong>ut</strong></span> <span class='ocrx_word' id='word_1_249' title='bbox 464 2870 550 2933; x_wconf 83' lang='lat' dir='ltr'><strong>bona</strong></span> <span class='ocrx_word' id='word_1_250' title='bbox 566 2874 826 2954; x_wconf 66' lang='lat' dir='ltr'><strong>proscriptorum</strong></span> <span class='ocrx_word' id='word_1_251' title='bbox 846 2879 1010 2939; x_wconf 79' lang='lat' dir='ltr'><strong>uenirent:</strong></span> <span class='ocrx_word' id='word_1_252' title='bbox 1034 2873 1219 2957; x_wconf 68' lang='lat' dir='ltr'><strong>exclusique</strong></span> <span class='ocrx_word' id='word_1_253' title='bbox 1234 2878 1382 2955; x_wconf 72' lang='lat' dir='ltr'><strong>paternit</strong></span> 
     </span>
     <span class='ocr_line' id='line_1_32' title="bbox 165 2951 1376 3043; baseline -0.005 -22"><span class='ocrx_word' id='word_1_254' title='bbox 165 2958 277 3043; x_wconf 80' lang='lat' dir='ltr'><strong>opibus</strong></span> <span class='ocrx_word' id='word_1_255' title='bbox 305 2956 421 3030; x_wconf 79' lang='lat' dir='ltr'><strong>liberi,</strong></span> <span class='ocrx_word' id='word_1_256' title='bbox 461 2959 563 3016; x_wconf 81' lang='lat' dir='ltr'><strong>etium</strong></span> <span class='ocrx_word' id='word_1_257' title='bbox 588 2956 800 3037; x_wconf 82' lang='lat' dir='ltr'><strong>petendorum</strong></span> <span class='ocrx_word' id='word_1_258' title='bbox 828 2956 986 3020; x_wconf 82' lang='lat' dir='ltr'><strong>bonorum</strong></span> <span class='ocrx_word' id='word_1_259' title='bbox 1015 2960 1088 3018; x_wconf 83' lang='lat' dir='ltr'><strong>iure</strong></span> <span class='ocrx_word' id='word_1_260' title='bbox 1111 2951 1376 3037; x_wconf 68' lang='lat' dir='ltr'><strong>prohiberentur.-</strong></span> 
     </span>
     <span class='ocr_line' id='line_1_33' title="bbox 163 3036 1375 3126; baseline -0.004 -20"><span class='ocrx_word' id='word_1_261' title='bbox 163 3042 339 3126; x_wconf 75' lang='lat' dir='ltr'><strong>simulpue,</strong></span> <span class='ocrx_word' id='word_1_262' title='bbox 372 3036 462 3123; x_wconf 90' lang='lat' dir='ltr'><strong>quod</strong></span> <span class='ocrx_word' id='word_1_263' title='bbox 483 3036 740 3124; x_wconf 87' lang='lat' dir='ltr'><strong>indignissimum</strong></span> <span class='ocrx_word' id='word_1_264' title='bbox 763 3047 830 3118; x_wconf 86' lang='lat' dir='ltr'><strong>est,</strong></span> <span class='ocrx_word' id='word_1_265' title='bbox 856 3039 1125 3120; x_wconf 81' lang='lat' dir='ltr'><strong>senatorumfilia&#39;</strong></span> <span class='ocrx_word' id='word_1_266' title='bbox 1140 3051 1172 3101; x_wconf 84' lang='lat' dir='ltr'><strong>et</strong></span> <span class='ocrx_word' id='word_1_267' title='bbox 1194 3061 1295 3101; x_wconf 85' lang='lat' dir='ltr'><strong>onera</strong></span> <span class='ocrx_word' id='word_1_268' title='bbox 1315 3062 1375 3103; x_wconf 87' lang='lat' dir='ltr'><strong>or-</strong></span> 
     </span>
     <span class='ocr_line' id='line_1_34' title="bbox 165 3123 807 3206; baseline -0.006 -19"><span class='ocrx_word' id='word_1_269' title='bbox 165 3126 248 3187; x_wconf 80' lang='lat' dir='ltr'><strong>dinis</strong></span> <span class='ocrx_word' id='word_1_270' title='bbox 267 3128 460 3186; x_wconf 75' lang='lat' dir='ltr'><strong>sustinerent</strong></span> <span class='ocrx_word' id='word_1_271' title='bbox 480 3133 512 3184; x_wconf 85' lang='lat' dir='ltr'><strong>et</strong></span> <span class='ocrx_word' id='word_1_272' title='bbox 533 3127 608 3184; x_wconf 80' lang='lat' dir='ltr'><strong>r&#39;u&#39;ra</strong></span> <span class='ocrx_word' id='word_1_273' title='bbox 624 3123 807 3206; x_wconf 81' lang='lat' dir='ltr'><strong>perderent.</strong></span> 
     </span>
    </p>

    <p class='ocr_par' dir='ltr' id='par_1_5' title="bbox 143 3199 1382 4713">
     <span class='ocr_line' id='line_1_35' title="bbox 208 3199 1374 3287; baseline -0.001 -19"><span class='ocrx_word' id='word_1_274' title='bbox 208 3205 329 3269; x_wconf 83' lang='lat' dir='ltr'>XXIX.</span> <span class='ocrx_word' id='word_1_275' title='bbox 361 3205 429 3269; x_wconf 91' lang='lat' dir='ltr'><strong>Sub</strong></span> <span class='ocrx_word' id='word_1_276' title='bbox 452 3204 685 3285; x_wconf 81' lang='lat' dir='ltr'><strong>adrentumin</strong></span> <span class='ocrx_word' id='word_1_277' title='bbox 712 3204 839 3267; x_wconf 85' lang='lat' dir='ltr'><strong>ltaliam</strong></span> <span class='ocrx_word' id='word_1_278' title='bbox 866 3203 905 3266; x_wconf 82' lang='lat' dir='ltr'><strong>b.</strong></span> <span class='ocrx_word' id='word_1_279' title='bbox 927 3199 1057 3277; x_wconf 87' lang='lat' dir='ltr'><strong>Sullae,</strong></span> <span class='ocrx_word' id='word_1_280' title='bbox 1092 3204 1151 3266; x_wconf 85' lang='lat' dir='ltr'><strong>Cn.</strong></span> <span class='ocrx_word' id='word_1_281' title='bbox 1178 3202 1374 3287; x_wconf 86' lang='lat' dir='ltr'><strong>Pompeius,</strong></span> 
     </span>
     <span class='ocr_line' id='line_1_36' title="bbox 166 3284 1375 3371; baseline 0 -21"><span class='ocrx_word' id='word_1_282' title='bbox 166 3290 251 3371; x_wconf 90' lang='lat' dir='ltr'><strong>(eius</strong></span> <span class='ocrx_word' id='word_1_283' title='bbox 274 3291 333 3350; x_wconf 86' lang='lat' dir='ltr'><strong>Cn.</strong></span> <span class='ocrx_word' id='word_1_284' title='bbox 353 3287 505 3369; x_wconf 88' lang='lat' dir='ltr'><strong>Pompeii</strong></span> <span class='ocrx_word' id='word_1_285' title='bbox 527 3286 632 3361; x_wconf 89' lang='lat' dir='ltr'><strong>filius,</strong></span> <span class='ocrx_word' id='word_1_286' title='bbox 655 3308 749 3369; x_wconf 90' lang='lat' dir='ltr'><strong>quem</strong></span> <span class='ocrx_word' id='word_1_287' title='bbox 772 3284 1102 3366; x_wconf 84' lang='lat' dir='ltr'><strong>magnificentissimas</strong></span> <span class='ocrx_word' id='word_1_288' title='bbox 1124 3309 1175 3350; x_wconf 90' lang='lat' dir='ltr'><strong>res</strong></span> <span class='ocrx_word' id='word_1_289' title='bbox 1197 3287 1230 3349; x_wconf 88' lang='lat' dir='ltr'><strong>in</strong></span> <span class='ocrx_word' id='word_1_290' title='bbox 1257 3291 1375 3354; x_wconf 87' lang='lat' dir='ltr'><strong>Consu·</strong></span> 
     </span>
     <span class='ocr_line' id='line_1_37' title="bbox 167 3367 1374 3455; baseline -0.002 -19"><span class='ocrx_word' id='word_1_291' title='bbox 167 3372 235 3436; x_wconf 92' lang='lat' dir='ltr'><strong>latu</strong></span> <span class='ocrx_word' id='word_1_292' title='bbox 258 3370 390 3455; x_wconf 85' lang='lat' dir='ltr'><strong>gessisse</strong></span> <span class='ocrx_word' id='word_1_293' title='bbox 419 3368 507 3430; x_wconf 86' lang='lat' dir='ltr'><strong>bello</strong></span> <span class='ocrx_word' id='word_1_294' title='bbox 536 3368 677 3430; x_wconf 90' lang='lat' dir='ltr'><strong>Marsico</strong></span> <span class='ocrx_word' id='word_1_295' title='bbox 706 3368 926 3452; x_wconf 84' lang='lat' dir='ltr'><strong>praediximus</strong></span> <span class='ocrx_word' id='word_1_296' title='bbox 937 3370 962 3452; x_wconf 90' lang='lat'><strong>‚)</strong></span> <span class='ocrx_word' id='word_1_297' title='bbox 988 3367 1102 3431; x_wconf 83' lang='lat' dir='ltr'>XXIII</span> <span class='ocrx_word' id='word_1_298' title='bbox 1133 3392 1235 3433; x_wconf 86' lang='lat' dir='ltr'><strong>annos</strong></span> <span class='ocrx_word' id='word_1_299' title='bbox 1263 3378 1374 3445; x_wconf 86' lang='lat' dir='ltr'><strong>natus,</strong></span> 
     </span>
     <span class='ocr_line' id='line_1_38' title="bbox 168 3449 1377 3541; baseline 0 -26"><span class='ocrx_word' id='word_1_300' title='bbox 168 3454 288 3516; x_wconf 86' lang='lat' dir='ltr'><strong>abhinc</strong></span> <span class='ocrx_word' id='word_1_301' title='bbox 318 3470 419 3514; x_wconf 89' lang='lat' dir='ltr'><strong>annos</strong></span> <span class='ocrx_word' id='word_1_302' title='bbox 447 3450 577 3526; x_wconf 89' lang='lat' dir='ltr'>CXIII,</span> <span class='ocrx_word' id='word_1_303' title='bbox 608 3449 744 3533; x_wconf 80' lang='lat' dir='ltr'><strong>priuatis</strong></span> <span class='ocrx_word' id='word_1_304' title='bbox 771 3459 808 3512; x_wconf 89' lang='lat' dir='ltr'><strong>ut</strong></span> <span class='ocrx_word' id='word_1_305' title='bbox 835 3453 975 3535; x_wconf 89' lang='lat' dir='ltr'><strong>opibus,</strong></span> <span class='ocrx_word' id='word_1_306' title='bbox 1012 3452 1057 3516; x_wconf 88' lang='lat' dir='ltr'><strong>ita</strong></span> <span class='ocrx_word' id='word_1_307' title='bbox 1089 3449 1234 3517; x_wconf 90' lang='lat' dir='ltr'><strong>consiliis</strong></span> <span class='ocrx_word' id='word_1_308' title='bbox 1264 3476 1377 3541; x_wconf 85' lang='lat' dir='ltr'><strong>magna</strong></span> 
     </span>
     <span class='ocr_line' id='line_1_39' title="bbox 167 3531 1376 3618; baseline 0 -17"><span class='ocrx_word' id='word_1_309' title='bbox 167 3557 284 3610; x_wconf 88' lang='lat' dir='ltr'><strong>ausus,</strong></span> <span class='ocrx_word' id='word_1_310' title='bbox 313 3531 547 3618; x_wconf 85' lang='lat' dir='ltr'><strong>magnificeque</strong></span> <span class='ocrx_word' id='word_1_311' title='bbox 574 3540 691 3595; x_wconf 88' lang='lat' dir='ltr'><strong>conata</strong></span> <span class='ocrx_word' id='word_1_312' title='bbox 713 3543 902 3613; x_wconf 82' lang='lat' dir='ltr'><strong>exsecutus,</strong></span> <span class='ocrx_word' id='word_1_313' title='bbox 927 3538 969 3599; x_wconf 89' lang='lat' dir='ltr'><strong>ad</strong></span> <span class='ocrx_word' id='word_1_314' title='bbox 988 3535 1215 3617; x_wconf 74' lang='lat' dir='ltr'><strong>vindicandam</strong></span> <span class='ocrx_word' id='word_1_315' title='bbox 1235 3540 1376 3603; x_wconf 87' lang='lat' dir='ltr'><strong>restitu-</strong></span> 
     </span>
     <span class='ocr_line' id='line_1_40' title="bbox 167 3615 1377 3708; baseline -0.002 -23"><span class='ocrx_word' id='word_1_316' title='bbox 167 3619 348 3703; x_wconf 86' lang='lat' dir='ltr'><strong>endamque</strong></span> <span class='ocrx_word' id='word_1_317' title='bbox 367 3616 556 3704; x_wconf 90' lang='lat' dir='ltr'><strong>dignitatem</strong></span> <span class='ocrx_word' id='word_1_318' title='bbox 578 3615 727 3699; x_wconf 90' lang='lat' dir='ltr'><strong>patriae,</strong></span> <span class='ocrx_word' id='word_1_319' title='bbox 750 3617 879 3691; x_wconf 76' lang='lat' dir='ltr'><strong>firmum</strong></span> <span class='ocrx_word' id='word_1_320' title='bbox 900 3636 939 3682; x_wconf 84' lang='lat' dir='ltr'><strong>ex</strong></span> <span class='ocrx_word' id='word_1_321' title='bbox 960 3642 1040 3705; x_wconf 88' lang='lat' dir='ltr'><strong>agro</strong></span> <span class='ocrx_word' id='word_1_322' title='bbox 1062 3619 1198 3696; x_wconf 90' lang='lat' dir='ltr'><strong>Piceno,</strong></span> <span class='ocrx_word' id='word_1_323' title='bbox 1218 3623 1275 3708; x_wconf 90' lang='lat' dir='ltr'><strong>qui</strong></span> <span class='ocrx_word' id='word_1_324' title='bbox 1291 3631 1377 3686; x_wconf 86' lang='lat' dir='ltr'><strong>totus</strong></span> 
     </span>
     <span class='ocr_line' id='line_1_41' title="bbox 165 3698 1378 3791; baseline 0 -24"><span class='ocrx_word' id='word_1_325' title='bbox 165 3705 311 3791; x_wconf 87' lang='lat' dir='ltr'><strong>paternis</strong></span> <span class='ocrx_word' id='word_1_326' title='bbox 333 3701 402 3766; x_wconf 89' lang='lat' dir='ltr'><strong>eius</strong></span> <span class='ocrx_word' id='word_1_327' title='bbox 424 3698 582 3763; x_wconf 87' lang='lat' dir='ltr'><strong>clientelis</strong></span> <span class='ocrx_word' id='word_1_328' title='bbox 603 3698 743 3764; x_wconf 89' lang='lat' dir='ltr'><strong>refertus</strong></span> <span class='ocrx_word' id='word_1_329' title='bbox 765 3711 855 3779; x_wconf 88' lang='lat' dir='ltr'><strong>erat,</strong></span> <span class='ocrx_word' id='word_1_330' title='bbox 878 3705 1043 3768; x_wconf 88' lang='lat' dir='ltr'><strong>contraxit</strong></span> <span class='ocrx_word' id='word_1_331' title='bbox 1057 3702 1247 3767; x_wconf 89' lang='lat' dir='ltr'><strong>exercitum.</strong></span> <span class='ocrx_word' id='word_1_332' title='bbox 1281 3706 1378 3769; x_wconf 88' lang='lat' dir='ltr'><strong>Cuius</strong></span> 
     </span>
     <span class='ocr_line' id='line_1_42' title="bbox 165 3782 1380 3875; baseline -0.002 -22"><span class='ocrx_word' id='word_1_333' title='bbox 165 3789 231 3853; x_wconf 81' lang='lat' dir='ltr'><strong>riri</strong></span> <span class='ocrx_word' id='word_1_334' title='bbox 260 3783 451 3871; x_wconf 81' lang='lat' dir='ltr'><strong>magnitudo</strong></span> <span class='ocrx_word' id='word_1_335' title='bbox 477 3782 659 3847; x_wconf 89' lang='lat' dir='ltr'><strong>multorum</strong></span> <span class='ocrx_word' id='word_1_336' title='bbox 684 3785 887 3850; x_wconf 78' lang='lat' dir='ltr'><strong>voluminum</strong></span> <span class='ocrx_word' id='word_1_337' title='bbox 915 3788 1018 3853; x_wconf 90' lang='lat' dir='ltr'><strong>instar</strong></span> <span class='ocrx_word' id='word_1_338' title='bbox 1039 3788 1159 3875; x_wconf 79' lang='lat' dir='ltr'><strong>exigit:</strong></span> <span class='ocrx_word' id='word_1_339' title='bbox 1188 3788 1245 3851; x_wconf 89' lang='lat' dir='ltr'><strong>sed</strong></span> <span class='ocrx_word' id='word_1_340' title='bbox 1269 3788 1380 3873; x_wconf 89' lang='lat' dir='ltr'><strong>operis</strong></span> 
     </span>
     <span class='ocr_line' id='line_1_43' title="bbox 165 3868 1380 3961; baseline 0 -27"><span class='ocrx_word' id='word_1_341' title='bbox 165 3871 283 3935; x_wconf 90' lang='lat' dir='ltr'><strong>modus</strong></span> <span class='ocrx_word' id='word_1_342' title='bbox 302 3870 416 3955; x_wconf 87' lang='lat' dir='ltr'><strong>paucis</strong></span> <span class='ocrx_word' id='word_1_343' title='bbox 438 3885 511 3929; x_wconf 89' lang='lat' dir='ltr'><strong>eum</strong></span> <span class='ocrx_word' id='word_1_344' title='bbox 529 3868 657 3932; x_wconf 87' lang='lat' dir='ltr'><strong>narrari</strong></span> <span class='ocrx_word' id='word_1_345' title='bbox 678 3869 782 3935; x_wconf 89' lang='lat' dir='ltr'><strong>iubet.</strong></span> <span class='ocrx_word' id='word_1_346' title='bbox 824 3870 904 3935; x_wconf 88' lang='lat' dir='ltr'><strong>Fuit</strong></span> <span class='ocrx_word' id='word_1_347' title='bbox 920 3872 978 3937; x_wconf 88' lang='lat' dir='ltr'><strong>bic</strong></span> <span class='ocrx_word' id='word_1_348' title='bbox 999 3873 1125 3961; x_wconf 86' lang='lat' dir='ltr'><strong>genitus</strong></span> <span class='ocrx_word' id='word_1_349' title='bbox 1145 3881 1251 3936; x_wconf 86' lang='lat' dir='ltr'><strong>matre</strong></span> <span class='ocrx_word' id='word_1_350' title='bbox 1270 3871 1380 3934; x_wconf 85' lang='lat' dir='ltr'><strong>Luci·</strong></span> 
     </span>
     <span class='ocr_line' id='line_1_44' title="bbox 166 3950 1381 4039; baseline 0.001 -21"><span class='ocrx_word' id='word_1_351' title='bbox 166 3953 232 4028; x_wconf 91' lang='lat' dir='ltr'><strong>lia,</strong></span> <span class='ocrx_word' id='word_1_352' title='bbox 253 3952 367 4037; x_wconf 90' lang='lat' dir='ltr'><strong>stirpis</strong></span> <span class='ocrx_word' id='word_1_353' title='bbox 388 3950 594 4028; x_wconf 83' lang='lat' dir='ltr'><strong>senatoriae,</strong></span> <span class='ocrx_word' id='word_1_354' title='bbox 615 3952 724 4018; x_wconf 89' lang='lat' dir='ltr'><strong>forma</strong></span> <span class='ocrx_word' id='word_1_355' title='bbox 746 3953 922 4033; x_wconf 88' lang='lat' dir='ltr'><strong>excellens,</strong></span> <span class='ocrx_word' id='word_1_356' title='bbox 948 3979 1016 4021; x_wconf 86' lang='lat' dir='ltr'><strong>non</strong></span> <span class='ocrx_word' id='word_1_357' title='bbox 1039 3978 1094 4033; x_wconf 87' lang='lat' dir='ltr'><strong>ea,</strong></span> <span class='ocrx_word' id='word_1_358' title='bbox 1117 3974 1182 4039; x_wconf 89' lang='lat' dir='ltr'><strong>qua</strong></span> <span class='ocrx_word' id='word_1_359' title='bbox 1202 3954 1263 4019; x_wconf 86' lang='lat' dir='ltr'><strong>flos</strong></span> <span class='ocrx_word' id='word_1_360' title='bbox 1283 3975 1381 4019; x_wconf 88' lang='lat' dir='ltr'><strong>com-</strong></span> 
     </span>
     <span class='ocr_line' id='line_1_45' title="bbox 167 4031 1379 4125; baseline 0.001 -25"><span class='ocrx_word' id='word_1_361' title='bbox 167 4035 341 4103; x_wconf 89' lang='lat' dir='ltr'><strong>mendatur</strong></span> <span class='ocrx_word' id='word_1_362' title='bbox 361 4031 495 4123; x_wconf 77' lang='lat' dir='ltr'><strong>aetatis,</strong></span> <span class='ocrx_word' id='word_1_363' title='bbox 516 4033 572 4097; x_wconf 90' lang='lat' dir='ltr'><strong>sed</strong></span> <span class='ocrx_word' id='word_1_364' title='bbox 593 4055 634 4099; x_wconf 88' lang='lat' dir='ltr'><strong>ex</strong></span> <span class='ocrx_word' id='word_1_365' title='bbox 654 4036 812 4124; x_wconf 77' lang='lat' dir='ltr'><strong>dignitate</strong></span> <span class='ocrx_word' id='word_1_366' title='bbox 841 4040 1087 4125; x_wconf 86' lang='lat' dir='ltr'><strong>constantiaque</strong></span> <span class='ocrx_word' id='word_1_367' title='bbox 1099 4081 1108 4114; x_wconf 93' lang='lat'><strong>,</strong></span> <span class='ocrx_word' id='word_1_368' title='bbox 1154 4060 1214 4102; x_wconf 88' lang='lat' dir='ltr'><strong>uae</strong></span> <span class='ocrx_word' id='word_1_369' title='bbox 1235 4037 1379 4102; x_wconf 86' lang='lat' dir='ltr'><strong>inillam</strong></span> 
     </span>
     <span class='ocr_line' id='line_1_46' title="bbox 163 4060 1380 4207; baseline 0 -23"><span class='ocrx_word' id='word_1_370' title='bbox 163 4119 366 4205; x_wconf 23' lang='lat' dir='ltr'><strong>,conveniens</strong></span> <span class='ocrx_word' id='word_1_371' title='bbox 392 4117 641 4203; x_wconf 87' lang='lat' dir='ltr'><strong>amplitudinem</strong></span> <span class='ocrx_word' id='word_1_372' title='bbox 670 4122 922 4207; x_wconf 82' lang='lat' dir='ltr'><strong>fortunamque,</strong></span> <span class='ocrx_word' id='word_1_373' title='bbox 954 4145 1028 4188; x_wconf 88' lang='lat' dir='ltr'><strong>eum</strong></span> <span class='ocrx_word' id='word_1_374' title='bbox 1054 4121 1095 4184; x_wconf 91' lang='lat' dir='ltr'><strong>ad</strong></span> <span class='ocrx_word' id='word_1_375' title='bbox 1121 4060 1271 4186; x_wconf 78' lang='lat' dir='ltr'><strong>ailtimum</strong></span> <span class='ocrx_word' id='word_1_376' title='bbox 1293 4126 1380 4186; x_wconf 81' lang='lat' dir='ltr'><strong>ritae</strong></span> 
     </span>
     <span class='ocr_line' id='line_1_47' title="bbox 167 4200 1379 4292; baseline 0.002 -25"><span class='ocrx_word' id='word_1_377' title='bbox 167 4204 324 4267; x_wconf 86' lang='lat' dir='ltr'><strong>comitata</strong></span> <span class='ocrx_word' id='word_1_378' title='bbox 350 4212 399 4268; x_wconf 89' lang='lat' dir='ltr'><strong>est</strong></span> <span class='ocrx_word' id='word_1_379' title='bbox 426 4203 535 4280; x_wconf 87' lang='lat' dir='ltr'><strong>diem;</strong></span> <span class='ocrx_word' id='word_1_380' title='bbox 569 4200 756 4268; x_wconf 89' lang='lat' dir='ltr'><strong>innocentia</strong></span> <span class='ocrx_word' id='word_1_381' title='bbox 783 4205 941 4281; x_wconf 88' lang='lat' dir='ltr'><strong>eximius,</strong></span> <span class='ocrx_word' id='word_1_382' title='bbox 968 4206 1140 4269; x_wconf 87' lang='lat' dir='ltr'><strong>sanctitate</strong></span> <span class='ocrx_word' id='word_1_383' title='bbox 1160 4206 1379 4292; x_wconf 86' lang='lat' dir='ltr'><strong>praecipuus,</strong></span> 
     </span>
     <span class='ocr_line' id='line_1_48' title="bbox 169 4286 1379 4373; baseline 0.005 -24"><span class='ocrx_word' id='word_1_384' title='bbox 169 4286 358 4373; x_wconf 87' lang='lat' dir='ltr'><strong>eloquentia</strong></span> <span class='ocrx_word' id='word_1_385' title='bbox 377 4286 525 4363; x_wconf 66' lang='lat' dir='ltr'><strong>medior,</strong></span> <span class='ocrx_word' id='word_1_386' title='bbox 545 4286 735 4368; x_wconf 86' lang='lat' dir='ltr'><strong>potentiae,</strong></span> <span class='ocrx_word' id='word_1_387' title='bbox 759 4306 843 4372; x_wconf 88' lang='lat' dir='ltr'><strong>quae</strong></span> <span class='ocrx_word' id='word_1_388' title='bbox 863 4288 1002 4351; x_wconf 78' lang='lat' dir='ltr'><strong>honoris</strong></span> <span class='ocrx_word' id='word_1_389' title='bbox 1023 4309 1133 4352; x_wconf 89' lang='lat' dir='ltr'><strong>caussa</strong></span> <span class='ocrx_word' id='word_1_390' title='bbox 1154 4289 1195 4372; x_wconf 81' lang='lat' dir='ltr'><strong>ud</strong></span> <span class='ocrx_word' id='word_1_391' title='bbox 1217 4311 1292 4354; x_wconf 91' lang='lat' dir='ltr'><strong>eum</strong></span> <span class='ocrx_word' id='word_1_392' title='bbox 1315 4292 1379 4355; x_wconf 85' lang='lat' dir='ltr'><strong>de-</strong></span> 
     </span>
     <span class='ocr_line' id='line_1_49' title="bbox 143 4369 1378 4455; baseline 0.003 -23"><span class='ocrx_word' id='word_1_393' title='bbox 143 4370 335 4447; x_wconf 86' lang='lat' dir='ltr'><strong>·ferretur,</strong></span> <span class='ocrx_word' id='word_1_394' title='bbox 364 4392 432 4435; x_wconf 91' lang='lat' dir='ltr'><strong>non</strong></span> <span class='ocrx_word' id='word_1_395' title='bbox 459 4380 498 4433; x_wconf 90' lang='lat' dir='ltr'><strong>ut</strong></span> <span class='ocrx_word' id='word_1_396' title='bbox 525 4369 566 4433; x_wconf 88' lang='lat' dir='ltr'><strong>ab</strong></span> <span class='ocrx_word' id='word_1_397' title='bbox 598 4390 637 4434; x_wconf 86' lang='lat' dir='ltr'><strong>eo</strong></span> <span class='ocrx_word' id='word_1_398' title='bbox 660 4380 899 4453; x_wconf 87' lang='lat' dir='ltr'><strong>occuparetur,</strong></span> <span class='ocrx_word' id='word_1_399' title='bbox 932 4371 1178 4455; x_wconf 61' lang='lat' dir='ltr'><strong>cupidissimum</strong></span> <span class='ocrx_word' id='word_1_400' title='bbox 1201 4371 1267 4437; x_wconf 83' lang='lat' dir='ltr'><strong>dux</strong></span> <span class='ocrx_word' id='word_1_401' title='bbox 1289 4374 1378 4439; x_wconf 89' lang='lat' dir='ltr'><strong>bello</strong></span> 
     </span>
     <span class='ocr_line' id='line_1_50' title="bbox 145 4451 1382 4559; baseline 0.002 -42"><span class='ocrx_word' id='word_1_402' title='bbox 145 4454 402 4539; x_wconf 84' lang='lat' dir='ltr'><strong>·&#39;p&#39;eritis&#39;simus;</strong></span> <span class='ocrx_word' id='word_1_403' title='bbox 426 4454 505 4518; x_wconf 87' lang='lat' dir='ltr'><strong>ciris</strong></span> <span class='ocrx_word' id='word_1_404' title='bbox 527 4454 563 4517; x_wconf 89' lang='lat' dir='ltr'><strong>in</strong></span> <span class='ocrx_word' id='word_1_405' title='bbox 583 4462 676 4539; x_wconf 86' lang='lat' dir='ltr'><strong>toga,</strong></span> <span class='ocrx_word' id='word_1_406' title='bbox 697 4452 762 4517; x_wconf 90' lang='lat' dir='ltr'><strong>nisi</strong></span> <span class='ocrx_word' id='word_1_407' title='bbox 781 4451 839 4516; x_wconf 89' lang='lat' dir='ltr'><strong>abi</strong></span> <span class='ocrx_word' id='word_1_408' title='bbox 860 4461 1049 4531; x_wconf 86' lang='lat' dir='ltr'><strong>vereretur,</strong></span> <span class='ocrx_word' id='word_1_409' title='bbox 1072 4478 1113 4519; x_wconf 90' lang='lat' dir='ltr'><strong>ne</strong></span> <span class='ocrx_word' id='word_1_410' title='bbox 1131 4476 1226 4559; x_wconf 50' lang='lat' dir='ltr'><strong>mem</strong></span> <span class='ocrx_word' id='word_1_411' title='bbox 1240 4458 1382 4522; x_wconf 80' lang='lat' dir='ltr'><strong>baberet</strong></span> 
     </span>
     <span class='ocr_line' id='line_1_51' title="bbox 168 4535 1379 4637; baseline 0.006 -39"><span class='ocrx_word' id='word_1_412' title='bbox 168 4554 293 4637; x_wconf 87' lang='lat' dir='ltr'><strong>parem,</strong></span> <span class='ocrx_word' id='word_1_413' title='bbox 314 4535 592 4613; x_wconf 85' lang='lat' dir='ltr'><strong>modestissimus;</strong></span> <span class='ocrx_word' id='word_1_414' title='bbox 614 4536 834 4600; x_wconf 85' lang='lat' dir='ltr'><strong>amicitiarum</strong></span> <span class='ocrx_word' id='word_1_415' title='bbox 852 4547 960 4615; x_wconf 87' lang='lat' dir='ltr'><strong>tenax,</strong></span> <span class='ocrx_word' id='word_1_416' title='bbox 984 4537 1018 4600; x_wconf 92' lang='lat' dir='ltr'><strong>in</strong></span> <span class='ocrx_word' id='word_1_417' title='bbox 1039 4540 1167 4605; x_wconf 78' lang='lat' dir='ltr'><strong>offensas</strong></span> <span class='ocrx_word' id='word_1_418' title='bbox 1189 4541 1379 4615; x_wconf 89' lang='lat' dir='ltr'><strong>exorabilis,</strong></span> 
     </span>
     <span class='ocr_line' id='line_1_52' title="bbox 169 4616 1381 4713; baseline 0.004 -31"><span class='ocrx_word' id='word_1_419' title='bbox 169 4641 205 4683; x_wconf 86' lang='lat' dir='ltr'><strong>sn</strong></span> <span class='ocrx_word' id='word_1_420' title='bbox 221 4618 468 4713; x_wconf 78' lang='lat' dir='ltr'><strong>‘reconcilianda</strong></span> <span class='ocrx_word' id='word_1_421' title='bbox 492 4616 597 4707; x_wconf 57' lang='lat' dir='ltr'><strong>mutia</strong></span> <span class='ocrx_word' id='word_1_422' title='bbox 622 4618 849 4701; x_wconf 82' lang='lat' dir='ltr'><strong>fidelissimus,</strong></span> <span class='ocrx_word' id='word_1_423' title='bbox 880 4623 915 4688; x_wconf 90' lang='lat' dir='ltr'><strong>in</strong></span> <span class='ocrx_word' id='word_1_424' title='bbox 941 4621 1132 4710; x_wconf 87' lang='lat' dir='ltr'><strong>accipienda</strong></span> <span class='ocrx_word' id='word_1_425' title='bbox 1158 4625 1381 4691; x_wconf 83' lang='lat' dir='ltr'><strong>satisfactione</strong></span> 
     </span>
    </p>
   </div>
   <div class='ocr_carea' id='block_1_3' title="bbox 0 0 1436 4958">
    <p class='ocr_par' dir='ltr' id='par_1_6' title="bbox 0 0 1436 4958">
     <span class='ocr_line' id='line_1_53' title="bbox 0 0 1436 4958; baseline 0 0"><span class='ocrx_word' id='word_1_426' title='bbox 0 0 1436 4958; x_wconf 95' lang='lat' dir='ltr'><strong> </strong></span> 
     </span>
    </p>
   </div>
  </div>
 </body>
</html>
