2834 4950
429 248 555 329 fflsr.
578 250 703 330 ROM.
724 247 818 329 ΗΒ.
842 249 891 327 11.
1234 273 1282 352 ¹9

57 431 100 483 ut
121 442 183 503 per
201 419 371 480 biennium
395 416 590 479 continuum
618 414 684 478 duo
716 416 855 479 Romani
878 415 1054 492 eonsules,
1075 410 1220 479 Rutilius
1241 436 1280 477 ac

59 502 181 565 deinde
203 504 282 563 Cato
303 500 467 575 Porcius,
494 501 535 562 ab
559 498 710 562 hostibus
737 498 990 575 occiderentur,
1024 500 1187 562 exercitus
1207 520 1280 582 po-

60 580 133 671 puli
153 585 292 647 Rotnani
315 583 425 646 multis
447 583 482 646 in
501 582 584 645 loeis
605 582 842 659 funderentnr3
870 593 972 665 utque
993 582 1035 646 ad
1055 605 1130 667 saga
1152 585 1280 657 iretur,
1344 584 1347 589 '

62 670 188 752 diuque
210 668 244 729 in
265 688 305 729 eo
326 668 443 729 habitu
473 677 672 729 muneretur.
717 668 823 750 Caput
853 665 986 750 imperii
1016 669 1067 729 sui
1099 666 1283 733 Corfinium

57 753 226 839 legerant,
248 751 338 835 quod
360 748 563 836 appellarent
582 750 745 814 Italicam.
786 750 951 812 Paulatim
972 750 1090 814 deinde
1111 749 1282 833 reeipien-

58 837 105 899 do
130 836 166 897 in
188 834 375 909 civitatem,
408 834 465 917 qui
492 854 582 895 arma
611 841 668 895 aut
689 854 755 895 non
775 842 950 917 ceperant,
981 843 1039 897 aut
1061 833 1283 915 deposuerant

57 920 246 991 maturius,
268 918 354 981 vires
373 920 516 981 refectae
537 925 632 991 sunt,
663 916 827 999 Pompeio
848 916 1005 999 Sullaque
1028 925 1061 980 et
1083 918 1191 981 Mario
1215 914 1284 979 llu-

57 1012 195 1145 entemb
207 1002 544 1085 procumbentemque
570 1000 820 1085 Rempublicam
849 1002 968 1087 populi
1001 1002 1142 1065 Romani
1171 1001 1281 1073 resti-q

61 1087 170 1149 tuenti
198 1107 247 1147 us.

101 1168 215 1231 XVII.
247 1166 360 1229 Finito
382 1187 420 1227 ex
443 1163 583 1227 maxima
604 1174 700 1250 parte
712 1211 722 1241 ,
742 1166 805 1229 nisi
827 1187 911 1249 quae
931 1166 1052 1233 Nolani
1073 1166 1153 1231 belli
1168 1188 1284 1232 mane*

57 1252 138 1315 bant
164 1250 347 1333 reliquiae,
365 1247 481 1311 Italico
502 1246 604 1325 bello,
626 1253 708 1332 (quo
731 1249 865 1334 quidem
891 1250 1029 1314 Romani
1055 1253 1151 1315 vietis
1179 1251 1284 1315 adfli-

59 1336 190 1419 ctisque
220 1334 282 1417 ipsi
302 1332 481 1407 exarmati,
501 1354 602 1416 quam
623 1332 743 1418 integri
766 1332 903 1414 integris
931 1335 1091 1401 universis
1114 1335 1282 1405 civitatem

60 1418 142 1480 dare
156 1415 357 1496 maluerunt)
378 1413 590 1478 Consulatum
611 1415 757 1479 inierunt
770 1418 812 1496 Q.
827 1418 1017 1502 Pompeius,
1033 1428 1068 1481 et
1081 1419 1118 1481 L.
1135 1417 1285 1483 Corneli·

63 1522 103 1563 us
118 1500 227 1575 Sulla,
250 1500 320 1574 vir,
342 1497 399 1582 qui
422 1521 528 1583 neque
550 1498 590 1560 ad
612 1499 709 1585 finem
734 1500 894 1564 victoriae
914 1502 992 1563 satis
1011 1501 1139 1569 laudari
1152 1547 1161 1575 ,
1176 1522 1286 1583 neque

61 1592 145 1667 post
157 1582 336 1647 'victoriam
358 1581 487 1645 abunde
508 1583 690 1662 vituperari
709 1593 830 1665 potest.
873 1584 938 1645 Hic
959 1594 1053 1646 natus
1072 1585 1197 1647 familia
1217 1605 1286 1646 no-.

58 1668 150 1745 bili,
167 1675 275 1729 sextus
296 1690 316 1728 a
343 1665 498 1729 Cornelio
520 1664 661 1741 Rufino,
682 1666 741 1750 qui
760 1666 849 1730 bello
870 1666 996 1748 Pyrrhi
1018 1669 1105 1730 inter
1128 1666 1283 1729 celeber-

60 1754 169 1835 rimos
190 1753 298 1831 iuerat
320 1748 430 1825 duces,
448 1772 547 1834 quum
567 1749 709 1812 familiae
725 1750 793 1811 eius
809 1749 973 1813 claritudo
989 1750 1174 1815 intermissa
1189 1759 1284 1823 esset,

60 1836 122 1897 diu
145 1836 192 1896 ita
213 1855 247 1896 se
277 1832 394 1917 gessit,
426 1832 617 1895 utsnultam
643 1832 775 1914 petendi
807 1833 1018 1896 Consulatum
1049 1832 1286 1915 cogitationem

58 1920 189 1981 babere
208 1914 389 1989 rideretur.
431 1915 560 1978 Deinde
580 1925 657 1997 post
678 1916 872 1979 Praeturam
894 1916 1076 1979 illustratus
1099 1916 1188 1979 bello
1214 1919 1286 1977 Ita-

60 2002 157 2077 lieo,
178 2008 212 2063 et
231 2008 307 2061 ante
329 2000 364 2061 in
385 1999 492 2061 Gallia
513 1998 678 2083 legatione
698 2000 759 2061 sub
781 1998 913 2075 Mario,
935 2023 1000 2084 qua
1014 2000 1285 2065 eminentissimos

65 2083 167 2147 duces
187 2081 335 2157 hostium
356 2082 507 2158 fuderat,
541 2104 580 2143 ex
600 2103 750 2145 successu
777 2084 922 2145 animum
942 2085 1079 2160 sumsit,
1106 2091 1287 2167 petensque

66 2164 299 2242 Consulatum,
330 2187 435 2249 paene
468 2165 615 2227 omnium
644 2167 765 2229 civium
797 2166 958 2251 suffragiis
986 2169 1091 2229 iactus
1118 2177 1177 2229 est.
1220 2164 1286 2228 Sed

64 2274 143 2323 eum
164 2250 330 2327 honorem
350 2248 705 2332 undequinquagesimo
723 2251 838 2311 aetatis
852 2272 928 2311 suae
942 2272 1027 2313 anno
1043 2252 1213 2314 adsecutus
1228 2257 1289 2311 est.

104 2334 237 2395 XVIII.
268 2332 336 2395 Per
357 2354 393 2393 ca
416 2340 565 2414 tempora
588 2331 809 2407 Mithridates,
830 2333 990 2397 Ponticus
1011 2355 1087 2408 rex,
1108 2333 1161 2395 vir
1181 2352 1289 2415 neque

64 2416 213 2481 silendus
236 2436 343 2499 neque
365 2413 521 2477 dicendus
542 2416 612 2477 sinc
636 2437 732 2490 eura,
753 2416 842 2479 bello
865 2416 1060 2493 acerrimus,
1081 2418 1205 2480 virtute
1225 2415 1294 2477 exis

64 2502 177 2576 usius,
200 2496 376 2583 aliqnando
397 2500 553 2573 fortuna,
574 2519 703 2581 semper
726 2498 835 2563 animo
858 2500 1033 2575 maximus,
1050 2499 1196 2565 consiliis
1210 2499 1289 2573 dux,

64 2584 164 2647 miles
185 2605 302 2659 manu,
325 2578 405 2644 odio
427 2582 461 2643 in
482 2582 646 2644 Romanos
667 2582 848 2658 Hannibal,
878 2593 1039 2668 occupata
1058 2584 1154 2656 Asia,
1184 2605 1291 2646 ncca-

66 2668 178 2753 tisque
200 2668 236 2731 in
256 2687 294 2729 ea
312 2663 464 2727 omnibns
489 2665 615 2728 civibus
636 2665 811 2743 Romanis,
837 2687 920 2749 quos
941 2668 1076 2749 quidem
1097 2668 1209 2732 eadem
1235 2666 1291 2728 die

69 2760 171 2835 atque
189 2748 297 2849 bora,
319 2746 458 2846 redditis
479 2747 667 2848 eivitatibus
686 2748 820 2824 litteris,
841 2752 966 2833 ingenti
981 2773 1055 2814 eum
1071 2750 1293 2831 pollicitatio-

70 2834 1293 3000 tt.tttttttnttittt.t“f⁸ttt..(ttdtttttttttttltte

68 2997 214 3062 Rhodiis
232 2997 388 3083 perluit.
422 2998 552 3065 Horum
573 2997 668 3059 iidem
692 2999 968 3078 Mytilenaeorum
997 2998 1137 3081 perfidia
1165 2997 1296 3079 illumi-

67 3082 185 3147 navit:
214 3080 271 3165 qui
292 3082 351 3143 M:
373 3078 577 3165 Aquillinm‚
610 3079 758 3164 aliosque
780 3080 967 3145 Mithridati
995 3082 1123 3145 vinctos
1145 3079 1296 3141 tradide-

69 3175 172 3241 runt·,
200 3162 504 3251 quibuslibertas,
537 3163 572 3225 in
598 3163 694 3225 unius
726 3162 939 3246 Theophanis
959 3165 1119 3248 gratiam,
1140 3172 1295 3246 posteaa

67 3249 234 3331 Pompeio
256 3247 408 3311 restituta
429 3253 504 3329 est.)
534 3248 642 3324 Quum
663 3246 825 3310 terribilis
845 3246 960 3309 Italiae
974 3268 1108 3331 quoque
1128 3246 1297 3311 videretur

70 3334 247 3397 imminere
260 3372 278 3405 ,›
300 3340 388 3411 sorte
420 3329 555 3393 obvenit
583 3329 693 3393 Sullae
715 3329 799 3393 ¹Asia
827 3332 1016 3413 provincia.
1067 3333 1117 3407 Is,
1150 3351 1297 3413 egressus

69 3416 181 3491 Urbe,
202 3437 305 3501 quum
325 3415 413 3478 cirea
428 3414 547 3477 Nolam
567 3422 772 3488 moraretur,
795 3416 919 3498 quippe
940 3436 977 3477 ea
998 3414 1078 3477 urbs
1098 3414 1298 3498 pertinacis-

74 3499 171 3577 sime·
185 3518 279 3561 arma
309 3496 495 3573 retinebat,
523 3498 736 3581 exercituque
764 3497 911 3561 Romano
944 3496 1181 3575 obsidebatur,
1207 3497 1299 3560 velut

76 3579 267 3667 poeniteret
294 3580 363 3643 eius
393 3578 491 3656 fidei,
522 3602 621 3663 quam
651 3582 798 3649 omnium
824 3580 1059 3647 sanctissimam
1078 3581 1168 3644 bello
1190 3603 1298 3666 prae-

74 3664 208 3729 stiterat
228 3663 379 3729 Punico:
400 3664 441 3727 P.
461 3662 645 3747 Sulpicius,
668 3664 835 3727 Tribunus
856 3664 984 3749 plebis,
1007 3663 1171 3737 disertus,
1199 3685 1295 3740 acer,

75 3746 218 3833 opibus,
240 3748 365 3833 gratia,
387 3746 561 3820 amicitiis,
589 3747 704 3831 vigore
730 3749 851 3830 ingenii
874 3758 973 3831 atque
993 3745 1094 3809 animi
1115 3744 1299 3809 celeberri-

71 3830 174 3919 auus„
190 3854 293 3917 quum
314 3840 415 3894 antea·
429 3830 624 3905 rectissima·
641 3831 808 3895 voluntate
832 3833 919 3914 apud
943 3830 1105 3914 populum
1126 3829 1300 3893 maximam

99 3914 258 3979 uaesisset
288 3912 504 4000 dignitatem,
532 3914 623 3996 quasi
650 3914 781 3998 pigeret
810 3934 883 3975 eum
907 3912 1065 3976 virtutum
1089 3933 1244 3987 suarum:
1267 3921 1301 3975 et

73 3940 163 4083 bene
184 3997 335 4063 consulta
367 3997 397 4059 ei
419 3994 504 4063 male
524 3996 697 4083 cederent,
731 3996 841 4059 subito
862 4016 982 4077 pravus
1004 4005 1038 4060 et
1058 4016 1239 4080 praeceps,
1263 3996 1300 4057 C.

79 4080 214 4159 biario,
241 4090 320 4165 post
349 4080 440 4143 Lxx
463 4101 603 4155 annum,
636 4080 745 4145 omnia
767 4079 906 4163 imperia
927 4088 961 4143 ct
983 4101 1093 4142 omnes
1113 4080 1302 4161 provincias

81 4165 330 4269 eoueupisceuti
358 4162 507 4237 addixit,
536 4162 708 4245 legemque
738 4164 779 4227 ad
800 4161 962 4246 populum
982 4161 1080 4238 tulit,
1109 4186 1172 4263 qua
1192 4161 1303 4261 Sullae

79 4250 511 4416 tttttttltftttgtt
526 4245 1306 4412 ,tnhtffltsittttfi‘tttdtttitz

78 4414 139 4485 des
160 4414 287 4481 liberae
308 4413 447 4491 civitati,
464 4413 563 4477 tulit:
587 4414 668 4497 quin
685 4414 783 4479 etiam
800 4415 842 4492 Q.
858 4414 1011 4495 Pompeii
1027 4411 1176 4475 Consulis
1190 4412 1306 4485 lilium,

80 4498 290 4649 sopitamque
329 4496 440 4567 Sullas
480 4519 663 4586 generum,
706 4520 768 4584 per
809 4499 997 4564 emissarios
1036 4496 1192 4562 factionis
1234 4516 1315 4555 suae

82 4606 117 4647 an
186 4604 267 4647 ees·
929 4624 933 4629 ·
