2834 4950
194 248 265 343 nu
289 258 901 367 camminatas-141⁵.
927 208 986 367 aa.
1007 294 1067 377 ¹7·
1177 279 1252 376 245

39 453 126 495 rum
150 440 335 512 expertem,
356 431 527 494 socordiae
548 433 697 496 ridetur:
728 434 817 518 quod
838 434 936 520 louge
958 456 1050 501 secus
1073 445 1132 514 est,
1156 438 1298 523 quomis

44 516 156 583 nasius
178 514 265 575 haud
287 514 385 576 dubie
406 516 467 588 sit,
489 537 595 599 neque
615 539 810 601 quemquam
830 519 964 581 turbare
984 542 1095 589 susum
1115 544 1256 604 compo-

46 599 131 672 sita,
154 619 261 681 neque
281 598 387 679 ipsum
408 598 589 660 ostentandi
608 602 659 661 sui
680 601 802 663 bellum
822 603 937 664 fecisse
956 603 1074 686 quietis
1092 607 1253 689 gentihus.

47 682 141 761 Quin
156 681 266 757 ctiam,
281 681 425 743 maribus
436 683 622 756 frustratus,
638 684 723 747 filiae
737 685 1035 771 viroRaipubIIcae
1048 689 1252 753 consultavit.
1276 688 1298 753 6

478 833 701 899 CAPUT
741 836 869 902 xva>

330 936 368 978 Ι·
390 934 542 982 acuamus
562 940 731 984 moruus
752 943 791 982 st·
811 941 840 985 t.
862 940 988 985 VERUS·-

54 1068 58 1073 .
91 1019 241 1104 Namque
261 1016 307 1075 Μ.
330 1015 527 1092 Βοὶοηίιιιιι,“
539 1023 595 1102 qni
611 1011 763 1083 Aurelius
775 1020 959 1084 Antoninus
972 1021 1125 1098 hahetur,
1141 1021 1258 1086 eodem

46 1103 200 1186 oppido,
222 1099 295 1185 pari
317 1098 511 1178 nobilitate,
532 1103 791 1203 philosophandi
812 1102 889 1167 vero'
910 1105 1181 1190 eloquentiaeque
1194 1115 1261 1167 stu·
1298 1102 1301 1107 ’

46 1186 114 1248 diis
144 1187 242 1268 louge
270 1191 507 1266 praestantem,
540 1189 574 1248 in
604 1187 760 1249 familiam
786 1196 883 1273 atque
913 1189 1087 1273 imperium
1107 1190 1258 1252 adscivit.

46 1271 152 1331 Cuius
181 1269 289 1331 diuina
323 1267 434 1327 omniu
461 1269 549 1331 domi
576 1271 778 1354 militiaeque
803 1273 886 1333 lacta
912 1272 1140 1356 consultaque:
1174 1295 1257 1357 quae
1277 1293 1299 1336 a
1376 1308 1379 1321 ‹

45 1351 271 1434 imprudentia
293 1348 451 1431 regendae
470 1354 619 1436 coniugis
643 1355 865 1416 attaminavit:
888 1376 972 1439 quae
993 1356 1026 1417 in
1044 1363 1171 1417 tantum
1193 1356 1258 1438 pe-'

46 1436 209 1497 talantiae
231 1442 451 1516 proruperat,
474 1445 530 1509 ut,
554 1438 587 1497 iu
609 1436 781 1519 Campania
801 1437 932 1513 sedens,
952 1458 1086 1499 amoena
1105 1439 1258 1500 littorum

52 1518 238 1591 obsideret,
260 1515 301 1577 ad
321 1515 474 1597 legendos
494 1538 533 1580 cr
552 1521 710 1593 nauticis,
732 1521 808 1602 qula
828 1520 1021 1603 plerumque
1043 1520 1121 1583 nudi
1143 1529 1254 1604 agunt,

51 1601 184 1685 flagitiis
206 1601 363 1683 aptiores.
406 1601 513 1684 Igitur
531 1601 695 1677 Aurelius,
717 1623 833 1663 socero
855 1603 941 1686 apud
960 1604 1078 1665 Lorios
1099 1626 1182 1664 auno
1204 1604 1258 1664 vi·
1276 1601 1299 1664 5

10 1738 20 1747 .
50 1691 105 1745 tae
134 1680 209 1767 post
238 1684 389 1765 quintum
410 1692 443 1745 et
462 1687 731 1769 septuagesimum
752 1695 904 1761 mortuo,
929 1687 1100 1753 confestim
1120 1689 1255 1747 fratrem

49 1766 189 1831 Lucium
219 1767 343 1826 Verum
375 1767 408 1827 in
438 1770 627 1830 societatem
655 1767 822 1849 potentiae
857 1770 998 1851 accepit.··
1046 1768 1124 1831 Eius
1155 1769 1297 1845 ductud

50 1848 190 1925 Persae,
223 1872 323 1933 quum
349 1850 493 1929 primum
522 1854 779 1932 superavissent,
808 1850 849 1913 ad
879 1862 1059 1913 extremum
1086 1853 1254 1934 triumpho

49 1953 187 2006 cessere,
208 1954 285 2015 rege
307 1931 484 2015 Vologese.
527 1934 646 1996 Lucius
665 1933 778 2017 paucis
798 1933 914 1996 diebus
932 1937 1092 2009 moritur,
1114 1935 1257 2017 hincque
1276 1930 1296 1996 5

47 2017 202 2079 materies
217 2014 368 2096 fingendi,
384 2016 463 2080 dolo
478 2016 708 2103 consanguinei
723 2017 999 2080 circumventum:
1023 2039 1120 2101 quem
1133 2019 1255 2093 serunt,
1297 2034 1300 2041 '

45 2119 151 2183 quum
175 2098 295 2161 invidia
316 2108 477 2182 gestarum
500 2123 609 2164 rernm
633 2108 826 2186 angeretur,
847 2101 993 2164 fraudem
1017 2103 1104 2163 inter
1122 2114 1259 2164 coenam

42 2184 243 2245 dxercuisse.
286 2182 433 2266 Namque
461 2184 520 2247 lita
550 2205 686 2265 veneno,
703 2184 801 2245 cultri
822 2194 933 2265 purte,
961 2184 1075 2247 vulvae
1095 2185 1255 2258 frustum,

31 2265 141 2350 quod
163 2265 203 2326 de
227 2265 386 2327 industria
408 2266 515 2330 solum
540 2274 630 2340 erat,
655 2288 695 2328 eo
715 2268 897 2349 praecidit,
919 2277 1156 2350 consumtoque
1177 2288 1258 2341 uno,

33 2350 100 2413 uti
131 2369 202 2410 mos
234 2358 283 2409 est
310 2348 397 2411 inter
424 2349 623 2423 familiares,
655 2349 814 2421 alterum,
842 2371 905 2432 qua
935 2351 1024 2412 virus
1052 2349 1255 2430 contigerat,

21 2440 204 2517 ‘germano
235 2432 396 2514 porrexit.
439 2433 530 2495 Haec
558 2433 593 2494 iu
612 2440 704 2492 tanto
726 2431 798 2493 viro
821 2431 977 2505 credere,
1002 2432 1065 2493 nisi
1091 2432 1190 2491 animi
1215 2431 1256 2492 ad
1277 2428 1297 2490 6

29 2515 154 2578 flcelus
177 2515 298 2596 proni,
325 2536 393 2575 non
413 2523 548 2595 queunt.
590 2513 723 2596 Quippe
749 2524 850 2595 quum
876 2512 1013 2574 Lucium
1033 2512 1110 2574 satis
1130 2522 1296 2597 constctp

10 2597 168 2679 Altini,
188 2597 346 2658 Venetiae
369 2596 464 2669 urba,
485 2605 701 2669 consumtum,
723 2602 913 2679 tantumque
933 2598 1046 2658 Marco
1068 2594 1257 2676 sapientiae,

31 2676 259 2750 lenitudinis,
283 2679 488 2740 innocentiae
506 2701 543 2740 ac
565 2679 751 2741 litterarum
773 2678 892 2753 fuisse,
915 2687 953 2739 ut
976 2678 1020 2748 is,
1042 2678 1257 2739 Marcoman-

33 2782 112 2827 nos
135 2783 207 2822 cum
232 2761 301 2821 filio
329 2761 527 2836 Commodo,
554 2783 650 2846 quem
673 2761 840 2830 Caesarem
864 2761 1049 2834 suffecerat,
1071 2761 1255 2843 petiturus,

35 2842 328 2932 philosophorum
367 2843 600 2913 obtestantium
643 2845 812 2925 [corona]
847 2843 1184 2920 circumfunderetur,
1217 2865 1258 2906 ne

37 2949 85 2992 ee
121 2926 321 3008 expeditioni
354 2936 411 2987 aut
440 2948 568 3012 pugnae
600 2928 692 3010 prius
725 2929 972 3001 committeret,
1015 2948 1112 3010 quam
1143 2934 1256 2989 secta-

44 3032 125 3078 rum
149 3010 250 3071 ardua
275 3017 307 3069 et
333 3010 460 3071 occulta
482 3010 724 3093 explanavisset.
767 3010 817 3071 Ita
837 3011 959 3072 incerta
980 3009 1058 3071 belli
1074 3009 1142 3071 eius
1155 3008 1257 3072 salute
1277 3002 1297 3070 8

46 3094 222 3163 doctrinae
240 3092 357 3163 studiis
376 3094 620 3159 metuebantur:
642 3100 832 3175 tantumque
847 3093 903 3155 illo
920 3096 1100 3176 imperante
1113 3091 1257 3173 floruere

47 3186 137 3240 artes
158 3174 283 3252 bonae,
315 3184 353 3239 ut
378 3174 468 3239 illam
486 3176 625 3263 gloriam
645 3176 742 3239 etiam
764 3185 948 3258 temporum
969 3183 1093 3259 putem.
1136 3176 1298 3261 Legumq

46 3260 201 3343 ambigua
220 3258 304 3321 mire
323 3256 498 3335 distincta,
519 3258 846 3341 vadimoniorumque
867 3258 1003 3325 solemni
1025 3266 1175 3333 remoto,
1196 3257 1257 3322 de-

45 3341 312 3425 nuntiandaeque
336 3341 405 3404 litis
433 3342 694 3427 operiendusque
714 3341 755 3403 ad
776 3342 863 3405 diem
883 3338 1055 3407 commode
1077 3341 1125 3404 ius
1146 3341 1257 3407 iutro-

48 3426 197 3487 ductum.
238 3430 322 3489 Data
349 3426 475 3489 cunctis
501 3427 662 3511 promissa
692 3425 805 3487 civitas
826 3425 989 3498 Romana,
1017 3423 1136 3486 multae
1158 3424 1296 3488 urhesro

50 3506 224 3578 conditae,
246 3508 424 3586 deductae,
447 3511 623 3593 repositae,
646 3518 864 3594 orbataeque3
887 3517 985 3592 atque
1005 3508 1154 3590 inprimis
1167 3508 1258 3570 Poe-

49 3609 174 3649 norum
208 3590 397 3673 Carthago,
434 3614 531 3675 quam
566 3593 649 3676 ignia
686 3590 783 3654 Ioede
816 3588 1063 3664 consumserat,
1098 3590 1258 3674 Asiaeque

48 3670 213 3753 Ephesus,
234 3692 272 3734 ac
291 3673 463 3754 Bithyniae
481 3674 685 3749 Nicomedia,
707 3684 890 3737 constratae
910 3685 1019 3736 terrae
1033 3684 1136 3746 motu,
1153 3694 1255 3755 aeque
1339 3720 1346 3741 ,

50 3777 92 3816 ac
114 3761 228 3814 nostra
252 3762 356 3816 aetate
376 3757 566 3820 Nicomedia
591 3756 715 3820 Cereali
738 3758 887 3821 Consule.
931 3754 1106 3833 Triumphi
1129 3755 1193 3815 acti
1217 3773 1296 3819 exrt

22 3837 262 3911 mationibus,
289 3857 377 3920 quae
404 3840 475 3922 regi
503 3844 708 3902 Marcomaro
741 3839 781 3900 ah
813 3862 915 3923 usque
944 3839 1026 3901 urbe
1046 3837 1254 3912 Pannoniae,

50 3921 108 3985 cui
130 3921 275 3983 Carnuto
296 3940 415 3985 noman
436 3931 495 3996 est,
517 3923 558 3985 ad
579 3922 685 3986 media
707 3921 876 3984 Gallorum
890 3920 1181 4004 protendebantur.
1205 3920 1298 3984 Itara

51 4025 138 4069 auno
160 4003 291 4086 imperii
314 4011 429 4065 octavo
452 4004 662 4090 decimoque,
684 4005 755 4068 aeri
776 4005 933 4078 validior,
953 4004 1176 4077 Vandqbonae
1197 4003 1256 4066 iu-

52 4087 164 4161 teriit,
188 4087 328 4149 maximo
349 4088 473 4167 gemitu
498 4088 689 4153 mortalium
717 4090 873 4151 omnium.
916 4087 1087 4169 Denique,
1119 4087 1177 4171 qui
1197 4083 1299 4149 sse-13

52 4168 156 4237 iuncti
176 4172 210 4232 iu
231 4168 324 4243 aliis,
345 4170 460 4234 Patres
478 4194 517 4237 sc
537 4172 672 4256 vulgus,
696 4170 759 4235 soli
781 4172 889 4236 omnia
910 4168 1103 4244 decrevere,
1124 4167 1256 4257 templa,
1310 4174 1312 4179 ⁴

53 4250 240 4329 columnas,
265 4253 462 4323 sacerdotes.

467 4399 694 4465 CAPUT
734 4400 844 4463 XVII.

441 4506 472 4548 1..
494 4505 645 4549 Annuus
672 4504 862 4549 COMMODUS·

86 4585 135 4653 ,ts
150 4585 237 4659 tilius
263 4606 355 4655 sunu
377 4612 395 4653 a
414 4589 591 4681 principio
614 4586 853 4662 dominatione
876 4586 1113 4655 detestabilior
1127 4580 1295 4647 amaba-
1389 4682 1394 4691 ἱ
