<?xml version="1.0" encoding="UTF-8"?>
<!DOCTYPE html PUBLIC "-//W3C//DTD XHTML 1.0 Transitional//EN"
    "http://www.w3.org/TR/xhtml1/DTD/xhtml1-transitional.dtd">
<html xmlns="http://www.w3.org/1999/xhtml" xml:lang="en" lang="en">
 <head>
  <title>
</title>
<meta http-equiv="Content-Type" content="text/html;charset=utf-8" />
  <meta name='ocr-system' content='tesseract 3.04.00' />
  <meta name='ocr-capabilities' content='ocr_page ocr_carea ocr_par ocr_line ocrx_word'/>
</head>
<body>
  <div class='ocr_page' id='page_1' title='image "./scriptoreshisto00fiedgoog_0086.png"; bbox 0 0 2850 4958; ppageno 0'>
   <div class='ocr_carea' id='block_1_1' title="bbox 454 252 1305 358">
    <p class='ocr_par' dir='ltr' id='par_1_1' title="bbox 454 252 1305 358">
     <span class='ocr_line' id='line_1_1' title="bbox 454 252 1305 358; baseline 0.001 -1"><span class='ocrx_word' id='word_1_1' title='bbox 454 268 842 358; x_wconf 61' lang='lat' dir='ltr'><strong>fflsraaou&#39;ua.</strong></span> <span class='ocrx_word' id='word_1_2' title='bbox 868 280 915 357; x_wconf 91' lang='lat' dir='ltr'><strong>u.</strong></span> <span class='ocrx_word' id='word_1_3' title='bbox 1256 252 1305 358; x_wconf 79' lang='lat' dir='ltr'><strong>t&#39;a</strong></span> 
     </span>
    </p>
   </div>
   <div class='ocr_carea' id='block_1_2' title="bbox 69 442 1348 4745">
    <p class='ocr_par' dir='ltr' id='par_1_2' title="bbox 69 442 1316 2135">
     <span class='ocr_line' id='line_1_2' title="bbox 83 442 1307 543; baseline -0.002 -24"><span class='ocrx_word' id='word_1_4' title='bbox 83 442 235 543; x_wconf 77' lang='lat' dir='ltr'><strong>gestum,</strong></span> <span class='ocrx_word' id='word_1_5' title='bbox 258 448 690 539; x_wconf 78' lang='lat' dir='ltr'><strong>quibusdam-sustentatum</strong></span> <span class='ocrx_word' id='word_1_6' title='bbox 707 451 870 514; x_wconf 70' lang='lat' dir='ltr'><strong>feliciter:</strong></span> <span class='ocrx_word' id='word_1_7' title='bbox 893 456 1001 535; x_wconf 85' lang='lat' dir='ltr'><strong>eoque</strong></span> <span class='ocrx_word' id='word_1_8' title='bbox 1019 448 1158 513; x_wconf 80' lang='lat' dir='ltr'><strong>nomine</strong></span> <span class='ocrx_word' id='word_1_9' title='bbox 1174 450 1307 517; x_wconf 84' lang='lat' dir='ltr'><strong>decreta</strong></span> 
     </span>
     <span class='ocr_line' id='line_1_3' title="bbox 85 535 1305 623; baseline -0.002 -20"><span class='ocrx_word' id='word_1_10' title='bbox 85 542 121 603; x_wconf 88' lang='lat' dir='ltr'><strong>ei</strong></span> <span class='ocrx_word' id='word_1_11' title='bbox 143 562 217 605; x_wconf 85' lang='lat' dir='ltr'><strong>curn</strong></span> <span class='ocrx_word' id='word_1_12' title='bbox 237 538 476 623; x_wconf 86' lang='lat' dir='ltr'><strong>speciosissima</strong></span> <span class='ocrx_word' id='word_1_13' title='bbox 498 535 714 618; x_wconf 71' lang='lat' dir='ltr'><strong>inscriptione</strong></span> <span class='ocrx_word' id='word_1_14' title='bbox 736 556 875 617; x_wconf 87' lang='lat' dir='ltr'><strong>operum</strong></span> <span class='ocrx_word' id='word_1_15' title='bbox 897 544 1087 596; x_wconf 87' lang='lat' dir='ltr'><strong>ornamento</strong></span> <span class='ocrx_word' id='word_1_16' title='bbox 1110 536 1305 621; x_wconf 87' lang='lat' dir='ltr'><strong>triumpha·</strong></span> 
     </span>
     <span class='ocr_line' id='line_1_4' title="bbox 87 620 1306 705; baseline 0 -19"><span class='ocrx_word' id='word_1_17' title='bbox 87 623 146 699; x_wconf 87' lang='lat' dir='ltr'><strong>lia.</strong></span> <span class='ocrx_word' id='word_1_18' title='bbox 189 624 263 684; x_wconf 89' lang='lat' dir='ltr'><strong>Hoc</strong></span> <span class='ocrx_word' id='word_1_19' title='bbox 285 631 412 705; x_wconf 89' lang='lat' dir='ltr'><strong>tempus</strong></span> <span class='ocrx_word' id='word_1_20' title='bbox 433 643 505 693; x_wconf 87' lang='lat' dir='ltr'><strong>me,</strong></span> <span class='ocrx_word' id='word_1_21' title='bbox 538 623 685 682; x_wconf 90' lang='lat' dir='ltr'><strong>functum</strong></span> <span class='ocrx_word' id='word_1_22' title='bbox 710 629 784 680; x_wconf 87' lang='lat' dir='ltr'><strong>ante</strong></span> <span class='ocrx_word' id='word_1_23' title='bbox 809 620 1016 693; x_wconf 79' lang='lat' dir='ltr'><strong>Tribunatu,</strong></span> <span class='ocrx_word' id='word_1_24' title='bbox 1046 630 1228 684; x_wconf 89' lang='lat' dir='ltr'><strong>castrorum</strong></span> <span class='ocrx_word' id='word_1_25' title='bbox 1253 624 1306 688; x_wconf 88' lang='lat' dir='ltr'><strong>Ti.</strong></span> 
     </span>
     <span class='ocr_line' id='line_1_5' title="bbox 87 698 1308 787; baseline 0.001 -17"><span class='ocrx_word' id='word_1_26' title='bbox 87 706 236 770; x_wconf 76' lang='lat' dir='ltr'><strong>Caesaris</strong></span> <span class='ocrx_word' id='word_1_27' title='bbox 265 706 405 767; x_wconf 90' lang='lat' dir='ltr'><strong>militem</strong></span> <span class='ocrx_word' id='word_1_28' title='bbox 436 704 527 766; x_wconf 90' lang='lat' dir='ltr'><strong>fecit.</strong></span> <span class='ocrx_word' id='word_1_29' title='bbox 572 698 704 786; x_wconf 81' lang='lat' dir='ltr'><strong>Quippe</strong></span> <span class='ocrx_word' id='word_1_30' title='bbox 731 700 885 787; x_wconf 85' lang='lat' dir='ltr'><strong>protinus</strong></span> <span class='ocrx_word' id='word_1_31' title='bbox 917 703 957 763; x_wconf 90' lang='lat' dir='ltr'><strong>ab</strong></span> <span class='ocrx_word' id='word_1_32' title='bbox 990 702 1169 785; x_wconf 70' lang='lat' dir='ltr'><strong>adoptione</strong></span> <span class='ocrx_word' id='word_1_33' title='bbox 1194 704 1308 771; x_wconf 84' lang='lat' dir='ltr'><strong>missus</strong></span> 
     </span>
     <span class='ocr_line' id='line_1_6' title="bbox 85 787 1307 875; baseline 0 -22"><span class='ocrx_word' id='word_1_34' title='bbox 85 814 165 854; x_wconf 89' lang='lat' dir='ltr'><strong>cum</strong></span> <span class='ocrx_word' id='word_1_35' title='bbox 188 812 228 853; x_wconf 88' lang='lat' dir='ltr'><strong>eo</strong></span> <span class='ocrx_word' id='word_1_36' title='bbox 249 789 439 851; x_wconf 80' lang='lat' dir='ltr'><strong>Praefectus</strong></span> <span class='ocrx_word' id='word_1_37' title='bbox 454 788 607 872; x_wconf 62' lang='lat' dir='ltr'><strong>,equitum</strong></span> <span class='ocrx_word' id='word_1_38' title='bbox 627 787 660 847; x_wconf 93' lang='lat' dir='ltr'><strong>in</strong></span> <span class='ocrx_word' id='word_1_39' title='bbox 683 788 907 860; x_wconf 77' lang='lat' dir='ltr'><strong>Germaniam,</strong></span> <span class='ocrx_word' id='word_1_40' title='bbox 930 808 1097 849; x_wconf 83' lang='lat' dir='ltr'><strong>successor</strong></span> <span class='ocrx_word' id='word_1_41' title='bbox 1118 787 1215 850; x_wconf 89' lang='lat' dir='ltr'><strong>officii</strong></span> <span class='ocrx_word' id='word_1_42' title='bbox 1239 814 1307 875; x_wconf 80' lang='lat' dir='ltr'><strong>pa-</strong></span> 
     </span>
     <span class='ocr_line' id='line_1_7' title="bbox 81 872 1310 954; baseline 0 -15"><span class='ocrx_word' id='word_1_43' title='bbox 81 876 149 939; x_wconf 84' lang='lat' dir='ltr'><strong>tris</strong></span> <span class='ocrx_word' id='word_1_44' title='bbox 180 872 268 947; x_wconf 86' lang='lat' dir='ltr'><strong>mci,</strong></span> <span class='ocrx_word' id='word_1_45' title='bbox 299 873 612 935; x_wconf 86' lang='lat' dir='ltr'><strong>coelestissimorum</strong></span> <span class='ocrx_word' id='word_1_46' title='bbox 638 872 712 933; x_wconf 87' lang='lat' dir='ltr'><strong>-eius</strong></span> <span class='ocrx_word' id='word_1_47' title='bbox 745 894 883 954; x_wconf 89' lang='lat' dir='ltr'><strong>operum</strong></span> <span class='ocrx_word' id='word_1_48' title='bbox 909 891 972 952; x_wconf 89' lang='lat' dir='ltr'><strong>per</strong></span> <span class='ocrx_word' id='word_1_49' title='bbox 1001 893 1102 932; x_wconf 90' lang='lat' dir='ltr'><strong>annos</strong></span> <span class='ocrx_word' id='word_1_50' title='bbox 1134 875 1310 939; x_wconf 83' lang='lat' dir='ltr'><strong>continuos</strong></span> 
     </span>
     <span class='ocr_line' id='line_1_8' title="bbox 69 950 1309 1039; baseline -0.002 -16"><span class='ocrx_word' id='word_1_51' title='bbox 69 960 141 1039; x_wconf 67' lang='lat' dir='ltr'><strong>IX.</strong></span> <span class='ocrx_word' id='word_1_52' title='bbox 155 958 347 1019; x_wconf 83' lang='lat' dir='ltr'><strong>Praefectus</strong></span> <span class='ocrx_word' id='word_1_53' title='bbox 368 950 600 1039; x_wconf 73' lang='lat' dir='ltr'><strong>cathegetas,</strong></span> <span class='ocrx_word' id='word_1_54' title='bbox 623 966 791 1036; x_wconf 88' lang='lat' dir='ltr'><strong>spectator</strong></span> <span class='ocrx_word' id='word_1_55' title='bbox 812 965 843 1016; x_wconf 91' lang='lat' dir='ltr'><strong>et</strong></span> <span class='ocrx_word' id='word_1_56' title='bbox 862 976 925 1038; x_wconf 91' lang='lat' dir='ltr'><strong>pro</strong></span> <span class='ocrx_word' id='word_1_57' title='bbox 950 964 1047 1037; x_wconf 91' lang='lat' dir='ltr'><strong>captu</strong></span> <span class='ocrx_word' id='word_1_58' title='bbox 1068 957 1309 1023; x_wconf 80' lang='lat' dir='ltr'><strong>mediocritatis</strong></span> 
     </span>
     <span class='ocr_line' id='line_1_9' title="bbox 81 1040 1309 1125; baseline -0.002 -16"><span class='ocrx_word' id='word_1_59' title='bbox 81 1064 183 1109; x_wconf 84' lang='lat' dir='ltr'><strong>meae</strong></span> <span class='ocrx_word' id='word_1_60' title='bbox 203 1040 338 1103; x_wconf 89' lang='lat' dir='ltr'><strong>adiutor</strong></span> <span class='ocrx_word' id='word_1_61' title='bbox 358 1044 419 1104; x_wconf 87' lang='lat' dir='ltr'><strong>fui.</strong></span> <span class='ocrx_word' id='word_1_62' title='bbox 463 1044 584 1125; x_wconf 83' lang='lat' dir='ltr'><strong>Neque·</strong></span> <span class='ocrx_word' id='word_1_63' title='bbox 598 1040 648 1102; x_wconf 92' lang='lat' dir='ltr'><strong>illi</strong></span> <span class='ocrx_word' id='word_1_64' title='bbox 670 1040 879 1124; x_wconf 87' lang='lat' dir='ltr'><strong>spectaculo,</strong></span> <span class='ocrx_word' id='word_1_65' title='bbox 902 1061 969 1121; x_wconf 88' lang='lat' dir='ltr'><strong>quo</strong></span> <span class='ocrx_word' id='word_1_66' title='bbox 992 1042 1118 1102; x_wconf 89' lang='lat' dir='ltr'><strong>fructus</strong></span> <span class='ocrx_word' id='word_1_67' title='bbox 1140 1064 1232 1119; x_wconf 88' lang='lat' dir='ltr'><strong>sum,</strong></span> <span class='ocrx_word' id='word_1_68' title='bbox 1255 1046 1309 1106; x_wconf 88' lang='lat' dir='ltr'><strong>si·</strong></span> 
     </span>
     <span class='ocr_line' id='line_1_10' title="bbox 81 1122 1312 1209; baseline 0.002 -22"><span class='ocrx_word' id='word_1_69' title='bbox 81 1128 169 1195; x_wconf 77' lang='lat' dir='ltr'><strong>mile</strong></span> <span class='ocrx_word' id='word_1_70' title='bbox 192 1126 339 1188; x_wconf 91' lang='lat' dir='ltr'><strong>conditio</strong></span> <span class='ocrx_word' id='word_1_71' title='bbox 362 1126 511 1189; x_wconf 88' lang='lat' dir='ltr'><strong>mortalis</strong></span> <span class='ocrx_word' id='word_1_72' title='bbox 532 1126 682 1206; x_wconf 90' lang='lat' dir='ltr'><strong>recipere</strong></span> <span class='ocrx_word' id='word_1_73' title='bbox 702 1122 834 1186; x_wconf 85' lang='lat' dir='ltr'><strong>videtur</strong></span> <span class='ocrx_word' id='word_1_74' title='bbox 847 1122 946 1199; x_wconf 91' lang='lat' dir='ltr'><strong>mihi·‚</strong></span> <span class='ocrx_word' id='word_1_75' title='bbox 971 1146 1071 1205; x_wconf 89' lang='lat' dir='ltr'><strong>quum</strong></span> <span class='ocrx_word' id='word_1_76' title='bbox 1085 1147 1147 1209; x_wconf 92' lang='lat' dir='ltr'><strong>per</strong></span> <span class='ocrx_word' id='word_1_77' title='bbox 1162 1127 1312 1190; x_wconf 89' lang='lat' dir='ltr'><strong>celeber-</strong></span> 
     </span>
     <span class='ocr_line' id='line_1_11' title="bbox 82 1209 1310 1294; baseline -0.003 -17"><span class='ocrx_word' id='word_1_78' title='bbox 82 1215 210 1277; x_wconf 83' lang='lat' dir='ltr'><strong>rimam</strong></span> <span class='ocrx_word' id='word_1_79' title='bbox 231 1210 347 1272; x_wconf 89' lang='lat' dir='ltr'><strong>Italiae</strong></span> <span class='ocrx_word' id='word_1_80' title='bbox 367 1219 512 1294; x_wconf 86' lang='lat' dir='ltr'><strong>partem,</strong></span> <span class='ocrx_word' id='word_1_81' title='bbox 535 1219 743 1294; x_wconf 82' lang='lat' dir='ltr'><strong>tractumque</strong></span> <span class='ocrx_word' id='word_1_82' title='bbox 765 1229 894 1271; x_wconf 91' lang='lat' dir='ltr'><strong>omnem</strong></span> <span class='ocrx_word' id='word_1_83' title='bbox 910 1209 1035 1272; x_wconf 87' lang='lat' dir='ltr'><strong>Galliae</strong></span> <span class='ocrx_word' id='word_1_84' title='bbox 1049 1211 1310 1291; x_wconf 84' lang='lat' dir='ltr'><strong>provinciarum,</strong></span> 
     </span>
     <span class='ocr_line' id='line_1_12' title="bbox 72 1292 1311 1378; baseline -0.001 -19"><span class='ocrx_word' id='word_1_85' title='bbox 72 1304 238 1369; x_wconf 66' lang='lat' dir='ltr'><strong>,veterem</strong></span> <span class='ocrx_word' id='word_1_86' title='bbox 252 1296 491 1377; x_wconf 88' lang='lat' dir='ltr'><strong>Imperatorem</strong></span> <span class='ocrx_word' id='word_1_87' title='bbox 514 1303 547 1358; x_wconf 89' lang='lat' dir='ltr'><strong>et</strong></span> <span class='ocrx_word' id='word_1_88' title='bbox 567 1302 641 1357; x_wconf 88' lang='lat' dir='ltr'><strong>ante</strong></span> <span class='ocrx_word' id='word_1_89' title='bbox 662 1292 788 1356; x_wconf 86' lang='lat' dir='ltr'><strong>meritis</strong></span> <span class='ocrx_word' id='word_1_90' title='bbox 810 1313 847 1354; x_wconf 89' lang='lat' dir='ltr'><strong>ac</strong></span> <span class='ocrx_word' id='word_1_91' title='bbox 869 1294 1013 1367; x_wconf 80' lang='lat' dir='ltr'><strong>viribus,</strong></span> <span class='ocrx_word' id='word_1_92' title='bbox 1037 1316 1134 1378; x_wconf 89' lang='lat' dir='ltr'><strong>quam</strong></span> <span class='ocrx_word' id='word_1_93' title='bbox 1156 1298 1289 1358; x_wconf 86' lang='lat' dir='ltr'><strong>nomine</strong></span> <span class='ocrx_word' id='word_1_94' title='bbox 1301 1342 1311 1371; x_wconf 92' lang='lat'><strong>,</strong></span> 
     </span>
     <span class='ocr_line' id='line_1_13' title="bbox 84 1377 1312 1463; baseline -0.002 -19"><span class='ocrx_word' id='word_1_95' title='bbox 84 1384 263 1445; x_wconf 86' lang='lat' dir='ltr'><strong>Caesarem</strong></span> <span class='ocrx_word' id='word_1_96' title='bbox 301 1382 499 1453; x_wconf 84' lang='lat' dir='ltr'><strong>revisentes,</strong></span> <span class='ocrx_word' id='word_1_97' title='bbox 537 1378 601 1440; x_wconf 92' lang='lat' dir='ltr'><strong>sibi</strong></span> <span class='ocrx_word' id='word_1_98' title='bbox 634 1379 793 1463; x_wconf 88' lang='lat' dir='ltr'><strong>quisque,</strong></span> <span class='ocrx_word' id='word_1_99' title='bbox 827 1400 924 1459; x_wconf 82' lang='lat' dir='ltr'><strong>quem</strong></span> <span class='ocrx_word' id='word_1_100' title='bbox 960 1377 1030 1452; x_wconf 92' lang='lat' dir='ltr'><strong>illi,</strong></span> <span class='ocrx_word' id='word_1_101' title='bbox 1067 1379 1312 1462; x_wconf 85' lang='lat' dir='ltr'><strong>gratularentur</strong></span> 
     </span>
     <span class='ocr_line' id='line_1_14' title="bbox 82 1462 1312 1551; baseline -0.002 -23"><span class='ocrx_word' id='word_1_102' title='bbox 82 1465 233 1551; x_wconf 85' lang='lat' dir='ltr'><strong>plenius.</strong></span> <span class='ocrx_word' id='word_1_103' title='bbox 276 1463 320 1523; x_wconf 82' lang='lat' dir='ltr'><strong>At</strong></span> <span class='ocrx_word' id='word_1_104' title='bbox 346 1487 425 1525; x_wconf 86' lang='lat' dir='ltr'><strong>vero</strong></span> <span class='ocrx_word' id='word_1_105' title='bbox 443 1464 590 1527; x_wconf 85' lang='lat' dir='ltr'><strong>&#39;militum</strong></span> <span class='ocrx_word' id='word_1_106' title='bbox 619 1470 796 1539; x_wconf 87' lang='lat' dir='ltr'><strong>conspectu</strong></span> <span class='ocrx_word' id='word_1_107' title='bbox 819 1464 888 1523; x_wconf 88' lang='lat' dir='ltr'><strong>eius</strong></span> <span class='ocrx_word' id='word_1_108' title='bbox 911 1462 1039 1524; x_wconf 83' lang='lat' dir='ltr'><strong>elicitae</strong></span> <span class='ocrx_word' id='word_1_109' title='bbox 1061 1463 1180 1541; x_wconf 73' lang='lat' dir='ltr'><strong>gaudio</strong></span> <span class='ocrx_word' id='word_1_110' title='bbox 1202 1463 1312 1527; x_wconf 88' lang='lat' dir='ltr'><strong>lacri-</strong></span> 
     </span>
     <span class='ocr_line' id='line_1_15' title="bbox 82 1545 1315 1631; baseline -0.002 -18"><span class='ocrx_word' id='word_1_111' title='bbox 82 1566 181 1613; x_wconf 84' lang='lat' dir='ltr'><strong>mae:</strong></span> <span class='ocrx_word' id='word_1_112' title='bbox 214 1545 430 1631; x_wconf 87' lang='lat' dir='ltr'><strong>alacritasque</strong></span> <span class='ocrx_word' id='word_1_113' title='bbox 460 1556 492 1609; x_wconf 92' lang='lat' dir='ltr'><strong>et</strong></span> <span class='ocrx_word' id='word_1_114' title='bbox 522 1546 726 1609; x_wconf 80' lang='lat' dir='ltr'><strong>salutationis</strong></span> <span class='ocrx_word' id='word_1_115' title='bbox 753 1567 837 1607; x_wconf 85' lang='lat' dir='ltr'><strong>nova</strong></span> <span class='ocrx_word' id='word_1_116' title='bbox 865 1545 1024 1628; x_wconf 88' lang='lat' dir='ltr'><strong>quaedam</strong></span> <span class='ocrx_word' id='word_1_117' title='bbox 1052 1546 1248 1623; x_wconf 83' lang='lat' dir='ltr'><strong>exsultatio,</strong></span> <span class='ocrx_word' id='word_1_118' title='bbox 1280 1556 1315 1611; x_wconf 88' lang='lat' dir='ltr'><strong>et</strong></span> 
     </span>
     <span class='ocr_line' id='line_1_16' title="bbox 86 1628 1315 1715; baseline -0.003 -18"><span class='ocrx_word' id='word_1_119' title='bbox 86 1631 306 1714; x_wconf 81' lang='lat' dir='ltr'><strong>contingendi</strong></span> <span class='ocrx_word' id='word_1_120' title='bbox 329 1653 459 1693; x_wconf 90' lang='lat' dir='ltr'><strong>manum</strong></span> <span class='ocrx_word' id='word_1_121' title='bbox 483 1630 665 1713; x_wconf 83' lang='lat' dir='ltr'><strong>cupiditas,</strong></span> <span class='ocrx_word' id='word_1_122' title='bbox 688 1653 753 1691; x_wconf 93' lang='lat' dir='ltr'><strong>non</strong></span> <span class='ocrx_word' id='word_1_123' title='bbox 777 1628 1012 1691; x_wconf 90' lang='lat' dir='ltr'><strong>continentium</strong></span> <span class='ocrx_word' id='word_1_124' title='bbox 1035 1632 1210 1711; x_wconf 86' lang='lat' dir='ltr'><strong>protinus,</strong></span> <span class='ocrx_word' id='word_1_125' title='bbox 1233 1631 1315 1715; x_wconf 91' lang='lat' dir='ltr'><strong>quin</strong></span> 
     </span>
     <span class='ocr_line' id='line_1_17' title="bbox 87 1714 1315 1795; baseline -0.001 -16"><span class='ocrx_word' id='word_1_126' title='bbox 87 1717 294 1789; x_wconf 84' lang='lat' dir='ltr'><strong>adiicerent,</strong></span> <span class='ocrx_word' id='word_1_127' title='bbox 322 1716 473 1777; x_wconf 84' lang='lat' dir='ltr'><strong>Videmus</strong></span> <span class='ocrx_word' id='word_1_128' title='bbox 494 1728 548 1788; x_wconf 84' lang='lat' dir='ltr'><strong>te,</strong></span> <span class='ocrx_word' id='word_1_129' title='bbox 570 1714 782 1795; x_wconf 80' lang='lat' dir='ltr'><strong>Imperator?</strong></span> <span class='ocrx_word' id='word_1_130' title='bbox 801 1715 926 1774; x_wconf 82' lang='lat' dir='ltr'><strong>saluum</strong></span> <span class='ocrx_word' id='word_1_131' title='bbox 947 1718 1149 1795; x_wconf 76' lang='lat' dir='ltr'><strong>recepimus?</strong></span> <span class='ocrx_word' id='word_1_132' title='bbox 1173 1738 1210 1777; x_wconf 90' lang='lat' dir='ltr'><strong>ac</strong></span> <span class='ocrx_word' id='word_1_133' title='bbox 1225 1716 1315 1778; x_wconf 88' lang='lat' dir='ltr'><strong>dein·</strong></span> 
     </span>
     <span class='ocr_line' id='line_1_18' title="bbox 87 1787 1313 1883; baseline -0.003 -18"><span class='ocrx_word' id='word_1_134' title='bbox 87 1802 160 1877; x_wconf 76' lang='lat' dir='ltr'><strong>cle,</strong></span> <span class='ocrx_word' id='word_1_135' title='bbox 188 1787 418 1883; x_wconf 40' lang='lat' dir='ltr'><strong>agor-seeum,</strong></span> <span class='ocrx_word' id='word_1_136' title='bbox 434 1805 639 1880; x_wconf 80' lang='lat' dir='ltr'><strong>Imperator,</strong></span> <span class='ocrx_word' id='word_1_137' title='bbox 670 1801 704 1858; x_wconf 80' lang='lat' dir='ltr'><strong>in</strong></span> <span class='ocrx_word' id='word_1_138' title='bbox 730 1801 908 1873; x_wconf 80' lang='lat' dir='ltr'><strong>Armenia,</strong></span> <span class='ocrx_word' id='word_1_139' title='bbox 939 1820 999 1881; x_wconf 82' lang='lat' dir='ltr'><strong>ego</strong></span> <span class='ocrx_word' id='word_1_140' title='bbox 1021 1803 1054 1859; x_wconf 80' lang='lat' dir='ltr'><strong>in</strong></span> <span class='ocrx_word' id='word_1_141' title='bbox 1075 1795 1218 1861; x_wconf 76' lang='lat' dir='ltr'><strong>Rboetio</strong></span> <span class='ocrx_word' id='word_1_142' title='bbox 1227 1864 1232 1878; x_wconf 57' lang='grc'>,</span> <span class='ocrx_word' id='word_1_143' title='bbox 1234 1799 1297 1879; x_wconf 80' lang='lat' dir='ltr'><strong>fui</strong></span> <span class='ocrx_word' id='word_1_144' title='bbox 1302 1820 1313 1876; x_wconf 82' lang='lat'>3</span> 
     </span>
     <span class='ocr_line' id='line_1_19' title="bbox 88 1882 1316 1970; baseline -0.002 -23"><span class='ocrx_word' id='word_1_145' title='bbox 88 1908 158 1970; x_wconf 80' lang='lat' dir='ltr'><strong>ogo</strong></span> <span class='ocrx_word' id='word_1_146' title='bbox 178 1906 202 1943; x_wconf 85' lang='lat' dir='ltr'><strong><em>a</em></strong></span> <span class='ocrx_word' id='word_1_147' title='bbox 222 1897 256 1945; x_wconf 86' lang='lat' dir='ltr'><strong>te</strong></span> <span class='ocrx_word' id='word_1_148' title='bbox 274 1889 309 1945; x_wconf 78' lang='lat' dir='ltr'><strong>in</strong></span> <span class='ocrx_word' id='word_1_149' title='bbox 332 1884 529 1958; x_wconf 75' lang='lat' dir='ltr'><strong>thelr&#39;crs,</strong></span> <span class='ocrx_word' id='word_1_150' title='bbox 551 1902 612 1962; x_wconf 83' lang='lat' dir='ltr'><strong>ego</strong></span> <span class='ocrx_word' id='word_1_151' title='bbox 637 1886 672 1944; x_wconf 82' lang='lat' dir='ltr'><strong>r&#39;n</strong></span> <span class='ocrx_word' id='word_1_152' title='bbox 691 1886 887 1955; x_wconf 81' lang='lat' dir='ltr'><strong>Pannonia,</strong></span> <span class='ocrx_word' id='word_1_153' title='bbox 910 1904 971 1961; x_wconf 81' lang='lat' dir='ltr'><strong>ego</strong></span> <span class='ocrx_word' id='word_1_154' title='bbox 992 1886 1026 1943; x_wconf 86' lang='lat' dir='ltr'><strong>in</strong></span> <span class='ocrx_word' id='word_1_155' title='bbox 1051 1888 1227 1946; x_wconf 80' lang='lat' dir='ltr'><strong>Germania</strong></span> <span class='ocrx_word' id='word_1_156' title='bbox 1247 1882 1316 1945; x_wconf 82' lang='lat' dir='ltr'><strong>do-</strong></span> 
     </span>
     <span class='ocr_line' id='line_1_20' title="bbox 89 1965 1316 2053; baseline -0.002 -20"><span class='ocrx_word' id='word_1_157' title='bbox 89 1981 195 2033; x_wconf 76' lang='lat' dir='ltr'><strong>natus</strong></span> <span class='ocrx_word' id='word_1_158' title='bbox 230 1990 320 2042; x_wconf 85' lang='lat' dir='ltr'><strong>sum,</strong></span> <span class='ocrx_word' id='word_1_159' title='bbox 362 1989 470 2053; x_wconf 90' lang='lat' dir='ltr'><strong>noque</strong></span> <span class='ocrx_word' id='word_1_160' title='bbox 505 1966 615 2029; x_wconf 79' lang='lat' dir='ltr'><strong>verbis</strong></span> <span class='ocrx_word' id='word_1_161' title='bbox 645 1965 808 2049; x_wconf 85' lang='lat' dir='ltr'><strong>exprimi,</strong></span> <span class='ocrx_word' id='word_1_162' title='bbox 854 1970 887 2026; x_wconf 90' lang='lat' dir='ltr'><strong>et</strong></span> <span class='ocrx_word' id='word_1_163' title='bbox 920 1968 1059 2029; x_wconf 87' lang='lat' dir='ltr'><strong>fortasse</strong></span> <span class='ocrx_word' id='word_1_164' title='bbox 1095 1966 1150 2031; x_wconf 82' lang='lat' dir='ltr'><strong>rix</strong></span> <span class='ocrx_word' id='word_1_165' title='bbox 1193 1966 1316 2031; x_wconf 88' lang='lat' dir='ltr'><strong>mereri</strong></span> 
     </span>
     <span class='ocr_line' id='line_1_21' title="bbox 89 2054 337 2135; baseline -0.024 -18"><span class='ocrx_word' id='word_1_166' title='bbox 89 2054 197 2117; x_wconf 84' lang='lat' dir='ltr'><strong>fidem</strong></span> <span class='ocrx_word' id='word_1_167' title='bbox 216 2060 337 2135; x_wconf 89' lang='lat' dir='ltr'><strong>potest.</strong></span> 
     </span>
    </p>

    <p class='ocr_par' dir='ltr' id='par_1_3' title="bbox 86 2130 1327 3561">
     <span class='ocr_line' id='line_1_22' title="bbox 137 2130 1318 2218; baseline 0.003 -21"><span class='ocrx_word' id='word_1_168' title='bbox 137 2136 210 2197; x_wconf 88' lang='lat' dir='ltr'><strong>CV.</strong></span> <span class='ocrx_word' id='word_1_169' title='bbox 243 2136 368 2196; x_wconf 89' lang='lat' dir='ltr'><strong>Intrata</strong></span> <span class='ocrx_word' id='word_1_170' title='bbox 388 2134 541 2217; x_wconf 90' lang='lat' dir='ltr'><strong>protinus</strong></span> <span class='ocrx_word' id='word_1_171' title='bbox 563 2132 761 2207; x_wconf 69' lang='lat' dir='ltr'><strong>Germania,</strong></span> <span class='ocrx_word' id='word_1_172' title='bbox 788 2130 913 2196; x_wconf 90' lang='lat' dir='ltr'><strong>s&#39;ubacti</strong></span> <span class='ocrx_word' id='word_1_173' title='bbox 941 2131 1165 2216; x_wconf 83' lang='lat' dir='ltr'><strong>Caninefates,</strong></span> <span class='ocrx_word' id='word_1_174' title='bbox 1189 2136 1318 2218; x_wconf 82' lang='lat' dir='ltr'><strong>Attua-</strong></span> 
     </span>
     <span class='ocr_line' id='line_1_23' title="bbox 90 2217 1318 2294; baseline 0.002 -11"><span class='ocrx_word' id='word_1_175' title='bbox 90 2221 162 2294; x_wconf 89' lang='lat' dir='ltr'><strong>rii,</strong></span> <span class='ocrx_word' id='word_1_176' title='bbox 191 2220 360 2292; x_wconf 80' lang='lat' dir='ltr'><strong>Bructeri3</strong></span> <span class='ocrx_word' id='word_1_177' title='bbox 393 2219 519 2293; x_wconf 89' lang='lat' dir='ltr'><strong>recepti</strong></span> <span class='ocrx_word' id='word_1_178' title='bbox 553 2217 727 2291; x_wconf 82' lang='lat' dir='ltr'><strong>Cherusci,</strong></span> <span class='ocrx_word' id='word_1_179' title='bbox 761 2226 794 2279; x_wconf 92' lang='lat' dir='ltr'><strong>et</strong></span> <span class='ocrx_word' id='word_1_180' title='bbox 825 2218 950 2287; x_wconf 81' lang='lat' dir='ltr'><strong>amnis,</strong></span> <span class='ocrx_word' id='word_1_181' title='bbox 981 2236 1058 2279; x_wconf 82' lang='lat' dir='ltr'><strong>mox</strong></span> <span class='ocrx_word' id='word_1_182' title='bbox 1086 2228 1200 2282; x_wconf 86' lang='lat' dir='ltr'><strong>nostra</strong></span> <span class='ocrx_word' id='word_1_183' title='bbox 1225 2220 1318 2287; x_wconf 86' lang='lat' dir='ltr'><strong>clade</strong></span> 
     </span>
     <span class='ocr_line' id='line_1_24' title="bbox 86 2300 1319 2385; baseline 0.002 -18"><span class='ocrx_word' id='word_1_184' title='bbox 86 2303 242 2379; x_wconf 81' lang='lat' dir='ltr'><strong>nobilis,</strong></span> <span class='ocrx_word' id='word_1_185' title='bbox 270 2303 426 2364; x_wconf 89' lang='lat' dir='ltr'><strong>transitus</strong></span> <span class='ocrx_word' id='word_1_186' title='bbox 452 2302 625 2379; x_wconf 74' lang='lat' dir='ltr'><strong>Visurgis:</strong></span> <span class='ocrx_word' id='word_1_187' title='bbox 653 2310 823 2383; x_wconf 86' lang='lat' dir='ltr'><strong>penetrata</strong></span> <span class='ocrx_word' id='word_1_188' title='bbox 853 2300 1031 2364; x_wconf 83' lang='lat' dir='ltr'><strong>ulteriora:</strong></span> <span class='ocrx_word' id='word_1_189' title='bbox 1064 2324 1165 2385; x_wconf 87' lang='lat' dir='ltr'><strong>quum</strong></span> <span class='ocrx_word' id='word_1_190' title='bbox 1188 2327 1319 2369; x_wconf 89' lang='lat' dir='ltr'><strong>omnem</strong></span> 
     </span>
     <span class='ocr_line' id='line_1_25' title="bbox 87 2385 1299 2473; baseline 0.002 -23"><span class='ocrx_word' id='word_1_191' title='bbox 87 2398 227 2473; x_wconf 83' lang='lat' dir='ltr'><strong>partem</strong></span> <span class='ocrx_word' id='word_1_192' title='bbox 254 2386 426 2470; x_wconf 87' lang='lat' dir='ltr'><strong>asperrimi</strong></span> <span class='ocrx_word' id='word_1_193' title='bbox 449 2396 481 2449; x_wconf 90' lang='lat' dir='ltr'><strong>et</strong></span> <span class='ocrx_word' id='word_1_194' title='bbox 500 2385 771 2468; x_wconf 86' lang='lat' dir='ltr'><strong>periculosissimi</strong></span> <span class='ocrx_word' id='word_1_195' title='bbox 789 2385 868 2448; x_wconf 88' lang='lat' dir='ltr'><strong>belli</strong></span> <span class='ocrx_word' id='word_1_196' title='bbox 893 2388 1009 2448; x_wconf 86' lang='lat' dir='ltr'><strong>Caesar</strong></span> <span class='ocrx_word' id='word_1_197' title='bbox 1029 2385 1227 2465; x_wconf 61' lang='lat' dir='ltr'><strong>vindicaret,</strong></span> <span class='ocrx_word' id='word_1_198' title='bbox 1252 2393 1299 2471; x_wconf 91' lang='lat' dir='ltr'><strong>[in</strong></span> 
     </span>
     <span class='ocr_line' id='line_1_26' title="bbox 90 2466 1320 2560; baseline -0.002 -23"><span class='ocrx_word' id='word_1_199' title='bbox 90 2476 161 2548; x_wconf 87' lang='lat' dir='ltr'><strong>iis,</strong></span> <span class='ocrx_word' id='word_1_200' title='bbox 194 2492 277 2552; x_wconf 87' lang='lat' dir='ltr'><strong>quae</strong></span> <span class='ocrx_word' id='word_1_201' title='bbox 306 2470 445 2532; x_wconf 90' lang='lat' dir='ltr'><strong>minoris</strong></span> <span class='ocrx_word' id='word_1_202' title='bbox 475 2477 573 2533; x_wconf 85' lang='lat' dir='ltr'><strong>erant</strong></span> <span class='ocrx_word' id='word_1_203' title='bbox 589 2468 809 2543; x_wconf 87' lang='lat' dir='ltr'><strong>discriminis,</strong></span> <span class='ocrx_word' id='word_1_204' title='bbox 829 2472 979 2537; x_wconf 69' lang='lat' dir='ltr'><strong>,Sentium</strong></span> <span class='ocrx_word' id='word_1_205' title='bbox 1003 2466 1236 2548; x_wconf 87' lang='lat' dir='ltr'><strong>Saturninum,</strong></span> <span class='ocrx_word' id='word_1_206' title='bbox 1261 2475 1320 2560; x_wconf 73' lang='lat' dir='ltr'><strong>qui</strong></span> 
     </span>
     <span class='ocr_line' id='line_1_27' title="bbox 88 2552 1321 2635; baseline 0.002 -14"><span class='ocrx_word' id='word_1_207' title='bbox 88 2569 169 2621; x_wconf 88' lang='lat' dir='ltr'><strong>tnm</strong></span> <span class='ocrx_word' id='word_1_208' title='bbox 191 2557 329 2632; x_wconf 73' lang='lat' dir='ltr'><strong>Legatos</strong></span> <span class='ocrx_word' id='word_1_209' title='bbox 352 2556 456 2628; x_wconf 83' lang='lat' dir='ltr'><strong>patris</strong></span> <span class='ocrx_word' id='word_1_210' title='bbox 479 2555 548 2617; x_wconf 89' lang='lat' dir='ltr'><strong>eius</strong></span> <span class='ocrx_word' id='word_1_211' title='bbox 569 2554 603 2616; x_wconf 91' lang='lat' dir='ltr'><strong>in</strong></span> <span class='ocrx_word' id='word_1_212' title='bbox 625 2552 799 2615; x_wconf 87' lang='lat' dir='ltr'><strong>Germania</strong></span> <span class='ocrx_word' id='word_1_213' title='bbox 826 2556 945 2628; x_wconf 85' lang='lat' dir='ltr'><strong>fuerat,</strong></span> <span class='ocrx_word' id='word_1_214' title='bbox 968 2553 1189 2635; x_wconf 77' lang='lat' dir='ltr'><strong>praefecisset,</strong></span> <span class='ocrx_word' id='word_1_215' title='bbox 1211 2557 1321 2623; x_wconf 86' lang='lat' dir='ltr'><strong>virum</strong></span> 
     </span>
     <span class='ocr_line' id='line_1_28' title="bbox 87 2638 1322 2720; baseline 0.004 -17"><span class='ocrx_word' id='word_1_216' title='bbox 87 2638 316 2720; x_wconf 83' lang='lat' dir='ltr'><strong>multiplicem</strong></span> <span class='ocrx_word' id='word_1_217' title='bbox 338 2641 402 2719; x_wconf 87' lang='lat' dir='ltr'><strong>[in]</strong></span> <span class='ocrx_word' id='word_1_218' title='bbox 423 2640 614 2711; x_wconf 79' lang='lat' dir='ltr'><strong>virtutibus,</strong></span> <span class='ocrx_word' id='word_1_219' title='bbox 636 2661 765 2713; x_wconf 83' lang='lat' dir='ltr'><strong>narum,</strong></span> <span class='ocrx_word' id='word_1_220' title='bbox 789 2638 919 2717; x_wconf 74' lang='lat' dir='ltr'><strong>agilem,</strong></span> <span class='ocrx_word' id='word_1_221' title='bbox 941 2638 1139 2720; x_wconf 82' lang='lat' dir='ltr'><strong>providum,</strong></span> <span class='ocrx_word' id='word_1_222' title='bbox 1163 2642 1322 2707; x_wconf 89' lang='lat' dir='ltr'><strong>militari-</strong></span> 
     </span>
     <span class='ocr_line' id='line_1_29' title="bbox 87 2721 1320 2805; baseline 0.003 -18"><span class='ocrx_word' id='word_1_223' title='bbox 87 2744 223 2805; x_wconf 78' lang='lat' dir='ltr'><strong>umque</strong></span> <span class='ocrx_word' id='word_1_224' title='bbox 254 2721 437 2784; x_wconf 86' lang='lat' dir='ltr'><strong>officio-rum</strong></span> <span class='ocrx_word' id='word_1_225' title='bbox 461 2724 639 2804; x_wconf 89' lang='lat' dir='ltr'><strong>patientem</strong></span> <span class='ocrx_word' id='word_1_226' title='bbox 670 2746 708 2784; x_wconf 88' lang='lat' dir='ltr'><strong>ac</strong></span> <span class='ocrx_word' id='word_1_227' title='bbox 734 2722 878 2803; x_wconf 86' lang='lat' dir='ltr'><strong>peritum</strong></span> <span class='ocrx_word' id='word_1_228' title='bbox 910 2722 1056 2804; x_wconf 87' lang='lat' dir='ltr'><strong>pariter,</strong></span> <span class='ocrx_word' id='word_1_229' title='bbox 1082 2726 1138 2787; x_wconf 90' lang='lat' dir='ltr'><strong>sed</strong></span> <span class='ocrx_word' id='word_1_230' title='bbox 1160 2727 1320 2803; x_wconf 88' lang='lat' dir='ltr'><strong>eundem,</strong></span> 
     </span>
     <span class='ocr_line' id='line_1_30' title="bbox 88 2804 1325 2889; baseline 0.004 -22"><span class='ocrx_word' id='word_1_231' title='bbox 88 2809 160 2873; x_wconf 78' lang='lat' dir='ltr'><strong>nbi</strong></span> <span class='ocrx_word' id='word_1_232' title='bbox 183 2806 315 2879; x_wconf 73' lang='lat' dir='ltr'><strong>negot-ia</strong></span> <span class='ocrx_word' id='word_1_233' title='bbox 337 2807 489 2867; x_wconf 83' lang='lat' dir='ltr'><strong>fecissent</strong></span> <span class='ocrx_word' id='word_1_234' title='bbox 507 2806 618 2868; x_wconf 90' lang='lat' dir='ltr'><strong>locum</strong></span> <span class='ocrx_word' id='word_1_235' title='bbox 641 2807 730 2877; x_wconf 83' lang='lat' dir='ltr'><strong>otio,</strong></span> <span class='ocrx_word' id='word_1_236' title='bbox 753 2804 938 2868; x_wconf 86' lang='lat' dir='ltr'><strong>liberaliter</strong></span> <span class='ocrx_word' id='word_1_237' title='bbox 957 2807 1111 2889; x_wconf 83' lang='lat' dir='ltr'><strong>lauteque</strong></span> <span class='ocrx_word' id='word_1_238' title='bbox 1134 2832 1172 2871; x_wconf 88' lang='lat' dir='ltr'><strong>eo</strong></span> <span class='ocrx_word' id='word_1_239' title='bbox 1189 2814 1325 2879; x_wconf 88' lang='lat' dir='ltr'><strong>abuten-</strong></span> 
     </span>
     <span class='ocr_line' id='line_1_31' title="bbox 88 2888 1324 2978; baseline 0.007 -28"><span class='ocrx_word' id='word_1_240' title='bbox 88 2907 191 2963; x_wconf 71' lang='lat' dir='ltr'><strong>tem,</strong></span> <span class='ocrx_word' id='word_1_241' title='bbox 217 2889 270 2950; x_wconf 85' lang='lat' dir='ltr'><strong>ita</strong></span> <span class='ocrx_word' id='word_1_242' title='bbox 299 2895 424 2964; x_wconf 84' lang='lat' dir='ltr'><strong>tamen,</strong></span> <span class='ocrx_word' id='word_1_243' title='bbox 455 2898 493 2950; x_wconf 90' lang='lat' dir='ltr'><strong>ut</strong></span> <span class='ocrx_word' id='word_1_244' title='bbox 523 2906 595 2950; x_wconf 86' lang='lat' dir='ltr'><strong>cum</strong></span> <span class='ocrx_word' id='word_1_245' title='bbox 617 2888 824 2972; x_wconf 69' lang='lat' dir='ltr'><strong>splendidum</strong></span> <span class='ocrx_word' id='word_1_246' title='bbox 846 2912 884 2950; x_wconf 88' lang='lat' dir='ltr'><strong>ac</strong></span> <span class='ocrx_word' id='word_1_247' title='bbox 903 2889 1044 2951; x_wconf 86' lang='lat' dir='ltr'><strong>hilarem</strong></span> <span class='ocrx_word' id='word_1_248' title='bbox 1068 2894 1200 2969; x_wconf 85' lang='lat' dir='ltr'><strong>potius,</strong></span> <span class='ocrx_word' id='word_1_249' title='bbox 1225 2919 1324 2978; x_wconf 88' lang='lat' dir='ltr'><strong>quam</strong></span> 
     </span>
     <span class='ocr_line' id='line_1_32' title="bbox 88 2972 1324 3062; baseline 0 -20"><span class='ocrx_word' id='word_1_250' title='bbox 88 2973 311 3042; x_wconf 84' lang='lat' dir='ltr'><strong>luxuriosum</strong></span> <span class='ocrx_word' id='word_1_251' title='bbox 335 2972 556 3036; x_wconf 84' lang='lat' dir='ltr'><strong>aut·des&#39;idem</strong></span> <span class='ocrx_word' id='word_1_252' title='bbox 579 2973 713 3037; x_wconf 87' lang='lat' dir='ltr'><strong>diceres.</strong></span> <span class='ocrx_word' id='word_1_253' title='bbox 758 2975 810 3034; x_wconf 88' lang='lat' dir='ltr'><strong>De</strong></span> <span class='ocrx_word' id='word_1_254' title='bbox 830 2973 923 3033; x_wconf 90' lang='lat' dir='ltr'><strong>ouius</strong></span> <span class='ocrx_word' id='word_1_255' title='bbox 943 2974 1008 3033; x_wconf 78' lang='lat' dir='ltr'><strong>riri</strong></span> <span class='ocrx_word' id='word_1_256' title='bbox 1025 2972 1113 3036; x_wconf 89' lang='lat' dir='ltr'><strong>claro</strong></span> <span class='ocrx_word' id='word_1_257' title='bbox 1134 2976 1324 3062; x_wconf 84' lang='lat' dir='ltr'><strong>celebrique</strong></span> 
     </span>
     <span class='ocr_line' id='line_1_33' title="bbox 93 3055 1325 3137; baseline 0.002 -15"><span class='ocrx_word' id='word_1_258' title='bbox 93 3057 282 3123; x_wconf 84' lang='lat' dir='ltr'><strong>Consulatu</strong></span> <span class='ocrx_word' id='word_1_259' title='bbox 309 3055 544 3137; x_wconf 84' lang='lat' dir='ltr'><strong>praediximus.</strong></span> <span class='ocrx_word' id='word_1_260' title='bbox 588 3056 672 3120; x_wconf 80' lang='lat' dir='ltr'><strong>Anni</strong></span> <span class='ocrx_word' id='word_1_261' title='bbox 706 3056 775 3118; x_wconf 89' lang='lat' dir='ltr'><strong>eins</strong></span> <span class='ocrx_word' id='word_1_262' title='bbox 806 3056 948 3127; x_wconf 87' lang='lat' dir='ltr'><strong>aestiva,</strong></span> <span class='ocrx_word' id='word_1_263' title='bbox 980 3077 1083 3131; x_wconf 84' lang='lat' dir='ltr'><strong>nsque</strong></span> <span class='ocrx_word' id='word_1_264' title='bbox 1115 3058 1325 3133; x_wconf 84' lang='lat' dir='ltr'><strong>in&#39;mensem</strong></span> 
     </span>
     <span class='ocr_line' id='line_1_34' title="bbox 92 3138 1327 3225; baseline 0.008 -24"><span class='ocrx_word' id='word_1_265' title='bbox 92 3142 318 3225; x_wconf 73' lang='lat' dir='ltr'><strong>Decembrem</strong></span> <span class='ocrx_word' id='word_1_266' title='bbox 349 3141 530 3221; x_wconf 87' lang='lat' dir='ltr'><strong>perducta,</strong></span> <span class='ocrx_word' id='word_1_267' title='bbox 563 3142 714 3217; x_wconf 85' lang='lat' dir='ltr'><strong>immanis</strong></span> <span class='ocrx_word' id='word_1_268' title='bbox 744 3138 997 3201; x_wconf 88' lang='lat' dir='ltr'><strong>emolumentum</strong></span> <span class='ocrx_word' id='word_1_269' title='bbox 1023 3139 1131 3201; x_wconf 87' lang='lat' dir='ltr'><strong>fecere</strong></span> <span class='ocrx_word' id='word_1_270' title='bbox 1151 3143 1327 3215; x_wconf 81' lang='lat' dir='ltr'><strong>victoriae.</strong></span> 
     </span>
     <span class='ocr_line' id='line_1_35' title="bbox 92 3219 1325 3305; baseline -0.002 -16"><span class='ocrx_word' id='word_1_271' title='bbox 92 3232 213 3293; x_wconf 86' lang='lat' dir='ltr'><strong>Pietas</strong></span> <span class='ocrx_word' id='word_1_272' title='bbox 234 3246 290 3286; x_wconf 88' lang='lat' dir='ltr'><strong>sua</strong></span> <span class='ocrx_word' id='word_1_273' title='bbox 313 3224 503 3299; x_wconf 83' lang='lat' dir='ltr'><strong>Gaesarem,</strong></span> <span class='ocrx_word' id='word_1_274' title='bbox 525 3246 631 3305; x_wconf 86' lang='lat' dir='ltr'><strong>paene</strong></span> <span class='ocrx_word' id='word_1_275' title='bbox 653 3223 831 3286; x_wconf 86' lang='lat' dir='ltr'><strong>obstructis</strong></span> <span class='ocrx_word' id='word_1_276' title='bbox 851 3221 960 3283; x_wconf 89' lang='lat' dir='ltr'><strong>bieme</strong></span> <span class='ocrx_word' id='word_1_277' title='bbox 980 3219 1131 3298; x_wconf 83' lang='lat' dir='ltr'><strong>Alpibus,</strong></span> <span class='ocrx_word' id='word_1_278' title='bbox 1148 3224 1181 3287; x_wconf 91' lang='lat' dir='ltr'><strong>in</strong></span> <span class='ocrx_word' id='word_1_279' title='bbox 1196 3230 1325 3296; x_wconf 80' lang='lat' dir='ltr'><strong>Urbem</strong></span> 
     </span>
     <span class='ocr_line' id='line_1_36' title="bbox 94 3306 1325 3388; baseline 0.005 -16"><span class='ocrx_word' id='word_1_280' title='bbox 94 3309 226 3377; x_wconf 74' lang='lat' dir='ltr'><strong>traxit:</strong></span> <span class='ocrx_word' id='word_1_281' title='bbox 249 3330 286 3370; x_wconf 91' lang='lat' dir='ltr'><strong>ac</strong></span> <span class='ocrx_word' id='word_1_282' title='bbox 307 3309 409 3370; x_wconf 89' lang='lat' dir='ltr'><strong>tutela</strong></span> <span class='ocrx_word' id='word_1_283' title='bbox 431 3308 565 3388; x_wconf 88' lang='lat' dir='ltr'><strong>imperii</strong></span> <span class='ocrx_word' id='word_1_284' title='bbox 593 3330 667 3369; x_wconf 91' lang='lat' dir='ltr'><strong>eum</strong></span> <span class='ocrx_word' id='word_1_285' title='bbox 690 3310 776 3371; x_wconf 85' lang='lat' dir='ltr'><strong>veris</strong></span> <span class='ocrx_word' id='word_1_286' title='bbox 798 3308 895 3369; x_wconf 88' lang='lat' dir='ltr'><strong>initio</strong></span> <span class='ocrx_word' id='word_1_287' title='bbox 921 3306 1053 3368; x_wconf 84' lang='lat' dir='ltr'><strong>reduxit</strong></span> <span class='ocrx_word' id='word_1_288' title='bbox 1080 3308 1113 3370; x_wconf 91' lang='lat' dir='ltr'><strong>in</strong></span> <span class='ocrx_word' id='word_1_289' title='bbox 1144 3312 1325 3377; x_wconf 89' lang='lat' dir='ltr'><strong>Germani-</strong></span> 
     </span>
     <span class='ocr_line' id='line_1_37' title="bbox 98 3386 1326 3477; baseline 0.002 -18"><span class='ocrx_word' id='word_1_290' title='bbox 98 3416 176 3468; x_wconf 65' lang='lat' dir='ltr'><strong>aar,</strong></span> <span class='ocrx_word' id='word_1_291' title='bbox 202 3395 236 3453; x_wconf 91' lang='lat' dir='ltr'><strong>in</strong></span> <span class='ocrx_word' id='word_1_292' title='bbox 258 3393 349 3454; x_wconf 91' lang='lat' dir='ltr'><strong>cuius</strong></span> <span class='ocrx_word' id='word_1_293' title='bbox 370 3386 647 3473; x_wconf 61' lang='lat' dir='ltr'><strong>mediis&#39;linihus,</strong></span> <span class='ocrx_word' id='word_1_294' title='bbox 671 3392 712 3454; x_wconf 88' lang='lat' dir='ltr'><strong>ad</strong></span> <span class='ocrx_word' id='word_1_295' title='bbox 734 3402 832 3477; x_wconf 88' lang='lat' dir='ltr'><strong>caput</strong></span> <span class='ocrx_word' id='word_1_296' title='bbox 851 3392 975 3474; x_wconf 88' lang='lat' dir='ltr'><strong>Lupiae</strong></span> <span class='ocrx_word' id='word_1_297' title='bbox 1000 3392 1163 3473; x_wconf 83' lang='lat' dir='ltr'><strong>fluminis,</strong></span> <span class='ocrx_word' id='word_1_298' title='bbox 1185 3396 1326 3465; x_wconf 91' lang='lat' dir='ltr'><strong>hiberna</strong></span> 
     </span>
     <span class='ocr_line' id='line_1_38' title="bbox 99 3469 955 3561; baseline -0.002 -22"><span class='ocrx_word' id='word_1_299' title='bbox 99 3469 465 3561; x_wconf 65' lang='lat' dir='ltr'><strong>digrediensprinreps</strong></span> <span class='ocrx_word' id='word_1_300' title='bbox 488 3471 671 3539; x_wconf 75' lang='lat' dir='ltr'><strong>locaverat:</strong></span> <span class='ocrx_word' id='word_1_301' title='bbox 742 3502 745 3507; x_wconf 94' lang='lat'>·</span> <span class='ocrx_word' id='word_1_302' title='bbox 777 3500 780 3505; x_wconf 86' lang='lat'>·</span> <span class='ocrx_word' id='word_1_303' title='bbox 838 3494 842 3503; x_wconf 89' lang='grc'><strong>’</strong></span> <span class='ocrx_word' id='word_1_304' title='bbox 947 3496 955 3508; x_wconf 70' lang='grc'>’</span> 
     </span>
    </p>

    <p class='ocr_par' dir='ltr' id='par_1_4' title="bbox 100 3560 1348 4745">
     <span class='ocr_line' id='line_1_39' title="bbox 108 3560 1327 3647; baseline 0.009 -28"><span class='ocrx_word' id='word_1_305' title='bbox 108 3582 114 3611; x_wconf 82' lang='grc' dir='ltr'>ι</span> <span class='ocrx_word' id='word_1_306' title='bbox 150 3562 235 3626; x_wconf 88' lang='lat' dir='ltr'>CVI.</span> <span class='ocrx_word' id='word_1_307' title='bbox 260 3560 328 3621; x_wconf 93' lang='lat' dir='ltr'><strong>Pro</strong></span> <span class='ocrx_word' id='word_1_308' title='bbox 349 3561 406 3620; x_wconf 85' lang='lat' dir='ltr'><strong>Dii</strong></span> <span class='ocrx_word' id='word_1_309' title='bbox 431 3563 536 3635; x_wconf 78' lang='lat' dir='ltr'><strong>boui,</strong></span> <span class='ocrx_word' id='word_1_310' title='bbox 556 3560 669 3645; x_wconf 86' lang='lat' dir='ltr'><strong>quanti</strong></span> <span class='ocrx_word' id='word_1_311' title='bbox 691 3560 872 3643; x_wconf 81' lang='lat' dir='ltr'><strong>voluminis¹</strong></span> <span class='ocrx_word' id='word_1_312' title='bbox 890 3580 991 3627; x_wconf 75' lang='lat' dir='ltr'><strong>onera</strong></span> <span class='ocrx_word' id='word_1_313' title='bbox 1015 3560 1197 3647; x_wconf 86' lang='lat' dir='ltr'><strong>insequenti</strong></span> <span class='ocrx_word' id='word_1_314' title='bbox 1220 3577 1327 3631; x_wconf 86' lang='lat' dir='ltr'><strong>aesta-</strong></span> 
     </span>
     <span class='ocr_line' id='line_1_40' title="bbox 100 3642 1326 3722; baseline 0.004 -16"><span class='ocrx_word' id='word_1_315' title='bbox 100 3658 163 3715; x_wconf 84' lang='lat' dir='ltr'><strong>te,</strong></span> <span class='ocrx_word' id='word_1_316' title='bbox 184 3645 243 3706; x_wconf 81' lang='lat' dir='ltr'><strong>snb</strong></span> <span class='ocrx_word' id='word_1_317' title='bbox 267 3645 351 3706; x_wconf 91' lang='lat' dir='ltr'><strong>duce</strong></span> <span class='ocrx_word' id='word_1_318' title='bbox 373 3645 511 3706; x_wconf 81' lang='lat' dir='ltr'><strong>Tiberio</strong></span> <span class='ocrx_word' id='word_1_319' title='bbox 534 3646 688 3720; x_wconf 87' lang='lat' dir='ltr'><strong>Caesare,</strong></span> <span class='ocrx_word' id='word_1_320' title='bbox 712 3642 1109 3722; x_wconf 76' lang='lat' dir='ltr'><strong>gessimusl&#39;Perlustrata</strong></span> <span class='ocrx_word' id='word_1_321' title='bbox 1131 3650 1230 3709; x_wconf 89' lang='lat' dir='ltr'><strong>armis</strong></span> <span class='ocrx_word' id='word_1_322' title='bbox 1254 3658 1326 3713; x_wconf 86' lang='lat' dir='ltr'><strong>tota</strong></span> 
     </span>
     <span class='ocr_line' id='line_1_41' title="bbox 103 3728 1327 3808; baseline 0.003 -15"><span class='ocrx_word' id='word_1_323' title='bbox 103 3729 376 3807; x_wconf 19' lang='lat' dir='ltr'><strong>Germaninuest!</strong></span> <span class='ocrx_word' id='word_1_324' title='bbox 408 3729 514 3789; x_wconf 83' lang='lat' dir='ltr'><strong>victae</strong></span> <span class='ocrx_word' id='word_1_325' title='bbox 533 3738 665 3803; x_wconf 70' lang='lat' dir='ltr'><strong>gentes,</strong></span> <span class='ocrx_word' id='word_1_326' title='bbox 697 3750 800 3808; x_wconf 88' lang='lat' dir='ltr'><strong>paene</strong></span> <span class='ocrx_word' id='word_1_327' title='bbox 823 3728 1013 3789; x_wconf 88' lang='lat' dir='ltr'><strong>nominibus</strong></span> <span class='ocrx_word' id='word_1_328' title='bbox 1038 3728 1240 3805; x_wconf 62' lang='lat' dir='ltr'><strong>incognitae:</strong></span> <span class='ocrx_word' id='word_1_329' title='bbox 1263 3755 1327 3797; x_wconf 88' lang='lat' dir='ltr'><strong>re-</strong></span> 
     </span>
     <span class='ocr_line' id='line_1_42' title="bbox 103 3806 1328 3893; baseline 0.001 -15"><span class='ocrx_word' id='word_1_330' title='bbox 103 3822 222 3893; x_wconf 88' lang='lat' dir='ltr'><strong>ceptae</strong></span> <span class='ocrx_word' id='word_1_331' title='bbox 244 3810 451 3873; x_wconf 83' lang='lat' dir='ltr'><strong>Cauchorum</strong></span> <span class='ocrx_word' id='word_1_332' title='bbox 474 3814 641 3887; x_wconf 65' lang='lat' dir='ltr'><strong>motiones,</strong></span> <span class='ocrx_word' id='word_1_333' title='bbox 665 3813 770 3874; x_wconf 88' lang='lat' dir='ltr'><strong>omnis</strong></span> <span class='ocrx_word' id='word_1_334' title='bbox 794 3806 910 3871; x_wconf 78' lang='lat' dir='ltr'><strong>coriam</strong></span> <span class='ocrx_word' id='word_1_335' title='bbox 930 3812 1097 3883; x_wconf 83' lang='lat' dir='ltr'><strong>inventus,</strong></span> <span class='ocrx_word' id='word_1_336' title='bbox 1122 3815 1246 3879; x_wconf 86' lang='lat' dir='ltr'><strong>infinita</strong></span> <span class='ocrx_word' id='word_1_337' title='bbox 1268 3840 1328 3879; x_wconf 89' lang='lat' dir='ltr'><strong>nu-</strong></span> 
     </span>
     <span class='ocr_line' id='line_1_43' title="bbox 103 3894 1328 3974; baseline 0.004 -13"><span class='ocrx_word' id='word_1_338' title='bbox 103 3918 223 3971; x_wconf 86' lang='lat' dir='ltr'><strong>mero,</strong></span> <span class='ocrx_word' id='word_1_339' title='bbox 256 3898 410 3957; x_wconf 90' lang='lat' dir='ltr'><strong>immensa</strong></span> <span class='ocrx_word' id='word_1_340' title='bbox 444 3896 663 3969; x_wconf 80' lang='lat' dir='ltr'><strong>corporibus,</strong></span> <span class='ocrx_word' id='word_1_341' title='bbox 696 3897 760 3957; x_wconf 92' lang='lat' dir='ltr'><strong>situ</strong></span> <span class='ocrx_word' id='word_1_342' title='bbox 793 3894 944 3957; x_wconf 88' lang='lat' dir='ltr'><strong>locorum</strong></span> <span class='ocrx_word' id='word_1_343' title='bbox 976 3898 1158 3974; x_wconf 86' lang='lat' dir='ltr'><strong>tutissima,</strong></span> <span class='ocrx_word' id='word_1_344' title='bbox 1196 3900 1328 3971; x_wconf 84' lang='lat' dir='ltr'><strong>traditis</strong></span> 
     </span>
     <span class='ocr_line' id='line_1_44' title="bbox 105 3967 1329 4063; baseline 0.002 -20"><span class='ocrx_word' id='word_1_345' title='bbox 105 3976 227 4053; x_wconf 79' lang='lat' dir='ltr'><strong>irinis,</strong></span> <span class='ocrx_word' id='word_1_346' title='bbox 249 4004 313 4043; x_wconf 89' lang='lat' dir='ltr'><strong>una</strong></span> <span class='ocrx_word' id='word_1_347' title='bbox 335 4003 409 4042; x_wconf 83' lang='lat' dir='ltr'><strong>curn</strong></span> <span class='ocrx_word' id='word_1_348' title='bbox 431 3978 568 4042; x_wconf 87' lang='lat' dir='ltr'><strong>ducibus</strong></span> <span class='ocrx_word' id='word_1_349' title='bbox 592 3982 789 4061; x_wconf 87' lang='lat' dir='ltr'><strong>suis,&#39;septa</strong></span> <span class='ocrx_word' id='word_1_350' title='bbox 811 3977 948 4057; x_wconf 77' lang='lat' dir='ltr'><strong>fulgenti</strong></span> <span class='ocrx_word' id='word_1_351' title='bbox 972 3967 1164 4063; x_wconf 77' lang='lat' dir='ltr'><strong>armatoque</strong></span> <span class='ocrx_word' id='word_1_352' title='bbox 1185 3983 1329 4053; x_wconf 85' lang='lat' dir='ltr'><strong>militum</strong></span> 
     </span>
     <span class='ocr_line' id='line_1_45' title="bbox 104 4062 1329 4149; baseline 0.002 -22"><span class='ocrx_word' id='word_1_353' title='bbox 104 4076 299 4127; x_wconf 88' lang='lat' dir='ltr'><strong>nostrorum</strong></span> <span class='ocrx_word' id='word_1_354' title='bbox 322 4066 469 4149; x_wconf 75' lang='lat' dir='ltr'><strong>agmine,</strong></span> <span class='ocrx_word' id='word_1_355' title='bbox 493 4074 575 4126; x_wconf 89' lang='lat' dir='ltr'><strong>ante·</strong></span> <span class='ocrx_word' id='word_1_356' title='bbox 592 4063 808 4140; x_wconf 88' lang='lat' dir='ltr'><strong>Imperatoris</strong></span> <span class='ocrx_word' id='word_1_357' title='bbox 828 4062 1010 4142; x_wconf 86' lang='lat' dir='ltr'><strong>procubuit</strong></span> <span class='ocrx_word' id='word_1_358' title='bbox 1033 4065 1198 4135; x_wconf 72' lang='lat' dir='ltr'><strong>tribunalz</strong></span> <span class='ocrx_word' id='word_1_359' title='bbox 1229 4070 1329 4137; x_wconf 85' lang='lat' dir='ltr'><strong>fracti</strong></span> 
     </span>
     <span class='ocr_line' id='line_1_46' title="bbox 104 4146 1330 4237; baseline 0.006 -26"><span class='ocrx_word' id='word_1_360' title='bbox 104 4147 336 4229; x_wconf 72' lang='lat' dir='ltr'><strong>Langobardi,</strong></span> <span class='ocrx_word' id='word_1_361' title='bbox 373 4168 450 4233; x_wconf 78' lang='lat' dir='ltr'><strong>gens</strong></span> <span class='ocrx_word' id='word_1_362' title='bbox 488 4149 586 4211; x_wconf 86' lang='lat' dir='ltr'><strong>etiam</strong></span> <span class='ocrx_word' id='word_1_363' title='bbox 623 4151 783 4211; x_wconf 85' lang='lat' dir='ltr'><strong>Germana</strong></span> <span class='ocrx_word' id='word_1_364' title='bbox 816 4146 948 4208; x_wconf 83' lang='lat' dir='ltr'><strong>feritate</strong></span> <span class='ocrx_word' id='word_1_365' title='bbox 982 4148 1150 4211; x_wconf 84' lang='lat' dir='ltr'><strong>ferocior:</strong></span> <span class='ocrx_word' id='word_1_366' title='bbox 1188 4150 1330 4237; x_wconf 88' lang='lat' dir='ltr'><strong>denique</strong></span> 
     </span>
     <span class='ocr_line' id='line_1_47' title="bbox 107 4226 1331 4315; baseline 0.003 -20"><span class='ocrx_word' id='word_1_367' title='bbox 107 4236 202 4315; x_wconf 90' lang='lat' dir='ltr'><strong>quod</strong></span> <span class='ocrx_word' id='word_1_368' title='bbox 230 4256 405 4315; x_wconf 87' lang='lat' dir='ltr'><strong>numquam</strong></span> <span class='ocrx_word' id='word_1_369' title='bbox 435 4241 530 4294; x_wconf 86' lang='lat' dir='ltr'><strong>antea</strong></span> <span class='ocrx_word' id='word_1_370' title='bbox 562 4254 619 4311; x_wconf 88' lang='lat' dir='ltr'><strong>spe</strong></span> <span class='ocrx_word' id='word_1_371' title='bbox 649 4241 866 4305; x_wconf 84' lang='lat' dir='ltr'><strong>conceptum,</strong></span> <span class='ocrx_word' id='word_1_372' title='bbox 899 4226 1019 4291; x_wconf 85' lang='lat' dir='ltr'><strong>nedum</strong></span> <span class='ocrx_word' id='word_1_373' title='bbox 1049 4255 1149 4315; x_wconf 78' lang='lat' dir='ltr'><strong>opere</strong></span> <span class='ocrx_word' id='word_1_374' title='bbox 1169 4244 1331 4313; x_wconf 84' lang='lat' dir='ltr'><strong>tentatum</strong></span> 
     </span>
     <span class='ocr_line' id='line_1_48' title="bbox 108 4312 1333 4403; baseline -0.005 -22"><span class='ocrx_word' id='word_1_375' title='bbox 108 4326 200 4395; x_wconf 87' lang='lat' dir='ltr'><strong>erat,</strong></span> <span class='ocrx_word' id='word_1_376' title='bbox 233 4317 273 4376; x_wconf 90' lang='lat' dir='ltr'><strong>ad</strong></span> <span class='ocrx_word' id='word_1_377' title='bbox 300 4318 655 4401; x_wconf 64' lang='lat' dir='ltr'><strong>quadringentesimum</strong></span> <span class='ocrx_word' id='word_1_378' title='bbox 678 4316 873 4379; x_wconf 90' lang='lat' dir='ltr'><strong>milliarium</strong></span> <span class='ocrx_word' id='word_1_379' title='bbox 896 4336 913 4375; x_wconf 85' lang='lat' dir='ltr'><strong>n</strong></span> <span class='ocrx_word' id='word_1_380' title='bbox 940 4312 1054 4379; x_wconf 86' lang='lat' dir='ltr'><strong>Rheno</strong></span> <span class='ocrx_word' id='word_1_381' title='bbox 1080 4340 1182 4403; x_wconf 88' lang='lat' dir='ltr'><strong>usque</strong></span> <span class='ocrx_word' id='word_1_382' title='bbox 1204 4321 1244 4383; x_wconf 84' lang='lat' dir='ltr'><strong>ad</strong></span> <span class='ocrx_word' id='word_1_383' title='bbox 1266 4324 1333 4387; x_wconf 76' lang='lat' dir='ltr'><strong>flu.</strong></span> 
     </span>
     <span class='ocr_line' id='line_1_49' title="bbox 107 4398 1333 4485; baseline -0.003 -21"><span class='ocrx_word' id='word_1_384' title='bbox 107 4420 186 4464; x_wconf 84' lang='lat' dir='ltr'><strong>rnen</strong></span> <span class='ocrx_word' id='word_1_385' title='bbox 210 4400 336 4475; x_wconf 80' lang='lat' dir='ltr'><strong>Albim,</strong></span> <span class='ocrx_word' id='word_1_386' title='bbox 363 4403 420 4485; x_wconf 85' lang='lat' dir='ltr'><strong>qui</strong></span> <span class='ocrx_word' id='word_1_387' title='bbox 442 4403 640 4469; x_wconf 84' lang='lat' dir='ltr'><strong>Semnonum</strong></span> <span class='ocrx_word' id='word_1_388' title='bbox 662 4398 1040 4482; x_wconf 84' lang='lat' dir='ltr'><strong>Hermundurorumque</strong></span> <span class='ocrx_word' id='word_1_389' title='bbox 1070 4401 1148 4464; x_wconf 86' lang='lat' dir='ltr'><strong>lines</strong></span> <span class='ocrx_word' id='word_1_390' title='bbox 1174 4417 1333 4483; x_wconf 72' lang='lat' dir='ltr'><strong>praeter-</strong></span> 
     </span>
     <span class='ocr_line' id='line_1_50' title="bbox 108 4483 1336 4573; baseline 0.002 -26"><span class='ocrx_word' id='word_1_391' title='bbox 108 4486 205 4555; x_wconf 85' lang='lat' dir='ltr'><strong>llnlt,</strong></span> <span class='ocrx_word' id='word_1_392' title='bbox 228 4484 390 4549; x_wconf 85' lang='lat' dir='ltr'><strong>Romanus</strong></span> <span class='ocrx_word' id='word_1_393' title='bbox 414 4510 486 4550; x_wconf 90' lang='lat' dir='ltr'><strong>cum</strong></span> <span class='ocrx_word' id='word_1_394' title='bbox 503 4486 608 4573; x_wconf 72' lang='lat' dir='ltr'><strong>&#39;signis</strong></span> <span class='ocrx_word' id='word_1_395' title='bbox 628 4484 806 4569; x_wconf 86' lang='lat' dir='ltr'><strong>perductus</strong></span> <span class='ocrx_word' id='word_1_396' title='bbox 829 4483 1008 4557; x_wconf 67' lang='lat' dir='ltr'><strong>exercitus}</strong></span> <span class='ocrx_word' id='word_1_397' title='bbox 1033 4492 1065 4545; x_wconf 87' lang='lat' dir='ltr'><strong>et</strong></span> <span class='ocrx_word' id='word_1_398' title='bbox 1088 4488 1225 4562; x_wconf 87' lang='lat' dir='ltr'><strong>eodem,</strong></span> <span class='ocrx_word' id='word_1_399' title='bbox 1249 4492 1336 4556; x_wconf 81' lang='lat' dir='ltr'><strong>mira</strong></span> 
     </span>
     <span class='ocr_line' id='line_1_51' title="bbox 109 4564 1336 4659; baseline 0 -28"><span class='ocrx_word' id='word_1_400' title='bbox 109 4570 258 4633; x_wconf 83' lang='lat' dir='ltr'><strong>feliciate</strong></span> <span class='ocrx_word' id='word_1_401' title='bbox 284 4578 316 4630; x_wconf 90' lang='lat' dir='ltr'><strong>et</strong></span> <span class='ocrx_word' id='word_1_402' title='bbox 335 4592 422 4634; x_wconf 90' lang='lat' dir='ltr'><strong>cura·</strong></span> <span class='ocrx_word' id='word_1_403' title='bbox 436 4571 548 4645; x_wconf 85' lang='lat' dir='ltr'><strong>ducis,</strong></span> <span class='ocrx_word' id='word_1_404' title='bbox 571 4564 823 4653; x_wconf 81' lang='lat' dir='ltr'><strong>temporumque</strong></span> <span class='ocrx_word' id='word_1_405' title='bbox 836 4569 1075 4643; x_wconf 80' lang='lat' dir='ltr'><strong>&#39;observantia,</strong></span> <span class='ocrx_word' id='word_1_406' title='bbox 1098 4565 1226 4646; x_wconf 85' lang='lat' dir='ltr'><strong>classis,</strong></span> <span class='ocrx_word' id='word_1_407' title='bbox 1247 4566 1336 4659; x_wconf 68' lang='lat' dir='ltr'><strong>qnae</strong></span> 
     </span>
     <span class='ocr_line' id='line_1_52' title="bbox 111 4651 1348 4745; baseline -0.002 -26"><span class='ocrx_word' id='word_1_408' title='bbox 111 4654 240 4721; x_wconf 85' lang='lat' dir='ltr'><strong>Oceani</strong></span> <span class='ocrx_word' id='word_1_409' title='bbox 275 4656 608 4745; x_wconf 75' lang='lat' dir='ltr'><strong>circumnavigarerat</strong></span> <span class='ocrx_word' id='word_1_410' title='bbox 631 4657 741 4728; x_wconf 85' lang='lat' dir='ltr'><strong>sinus,</strong></span> <span class='ocrx_word' id='word_1_411' title='bbox 774 4653 815 4717; x_wconf 89' lang='lat' dir='ltr'><strong>ab</strong></span> <span class='ocrx_word' id='word_1_412' title='bbox 848 4651 997 4717; x_wconf 83' lang='lat' dir='ltr'><strong>inaudito</strong></span> <span class='ocrx_word' id='word_1_413' title='bbox 1030 4662 1128 4738; x_wconf 87' lang='lat' dir='ltr'><strong>atque</strong></span> <span class='ocrx_word' id='word_1_414' title='bbox 1163 4652 1348 4740; x_wconf 58' lang='lat' dir='ltr'><strong>incognito</strong></span> 
     </span>
    </p>
   </div>
   <div class='ocr_carea' id='block_1_3' title="bbox 0 0 1453 4958">
    <p class='ocr_par' dir='ltr' id='par_1_5' title="bbox 0 0 1453 4958">
     <span class='ocr_line' id='line_1_53' title="bbox 0 0 1453 4958; baseline 0 0"><span class='ocrx_word' id='word_1_415' title='bbox 0 0 1453 4958; x_wconf 95' lang='lat' dir='ltr'><strong> </strong></span> 
     </span>
    </p>
   </div>
  </div>
 </body>
</html>
