2850 4958
129 278 206 385 176
534 282 541 294 '
613 276 856 357 tortora

131 445 359 531 culpantibus,
381 439 472 527 quod
491 441 588 504 nimis
607 444 696 511 circa
717 466 828 509 omnes
852 446 1032 511 communis
1057 458 1164 528 esset,
1192 472 1316 539 respu-

132 532 203 595 dit:
240 532 348 591 Talem
366 550 400 588 se
418 531 650 608 Imperatorem
671 552 737 589 esse
750 536 907 613 paratu,
930 534 1039 617 quales
1062 557 1132 595 esse
1152 537 1221 598 sihi
1238 540 1316 623 bopo

128 626 260 679 totores
283 618 432 696 priuatus
450 621 611 692 -optosset
660 609 742 675 Post
771 613 933 698 ingentem
953 616 1055 699 igitur
1075 618 1237 701 gloriam,
1258 622 1315 689 beli

133 696 288 779 domique
308 694 508 779 quaesitam,
531 694 704 759 ePeruide
724 694 863 771 rediens,
886 700 972 781 apud
993 700 1179 763 Seleuciam
1194 705 1314 771 isaurius

127 780 294 865 profluvio
316 777 437 840 ventris
458 774 632 841 exstinctus
652 787 712 841 est.
755 779 850 841 Obiit
864 791 969 843 autem
984 786 1097 845 aetatis
1115 806 1205 848 anno
1218 788 1313 855 txttt.
1355 779 1359 841 ἶ

128 884 239 927 mense
260 884 370 936 nono,
392 869 425 922 et
444 858 498 921 ‹lie
519 870 656 942 quarto:
681 862 811 945 imperii
833 886 917 928 anno
940 866 1030 928 xlx.
1060 889 1173 931 mense
1196 870 1256 935 Vl.
1275 872 1314 937 die
1356 882 1359 921 ῑ

127 946 205 1011 XV.
247 948 339 1007 luter
367 945 469 1005 Divos
499 944 620 1006 relatus
650 954 714 1019 est,
745 946 899 1029 solusque
929 950 1074 1013 omnium
1100 953 1192 1014 intra
1212 954 1312 1021 Urba

129 1031 285 1112 sepultus.
331 1028 410 1089 Ossa
432 1028 500 1090 eius
521 1027 681 1090 collocata
702 1028 737 1089 ia
758 1052 838 1091 uruu
860 1053 955 1093 aurea
980 1032 1012 1094 in
1032 1036 1134 1108 toro,
1166 1038 1312 1119 quotu·
1355 1054 1358 1089 ἑ

130 1112 292 1187 dificavit‚
323 1111 382 1173 sub
414 1108 564 1172 columna
594 1112 654 1172 sita
684 1120 778 1186 suut,
807 1114 898 1175 cuius
920 1114 1059 1179 altitudo
1082 1118 1220 1183 CXLIV
1261 1124 1312 1185 clu

127 1194 240 1259 babet.
284 1197 389 1257 Huius
413 1201 538 1253 tantum
567 1195 744 1257 memoriae
773 1194 913 1259 delatum
936 1208 999 1273 est,
1022 1209 1060 1262 ut
1079 1194 1187 1285 usque
1208 1143 1311 1269 atlan-
1350 1192 1358 1257 i

126 1288 229 1343 atram
253 1288 389 1341 aemtem
413 1298 480 1337 non
501 1277 597 1340 aliter
618 1279 652 1339 iu
672 1278 791 1339 Senatu
811 1280 1016 1363 principibus
1037 1284 1250 1363 acclametur,
1267 1288 1311 1351 u'si
1352 1298 1358 1337 ἵ

123 1382 341 1425 raarcaoa
379 1380 600 1434 suousro,
637 1381 802 1421 aaaron
839 1384 1039 1428 ruarauo.
1091 1368 1189 1431 Adeo
1226 1371 1310 1435 inst
1352 1382 1358 1415 ³

127 1445 234 1527 gloria
254 1444 411 1508 bonitatis
434 1442 596 1514 obtinuit,
618 1452 655 1503 ut
675 1443 725 1505 vel
747 1445 1008 1523 adventantibus,
1033 1449 1085 1511 vel
1107 1472 1188 1514 vere
1207 1452 1315 1525 lautae,
1351 1440 1358 1503 l

128 1528 217 1592 tibus
239 1529 441 1591 occasionem
463 1526 769 1605 magnificentissimi
790 1538 932 1611 praestet
956 1532 1107 1613 exempli,

169 1614 231 1675 Vl.
261 1615 424 1673 Defuncto
455 1607 616 1683 Traiano,
652 1630 807 1673 sunaus
844 1632 1096 1680 nanninus
1133 1626 1311 1683 creatusd
1352 1634 1358 1660 ‘

124 1700 300 1781 princeps3
333 1695 401 1756 sine
432 1689 537 1772 aliqua
570 1692 702 1776 quidem
730 1692 898 1757 voluntate
928 1696 1078 1771 Traiani,
1111 1700 1169 1763 sed
1201 1722 1320 1787 operm·
1352 1718 1358 1747 ⁴

127 1780 224 1844 dante
245 1778 397 1847 Plotina,
420 1772 552 1838 Traiani
574 1797 689 1839 uxore.
732 1777 813 1839 Nam
836 1800 909 1842 eum
931 1780 1108 1857 Traianus,
1136 1806 1312 1872 quanqum
1351 1800 1358 1831 ⁴

125 1863 342 1926 consobrinae
374 1856 497 1932 lilium,
525 1861 633 1921 vivens
664 1859 817 1921 noluerat
849 1863 1017 1945 adoptare·
1064 1864 1171 1931 Natus
1203 1880 1237 1933 et
1260 1872 1312 1955 ipa
1351 1880 1358 1921 ἒ

124 1945 259 2007 Italicae
286 1945 319 2005 iu
347 1941 524 2021 Hispania,
551 1943 608 2027 qui
637 1942 770 2004 Traiani
791 1942 916 2027 gloriae
942 1946 1086 2012 invidens
1111 1952 1225 2015 statim
1243 1974 1312 2037 pro·
1353 1944 1358 2003 f

124 2028 248 2092 vincias
274 2034 339 2088 tres
369 2024 520 2107 reliquit,
548 2046 626 2108 quas
655 2024 814 2087 Traianus
844 2027 1034 2105 addiderat3
1058 2041 1090 2094 et
1115 2032 1157 2111 de
1178 2036 1311 2119 Assyria,

123 2110 360 2192 Mesopotamia
387 2117 421 2169 et
456 2107 606 2170 Armenia
628 2110 794 2169 revocavit
815 2111 992 2185 exercitus,
1023 2135 1060 2176 ac
1080 2114 1182 2178 finem
1203 2116 1313 2203 imperii
1354 2130 1357 2167 ἲ

125 2216 192 2255 asse
214 2192 318 2255 voluit
341 2190 552 2275 Euphratem.
596 2190 688 2252 Idem
716 2190 756 2253 de
785 2196 886 2256 Dacia
907 2195 1015 2257 facere
1036 2208 1215 2275 conatum,
1235 2200 1313 2263 auiti
1351 2212 1357 2224 ⁴

121 2276 364 2347 deterruerunt,
386 2295 426 2335 ne
448 2272 542 2337 multi
563 2274 652 2341 cives,
669 2274 806 2337 Romani
826 2275 975 2339 barbaris
997 2280 1227 2360 traderentur3
1245 2304 1313 2367 prc-

98 2371 234 2447 ‚pterea
257 2358 346 2444 quod
368 2357 544 2430 Troianus,
567 2358 652 2419 victa
671 2358 795 2432 Dacia,
819 2381 858 2422 ex
879 2369 950 2421 toto
974 2362 1056 2425 orbe
1075 2364 1228 2432 Romano
1248 2366 1314 2431 int·

123 2446 207 2507 nitas
230 2466 267 2514 eo
289 2440 400 2524 copias
422 2440 592 2501 bominum
612 2439 838 2518 transtulerat,
861 2443 901 2505 ad
923 2464 1018 2525 agros
1041 2454 1073 2506 et
1093 2448 1195 2511 urbes
1218 2450 1314 2513 colsu-

122 2528 190 2590 das.
234 2527 333 2589 Dacia
358 2523 443 2585 enim
465 2524 620 2587 diuturno
643 2523 731 2586 bello
753 2526 908 2589 Decebali
929 2529 1008 2592 viris
1030 2530 1139 2592 fuerat
1163 2533 1313 2597 exhausta.

161 2611 241 2671 Vll.
272 2610 388 2672 Pacem
415 2617 522 2668 tamen
548 2607 643 2673 omni
671 2615 820 2690 tempore
847 2610 977 2694 imperii
1004 2612 1051 2673 sui
1073 2614 1212 2692 babuit,
1233 2612 1314 2679 senal

119 2703 246 2755 tantum
266 2713 327 2776 per
356 2689 538 2771 praesidem
564 2691 748 2765 dimicavit,
780 2693 893 2754 orbem
920 2696 1098 2758 Romanum
1121 2698 1314 2772 circumivit,

119 2786 154 2840 et
182 2775 282 2838 multa
315 2773 505 2836 aedificarit.
549 2773 808 2837 Facundissimus
841 2776 957 2841 Latino
990 2800 1163 2855 sermone,
1203 2785 1314 2845 Graeco

119 2859 357 2923 eruditissimus
377 2858 457 2919 fuit:
481 2880 548 2920 non
567 2880 713 2942 magnam
735 2856 923 2924 clementiae
943 2861 1082 2947 gloriam
1103 2862 1245 2929 babuit:
1266 2866 1314 2929 (li-

120 2940 351 3023 ligentissimus
395 2949 502 3002 tamen
534 2941 620 3003 circa
658 2942 819 3003 aerarium
856 2952 889 3005 et
930 2942 1071 3007 militum
1106 2946 1313 3034 disciplinam.

118 3028 216 3091 Obiit
236 3027 270 3087 in
292 3024 482 3106 Campania,
505 3024 612 3087 maior
626 3026 846 3107 sexagenario,
863 3026 993 3110 imperii
1009 3050 1092 3090 anno
1109 3031 1202 3096 XXI.
1218 3050 1315 3095 meust

115 3110 160 3177 X.
192 3110 245 3173 die
265 3110 385 3170 XXIX.
428 3107 563 3168 Senatus
585 3108 614 3168 ei
637 3108 784 3169 tribuere
805 3110 911 3171 noluit
933 3110 1060 3173 divinos
1080 3112 1251 3179 honores:
1269 3124 1317 3175 ta-

117 3216 213 3268 men,
246 3212 346 3279 quum
377 3211 543 3253 successor
569 3191 670 3273 ipsius
698 3191 792 3253 Titus
812 3191 964 3256 Aurelius
985 3194 1118 3259 Fulvius
1138 3196 1319 3262 Antoninus

115 3278 183 3343 boc
205 3276 412 3337 vehementer
440 3274 599 3357 exigeret,
628 3282 661 3335 et
686 3274 830 3337 universi
857 3275 1029 3340 Senatores
1053 3278 1164 3363 palam
1186 3282 1316 3345 resiste·

116 3371 211 3432 rent,
233 3355 362 3418 tandem
383 3356 537 3418 obtinuit.

158 3441 255 3502 Vlll.
292 3437 381 3522 Ergo
417 3439 583 3500 Hadriano
615 3436 768 3499 successit
804 3460 835 3500 r.
868 3444 1100 3509 aenomaus
1135 3466 1316 3511 rouvtot

115 3544 353 3597 nosceres,
386 3519 472 3581 idem
503 3520 598 3580 etium
627 3540 723 3581 erus
753 3521 955 3600 nominatur,
988 3548 1105 3610 genere
1131 3528 1249 3603 claro,
1269 3524 1319 3594 acl

116 3630 185 3673 uon
205 3605 380 3669 admodum
400 3611 529 3665 vetere:
552 3602 606 3662 vir
627 3602 780 3683 insignis,
803 3614 835 3667 et
856 3609 911 3691 qui
933 3611 1052 3673 merito
1073 3612 1201 3675 Numae
1219 3612 1319 3675 Pom·

115 3694 201 3779 pilio
224 3692 432 3761 conferatur,
463 3687 508 3748 ita
529 3692 567 3746 ut
591 3686 731 3752 Romulo
755 3689 912 3754 Traianus
932 3702 1101 3776 aequatur.
1144 3695 1245 3759 Vixit
1264 3696 1319 3759 ia·

116 3776 205 3861 genti
231 3775 402 3836 honestate
429 3770 596 3855 privatus:
628 3771 765 3847 maiori,
796 3772 830 3835 iu
855 3774 1013 3858 imperim,
1044 3776 1127 3839 nulli
1160 3780 1316 3853 acerbus,

116 3859 242 3923 cunctis
262 3857 438 3941 benignus:
460 3853 493 3914 in
514 3874 550 3916 re
570 3848 705 3916 militari
726 3855 894 3919 moderata
914 3857 1031 3942 gloria,
1054 3860 1232 3926 defendere
1248 3878 1318 3923 ma·

115 3938 400 4089 tittttttttt
418 3936 1320 4105 tttttll⁰⁰tttt5⁰t0tt⁰t,tittt‘ttl

118 4107 288 4171 imbrobos
308 4107 377 4169 sine
398 4105 504 4190 aliqua
525 4104 702 4167 acerbitate
724 4069 900 4168 detestaris:
924 4110 1056 4188 regibus
1077 4111 1193 4174 amicis
1214 4070 1319 4176 vene-i

116 4192 231 4257 rabilis
251 4210 318 4251 non
339 4189 461 4263 minus,
483 4208 579 4272 quam
599 4187 777 4250 terribilis:
808 4188 888 4252 adeo
911 4200 949 4252 ut
968 4194 1191 4257 barbarorum
1209 4193 1318 4279 pluri·

115 4296 189 4338 mae
208 4274 372 4345 nationes,
395 4271 551 4354 depositis
574 4270 691 4344 armis,
713 4270 753 4332 ad
775 4294 849 4334 eum
869 4278 1107 4340 controversias
1129 4298 1204 4340 ustas
1224 4278 1317 4341 lites-

116 4380 183 4442 que
203 4357 383 4431 deterrent,
404 4354 645 4438 sententiaeque
666 4354 734 4416 eius
753 4365 917 4437 parerent.
960 4360 1023 4422 Hic
1044 4368 1118 4421 ante
1141 4361 1317 4445 imperium

118 4442 315 4514 ditissimus,
339 4458 416 4520 opes
439 4436 569 4518 quidem
591 4458 702 4500 omnes
721 4460 793 4500 suas
814 4439 983 4521 stipendiis
1004 4442 1159 4516 militum,
1183 4455 1217 4507 et
1231 4445 1316 4507 circu

118 4524 240 4587 amicos
259 4520 509 4585 liberalitatibus
529 4522 667 4593 minuit3
693 4540 806 4585 verum
825 4524 989 4587 aerarium
1017 4526 1212 4608 opulentum
1231 4524 1316 4591 reliq

104 4608 192 4689 quit.
219 4624 333 4673 rsus
355 4613 500 4696 propter
517 4603 723 4673 elementiam
740 4602 848 4673 dictus
866 4613 926 4712 est.
958 4606 1054 4674 obiit
1066 4610 1154 4697 apud
1167 4610 1318 4691 buriam,
