2850 4958
124 264 197 369 29a
386 309 389 317 ·
610 260 922 340 ssxrsnom·
1289 216 1316 299 ⁴

125 428 307 492 Amantinis
328 428 415 490 inter
433 425 552 489 Savum
579 436 612 488 et
630 429 776 492 Dravum
796 430 993 514 prostratis,
1016 424 1111 516 regio
1132 426 1312 494 Savensisss

125 512 350 577 Secundorum
374 508 714 621 PapnoniorumIoca
738 512 870 574 obtenta
891 522 976 574 sunt.

170 615 266 675 vul.
308 612 531 675 Marcomanni
564 621 596 674 et
626 615 755 700 Quadi,
787 614 829 677 de
850 614 933 678 locis
954 614 1131 690 Valeriae,
1160 623 1316 697 quaesunt

127 700 214 760 inter
234 699 420 760 Danubium
445 703 477 762 et
496 697 653 771 Dravum,
676 697 761 778 pulsi
783 708 875 761 sunt:
899 707 931 761 et
949 698 1044 761 limes
1067 699 1158 759 inter
1179 699 1317 760 Romanos

126 803 163 843 ac
184 782 341 843 barbaros
363 780 403 840 ab
425 779 571 862 Augusto
593 802 654 863 per
674 780 1005 864 Vindeliciam,·per
1031 782 1220 856 Noricum,
1243 782 1319 842 Pan-

123 866 257 926 noniam
283 886 320 925 ac
352 862 507 924 Moesiam
539 872 586 924 est
616 865 822 926 constitutus.
866 865 1025 926 Traianus
1045 867 1161 926 Dacos
1183 865 1319 948 subrege

123 946 282 1010 Decibalo
315 948 412 1020 vicit:
445 953 477 1006 ct
507 944 640 1008 Daciam
672 957 760 1008 trans
790 948 976 1011 Danubium
1006 946 1040 1008 in
1062 947 1137 1010 solo
1162 948 1318 1010 barbarico

148 1031 326 1093 rovinciam
348 1031 448 1091 fecit:
472 1048 554 1109 quae
575 1029 608 1089 in
631 1030 772 1092 circuitu
793 1030 899 1094 decies
914 1039 1047 1094 centena
1063 1029 1175 1093 millia
1189 1048 1321 1115 passuum

122 1053 258 1187 habuit,
290 1110 346 1175 sed
377 1112 436 1173 suh
459 1109 606 1173 Gallieno
630 1114 834 1197 Imperatore
855 1114 968 1175 amissa
991 1121 1059 1188 est:
1084 1121 1118 1177 et
1140 1135 1205 1196 per
1223 1113 1322 1176 Aure·

123 1197 269 1267 Itanum,
301 1195 465 1256 translatis
495 1193 610 1256 exinde
640 1197 814 1272 Romanis,
840 1197 922 1259 duae
942 1195 1068 1259 Daciae
1087 1190 1124 1257 in
1148 1194 1322 1282 regionibns

123 1279 268 1342 Moesiae
296 1280 349 1358 [ac
370 1276 569 1358 Dardaniae]
599 1280 703 1343 factae
723 1289 830 1351 sunt,
852 1281 960 1344 Habet
980 1278 1139 1360 Illyricas
1161 1289 1281 1363 septem
1299 1289 1324 1343 et

123 1364 236 1425 decem
256 1360 464 1443 provincias:
487 1360 687 1424 Noricorum
709 1361 787 1424 duas
799 1406 808 1438 ,
828 1360 1075 1424 Pannoniarum
1095 1362 1181 1425 duas
1193 1409 1202 1438 ,
1232 1363 1323 1426 Valc-

123 1448 229 1519 riam,
259 1445 408 1519 Saviam,
440 1444 657 1518 Dalmatiam,
689 1446 865 1509 Moesiam:
899 1446 1078 1507 Daciarum
1105 1447 1203 1508 duas.
1244 1446 1322 1508 Etis

123 1528 266 1591 dioecesi
288 1527 498 1589 Macedoniae
518 1537 594 1589 sunt
614 1536 758 1611 septem:
781 1528 984 1603 Macedonia,
1002 1528 1189 1606 Thessalia,
1204 1528 1323 1603 Achaia,

123 1610 218 1696 Epiri
240 1609 342 1686 duae,
365 1609 528 1673 Praevalis
550 1618 583 1673 et
603 1611 709 1674 Creta.

47 1780 55 1805 ,
165 1733 224 1797 ΙΧ.
255 1734 294 1796 In
320 1733 476 1795 Thracias
501 1696 702 1791 Macbdonici
733 1728 813 1793 belli
836 1733 1008 1796 occasione
1027 1742 1257 1799 transcursum
1274 1743 1324 1798 est.

102 1816 307 1879 'Saevissimi
330 1818 476 1879 omnium
500 1816 644 1896 gentium
675 1814 818 1876 Thraces
845 1817 990 1879 fuerunt.
1033 1819 1073 1879 In
1095 1819 1259 1883 Thraciae
1277 1839 1328 1880 re-

121 1901 276 1984 gionibus
305 1900 469 1964 Scordisci
500 1898 751 1968 habitaverunt,
787 1899 913 1979 pariter
945 1899 1077 1963 crudele
1115 1910 1151 1963 et
1187 1901 1327 1965 callidum

122 2004 243 2066 genus:
276 1983 316 2044 de
348 2003 489 2065 quorum
521 1980 652 2042 saevitia
678 1980 779 2042 multa
807 1982 955 2045 fabulose
975 1993 1229 2061 memorantur,
1251 1985 1344 2069 quod'

121 2064 241 2128 hostiis
263 2066 468 2147 captivorum
492 2063 564 2124 Diis
586 2062 651 2122 suis
673 2062 849 2144 aliquando
872 2065 1058 2139 litaverint,
1080 2076 1187 2152 atque
1207 2070 1325 2154 sangni-

120 2169 196 2210 nem
218 2147 393 2208 humanum
415 2147 448 2206 in
472 2145 597 2206 ossibus
619 2145 763 2225 capitum
784 2155 901 2226 potare
922 2151 987 2211 sint
1006 2149 1112 2213 soliti.
1158 2153 1322 2235 Saepeper

61 2226 64 2235 ’
124 2251 179 2291 eos
200 2231 363 2291 Romanus
386 2237 433 2291 est
454 2248 562 2290 caesus
586 2228 758 2290 exercitus.
803 2230 849 2290 M.
871 2231 989 2294 Didius
1005 2242 1174 2316 ·vagantes
1195 2236 1321 2297 Thracas

121 2313 305 2396 repressit:
332 2314 378 2374 M.
401 2315 527 2373 Drusus
550 2308 635 2371 intr'a
657 2308 735 2372 fines
756 2313 913 2393 proprios
934 2315 1117 2377 continuit:
1150 2321 1197 2380 M.
1221 2321 1325 2380 Minu-

122 2396 192 2459 cius
214 2397 247 2458 in
268 2396 372 2457 Hebri
400 2396 542 2457 fluminis
569 2393 672 2474 glacie
703 2396 849 2458 vastavit.
892 2397 958 2460 Per
985 2398 1135 2480 Appium
1169 2401 1328 2464 Claudium

119 2477 356 2541 Proconsulem
381 2479 438 2552 hi,
463 2479 519 2562 qui
541 2476 726 2559 Rhodopen
752 2478 958 2554 incolebant,
985 2483 1063 2543 victi
1085 2493 1180 2547 sunt.
1218 2484 1328 2546 Euro-

119 2583 182 2644 pae
203 2562 381 2624 maritimas
403 2562 501 2623 urbes
524 2570 617 2621 antea
639 2558 783 2621 Romana
805 2562 913 2624 classis
935 2564 1090 2626 obtinuit.
1141 2568 1189 2633 Μ.
1209 2568 1328 2630 Lucul-

116 2645 170 2708 Ius
199 2667 260 2726 per
293 2645 448 2706 Thracias
480 2666 555 2706 cum
587 2643 689 2703 Bessis
715 2645 858 2725 primum
881 2647 1038 2711 conflixit.
1081 2648 1217 2729 Ipsam,
1243 2660 1328 2734 caput

118 2729 247 2813 gentis,
271 2727 417 2789 Tratiam
439 2729 537 2788 vicit:
570 2725 858 2788 Haemimontanos
879 2730 1026 2812 subegit:
1059 2730 1327 2816 Eumolpiadam,

122 2832 205 2892 quae
226 2833 311 2872 nunc
332 2809 576 2892 Philippopolis
599 2807 741 2883 dicitur3
772 2810 1008 2886 Uscudamam,
1032 2835 1118 2895 quae
1141 2819 1247 2880 modo
1270 2820 1328 2879 Ha-

121 2894 326 2977 drianopolis
356 2895 560 2965 nominatur,
589 2890 623 2951 in
652 2890 809 2954 ditionem
837 2903 982 2955 nostram
1004 2896 1159 2980 redegit:
1194 2902 1325 2984 Calyhen

118 2979 218 3059 cepit.
263 2978 368 3058 Supra
390 2977 530 3038 Pontum
552 2974 676 3058 positas
698 2976 843 3037 civitates
869 2980 1061 3059 occuparit,
1083 2981 1325 3063 Appolloniam,

122 3062 263 3135 Calatin,
296 3060 572 3142 Parthenopolin,
607 3058 747 3132 Tomos,
780 3062 920 3131 Istrum:
952 3061 1218 3128 ad'Danubium
1240 3088 1324 3151 usque

106 3145 333 3227 ,perveniens,
356 3144 501 3204 Romana
521 3140 652 3222 Scythis
673 3165 762 3203 arma
783 3144 987 3207 monstravit.
1029 3147 1081 3206 Ita
1104 3150 1233 3212 ditioni
1255 3153 1324 3212 Rei·

146 3229 271 3289 ublicae
296 3248 350 3288 sex
373 3227 586 3287 Thraciarum
608 3226 797 3304 provinciae
819 3237 893 3287 sunt
915 3229 1145 3309 conquisitae:
1182 3235 1322 3304 Thracia,

118 3250 387 3380 llaemimontus,
412 3309 534 3370 Moesia
556 3306 711 3382 inferior,
734 3309 886 3391 Scythia,
909 3310 1094 3394 Rhodope,¹
1114 3315 1274 3402 Europa:
1297 3318 1321 3376 in

121 3415 185 3474 qua
207 3416 291 3454 nunc
318 3391 475 3454 secundae
506 3411 595 3454 arces
626 3389 764 3453 Romani
787 3393 877 3454 orbis
897 3404 972 3455 sunt
993 3397 1215 3478 constitutae,
1248 3403 1320 3463 Con-

120 3477 363 3557 stantinopolis.

57 3627 59 3632 .
158 3579 200 3639 X.
233 3580 326 3640 Nunc
356 3577 440 3639 ans
471 3587 598 3659 partes,
628 3584 801 3659 totumque
834 3578 1026 3654 Orientem,
1054 3602 1092 3643 ac
1124 3586 1253 3667 positas
1271 3583 1316 3647 snb

120 3662 231 3726 'vicino
261 3662 330 3723 sole
359 3661 563 3743 provincias,
597 3662 653 3742 qui
686 3669 836 3722 auctores
867 3664 1004 3745 sceptris
1030 3665 1095 3726 tuis
1119 3671 1313 3748 paraverint,

123 3746 314 3828 explicabo:
347 3767 411 3827 quo
434 3743 576 3806 studium
597 3743 786 3806 clementiae
806 3751 902 3818 tuae,
935 3745 1025 3827 quod
1045 3748 1080 3807 in
1102 3748 1222 3814 iisdem
1243 3774 1315 3834 pro-

119 3829 275 3910 pagandis
298 3829 415 3901 habes,
446 3827 584 3909 amplius
615 3829 787 3889 excitetur.
829 3827 905 3889 Asia
932 3829 1086 3891 societate
1117 3833 1223 3897 Attali
1245 3835 1313 3915 rogis

120 3920 200 3970 nota
221 3912 372 3972 Romanis
394 3921 461 3983 est,
491 3931 624 3991 eamque
646 3910 748 3972 Attali
771 3919 962 3972 testamento
986 3912 1138 3976 relictam
1161 3918 1315 3981 heredita-

83 4004 86 4013 '
119 3993 173 4053 rio
206 3995 277 4054 iure
306 3993 518 4074 possidemus.
562 3995 611 4055 Ne
642 3992 722 4076 quid
752 4001 860 4056 tamen
890 3993 1031 4076 populus
1064 3996 1231 4063 Romanus
1257 4019 1315 4059 non

119 4075 245 4137 viribus
265 4086 395 4157 partum
417 4077 572 4150 haberet,
601 4079 697 4138 armis
718 4097 779 4154 per
800 4099 860 4139 nos
881 4078 920 4138 ab
943 4078 1133 4154 Antiocho,
1159 4085 1314 4168 Syriarum

118 4180 197 4238 rege
228 4162 389 4233 maximo,
421 4168 470 4219 est
499 4160 671 4222 vindicata.
714 4159 835 4220 Eadem
869 4161 1039 4222 occasione
1071 4166 1173 4229 etiam
1203 4167 1312 4250 Lydia,

119 4244 210 4303 sedes
238 4244 367 4325 antiqua
400 4264 597 4321 regnorum,
631 4242 746 4314 Caria,
775 4243 1025 4324 Hellespontus,
1048 4269 1084 4308 ac
1105 4248 1273 4336 Phrygiae
1290 4250 1314 4308 in

117 4335 312 4406 potestatem
333 4326 449 4407 populi
471 4325 606 4386 Romani
637 4329 744 4387 iuncta
767 4325 935 4386 deditione
955 4342 1189 4409 pervenerunt.
1235 4334 1313 4394 Rho·

120 4408 205 4479 diis,
230 4410 262 4468 in
285 4410 458 4470 insularum
480 4412 631 4492 populis,
654 4410 796 4490 primum
819 4410 1052 4486 infestissimis,
1074 4427 1154 4496 post
1174 4417 1315 4479 fidelissi·

119 4493 180 4552 mis
202 4493 449 4553 auxiliatoribus
474 4494 521 4553 usi
552 4515 670 4554 sumus.
713 4493 762 4551 Ita
791 4493 944 4567 Rhodus,
978 4504 1010 4555 et
1037 4496 1163 4562 insulae
1183 4503 1315 4580 primum

116 4572 221 4635 libere
242 4576 398 4659 agebant:
421 4584 531 4659 postea
554 4578 586 4638 in
609 4575 875 4663 consuetudinem
898 4578 1036 4663 parendi
1055 4582 1235 4659 Romanis,
1258 4582 1316 4646 cle-
