2850 4958
1158 263 1310 353 'xe

67 446 163 499 tuere
182 427 355 515 nonforet
375 427 510 495 humani
526 425 660 515 ingemi,
676 439 892 513 properanter
903 451 945 495 ac
956 430 1189 516 inffeliciterab
1202 441 1319 503 ams‘co·

67 516 208 605 quodam
238 512 445 599 descriptiva,
469 512 679 598 premendum
704 516 803 597 plane
832 516 1016 593 censebam,
1046 518 1148 579 donec
1165 522 1314 587 melioris

66 601 159 665 nobes
179 598 300 663 codicis
306 602 412 681 fieret
434 602 550 680 copta,
581 620 674 683 quem
697 620 887 679 acceperam
907 597 1024 663 baberi
1049 601 1227 665 Mediolani
1249 608 1313 683 inq
1398 622 1402 629 ·

62 697 196 753 ventum
216 685 294 747 olim
314 705 337 743 a
364 686 505 765 Georgia
536 682 675 745 Merula.
717 682 845 763 [Codex
867 684 1114 783 Mediolanffns
1137 710 1314 773 numquam

61 772 232 852 apparuit,
254 767 371 848 etfuit
389 763 479 827 baud
498 764 592 827 dubie
598 764 716 846 falsus
734 767 792 828 ille
803 772 941 849 rumam]
986 774 1107 847 Verum
1125 770 1201 833 dum
1212 770 1324 851 [ωε

60 864 138 914 stra
168 856 238 913 sam
268 854 349 913 treis
378 873 481 913 annos
511 861 756 933 exspectamus,
788 852 919 913 interim
949 851 1151 928 doctissimus
1180 860 1323 941 quisque.

61 957 191 997 mecum
214 960 258 997 ea
279 936 421 1010 ostulat,
447 944 590 997 curtam
609 936 767 1015 insignem
789 947 938 995 autorem
960 936 1110 998 studiosis
1129 944 1315 1005 communi·

61 1030 235 1079 caretum
266 1024 272 1037 '
314 1017 476 1100 dfferam.
520 1014 654 1080 Addunt
677 1020 822 1080 convicia
843 1017 985 1103 quidam,
1000 1019 1198 1097 dictitantes,
1218 1025 1314 1087 illum

62 1106 99 1164 in
116 1099 180 1163 hoc
201 1123 224 1163 a
251 1126 302 1163 me
326 1106 454 1185 premi,
479 1114 515 1163 ut
546 1102 625 1163 olim
645 1100 786 1161 alimum
811 1124 890 1183 opus
918 1113 1074 1186 tanquam
1098 1108 1223 1187 ingenii
1247 1110 1316 1171 mei

45 1185 231 1267 saetarum
243 1182 479 1269 gloriabundus
501 1188 536 1247 in
551 1182 717 1267 publpbum
736 1188 895 1261 enss'ttarn.
937 1186 1083 1247 Proinde
1101 1210 1186 1251 nunc
1206 1190 1325 1267 aaa,

61 1291 136 1329 mus
157 1274 298 1329 omnium
328 1268 529 1331 eruditorum
557 1270 641 1331 rotis
669 1273 850 1350 expetitum
879 1279 911 1329 et
940 1268 1018 1349 arete
1032 1278 1250 1354 promissum,
1272 1298 1313 1339 ne

61 1351 224 1413 studiosos
244 1352 366 1413 diutius
391 1348 484 1414 buius
510 1348 666 1413 desiderio
692 1351 974 1427 maceremusff'7-
990 1356 1052 1437 ‚De
1074 1376 1137 1438 qua
1164 1357 1313 1423 editione

61 1433 183 1497 Petrus
199 1436 399 1497 Burmannus
417 1435 450 1496 in
465 1433 674 1496 Praefatioue
694 1456 772 1497 suae
791 1434 946 1497 editionis
971 1434 1053 1505 haee
1074 1440 1195 1502 refert:
1226 1446 1315 1517 „Vi-

64 1529 145 1593 tans,
169 1520 220 1582 sel
232 1522 345 1601 potius
364 1542 408 1579 ea
429 1518 584 1591 tenebris,
606 1514 719 1600 quibus
734 1541 800 1602 per
816 1529 867 1580 tat
885 1520 996 1601 secula¹
1014 1532 1119 1585 tectus
1141 1524 1310 1602 latuerat,

61 1598 97 1663 in
116 1603 221 1662 lucem
241 1600 381 1663 reditum
399 1598 491 1663 debet
518 1602 782 1663 vestanensem
804 1598 960 1665 Rbenano
979 1604 1219 1685 Selestadiensi,
1241 1614 1313 1673 siro

62 1680 97 1746 in
113 1688 230 1767 primis
249 1685 316 1745 illis
334 1688 569 1745 renascentium
589 1684 775 1744 litterarum
790 1707 851 1766 per
876 1691 1085 1749 Germaniam
1097 1692 1213 1767 initiis,
1232 1692 1312 1755 ati-

56 1772 185 1851 gentia‚
207 1767 403 1842 eruditione,
426 1778 459 1827 et
478 1766 564 1851 quod
579 1771 775 1847 primarium
795 1771 829 1827 in
849 1764 910 1828 boc
928 1769 1036 1831 studia
1055 1782 1116 1846 ert,
1124 1774 1323 1855 fideprae-.

62 1854 171 1934 σι’ριιο,
192 1862 225 1911 et
240 1850 441 1931 principibus
460 1846 618 1911 bonarum
635 1854 758 1909 artium
773 1854 1046 1915 instauratoribus
1058 1854 1312 1921 adnumeranda:

62 1938 135 2019 qui,
157 1947 194 1995 ut
209 1935 360 2016 plurs'rns's
385 1932 564 1995 industriae
593 1943 626 1993 et
654 1932 823 1993 doctrinae
851 1941 1064 1999 monumentis
1091 1942 1312 2003 immortalem

62 2018 129 2079 sibi
141 2018 231 2101 apud
241 2029 391 2101 posteros
410 2014 538 2077 laudem
553 2027 709 2097 pareret,
734 2016 771 2079 id
789 2022 883 2078 unice
903 2018 1044 2101 agebat,
1071 2034 1109 2084 ut
1129 2047 1173 2085 ec
1191 2047 1312 2085 mona-

64 2105 235 2165 steriorum
255 2100 450 2177 recessibus,
479 2102 536 2161 ubi
548 2099 682 2181 pulvere
702 2110 734 2161 et
752 2104 818 2162 situ
839 2100 938 2164 obsiti
955 2108 1071 2166 ueteris
1089 2111 1164 2167 aeui
1185 2108 1313 2172 codices

59 2182 308 2267 putrescebant,
331 2180 542 2262 protraheret
573 2182 695 2245 eruditi
721 2184 884 2266 quondm
905 2191 1059 2266 temporis
1079 2190 1253 2273 reliquias,
1277 2204 1313 2255 et

63 2290 138 2329 cum
158 2269 235 2329 orbe
256 2266 383 2331 erudito
403 2270 669 2339 communicaret.
712 2270 745 2327 Is
771 2270 806 2328 in
824 2268 972 2329 coenabii
990 2270 1208 2334 Morbacensis
1223 2276 1310 2355 plu-

63 2356 124 2412 teis
147 2373 220 2412 cum
245 2344 501 2434 antiquissimum
529 2348 656 2422 Velleii,
681 2352 773 2411 euius
794 2354 854 2415 uia
877 2373 992 2412 namen
1015 2353 1172 2431 eruditis,
1195 2358 1311 2422 nedum

63 2434 219 2495 inertibus
238 2445 271 2495 et
288 2437 415 2515 ignauis
434 2429 621 2507 monacbis,
647 2432 795 2493 auditum
817 2445 908 2510 erat,
931 2437 1099 2516 exemplar
1118 2445 1309 2518 reperisset,

61 2517 148 2577 illud
172 2517 313 2580 describi
329 2521 412 2599 typis
438 2516 651 2577 Frobenianis
683 2518 879 2597 (Basileae)
905 2540 992 2578 anno
1023 2525 1164 2582 clam
1202 2529 1306 2588 iussit.

64 2603 128 2661 Cui
151 2600 290 2662 editioni
309 2600 423 2681 paullo
445 2610 523 2681 post
550 2595 707 2660 lebannes
736 2599 891 2661 Albertus
921 2606 1099 2678 Burerius,
1138 2611 1196 2688 qui
1219 2613 1308 2690 quis,

60 2684 206 2767 qualisve
209 2684 327 2761 suerit
334 2704 454 2764 parum
469 2678 550 2742 mibi
561 2693 700 2755 constat,
712 2682 834 2744 adiecit
855 2678 1090 2765 emendationes
1112 2690 1308 2767 Velleianas,

61 2788 105 2827 err
127 2770 199 2845 ipso
221 2766 280 2826 illo
300 2770 413 2839 unico,
431 2775 467 2824 ut
490 2767 597 2826 sectas
618 2764 748 2840 codice,
770 2771 1014 2829 accuratissime
1029 2772 1310 2854 sollempnitas.

59 2849 124 2911 Sed
141 2850 200 2930 qui
212 2846 319 2927 fidem
345 2859 377 2907 et
396 2850 618 2926 integritatem
641 2850 841 2930 sequentibus
865 2851 983 2912 Velleii
1005 2856 1231 2936 interpretibus
1250 2863 1309 2921 urle

55 2930 203 3015 probare
218 2928 364 3012 potuit.”
405 2926 616 2989 Burerius-in
638 2929 857 3013 Picentinus·
893 2940 1099 3006 „Praeterea
1127 2960 1200 2997 cum
1225 2938 1309 3000 bunc

60 3025 222 3077 recentem
245 3020 369 3075 uetusto
394 3010 502 3071 Vellei
519 3008 628 3071 codici
643 3010 845 3090 corfferrem,
872 3013 1001 3096 inquit‘,
1026 3040 1090 3078 non
1110 3021 1203 3079 modo
1225 3042 1309 3084 uer-

60 3120 132 3157 sum
150 3098 269 3169 versui,
288 3094 347 3157 sed
363 3097 464 3155 ettam
483 3092 641 3175 syllabam
659 3094 813 3172 syllabae,
835 3100 868 3154 et
885 3097 985 3178 (quod
1002 3099 1105 3160 alicui
1117 3104 1192 3181 plus
1211 3126 1309 3185 quam

60 3184 225 3241 curiosum
245 3200 288 3238 aa
303 3201 385 3260 pene
403 3176 539 3238 stultum
559 3174 663 3240 rideri
680 3182 792 3262 qraeat)
811 3183 912 3240 etiam
931 3179 1063 3241 literam
1083 3185 1200 3245 literne
1221 3210 1310 3249 con-

61 3266 143 3337 tuli,
166 3286 206 3325 ne
225 3262 305 3348 quid
320 3284 384 3337 nan
405 3272 560 3343 ageretur
579 3263 703 3331 iurem
722 3261 951 3325 studiosorum.
979 3266 1126 3330 Valete.”
1150 3269 1227 3330 Fuit
1245 3292 1310 3332 au-

66 3356 132 3408 tem
154 3344 211 3409 ille
229 3344 517 3416 memhrenseeus,
547 3340 804 3419 sed-vetustate,
824 3345 1015 3409 maximin
1035 3348 1121 3427 fine,
1144 3352 1186 3413 ite
1206 3376 1308 3417 arru-

62 3452 128 3504 sus,
151 3431 197 3493 nti
219 3429 296 3509 pix,
320 3426 400 3511 quid
422 3427 581 3508 scriptum
603 3426 724 3499 inerit,
751 3436 936 3511 appareret.
978 3429 1113 3497 Litteris
1143 3437 1307 3501 minuscu-

63 3511 104 3575 lis
125 3514 279 3595 scriptus,
300 3521 400 3595 atque
420 3531 459 3571 ex
481 3509 537 3570 tali
560 3511 801 3592 transscriptus.
826 3512 994 3575 Vetustius
1009 3516 1074 3578 illis
1089 3541 1169 3581 vero
1185 3534 1322 3582 exem-'

66 3596 141 3679 pier
160 3606 325 3659 emratum
347 3595 447 3663 fuisse
466 3593 598 3655 videtur
616 3593 737 3671 litteris
760 3596 958 3661 maiusculis.
989 3596 1038 3658 lta
1060 3601 1095 3662 in
1114 3605 1307 3668 vetustissi-

66 3702 122 3741 mo
148 3677 324 3763 exemplari
355 3677 509 3780 apperuit
522 3674 950 3754 -1NAsltMAcNEsstM,
974 3680 1062 3743 unde
1080 3682 1305 3769 descriptum

64 3765 98 3824 in
121 3762 230 3827 Asiam
250 3785 288 3825 uc
309 3762 451 3835 Nessum,
474 3758 565 3907 pund
586 3759 758 3822 Rhenanus
778 3762 922 3843 feliciter
942 3763 1146 3839 emendarint,
1165 3768 1199 3832 in
1227 3772 1306 3843 Asia

61 3842 273 3929 Magnesiam.
306 3846 457 3929 Scriptus
492 3845 542 3907 uit
561 3844 699 3906 vocibus
721 3842 892 3919 disiunctis
907 3846 1030 3931 absque
1048 3851 1179 3933 punctis
1193 3863 1226 3917 et
1241 3854 1305 3923 diu-

60 3930 306 4004 stinctionihns,
325 3928 406 3992 lieet
420 3927 578 3995 Burerius
595 3926 894 4010 interpunctionem
915 3950 1012 4012 saepe
1024 3936 1199 3999 usuvenit.
1232 3938 1306 4001 Ne-

63 4006 131 4097 que¹
148 4015 257 4078 ceruit
285 4010 490 4094 compendiis
517 4009 694 4073 scribendi.
745 4009 899 4075 Testatur
923 4013 1108 4095 Rhenanus,
1128 4040 1222 4095 eum,
1244 4023 1320 4104 qui.

64 4100 156 4163 illum
179 4096 253 4161 cod.
276 4094 505 4178 descripserit,
524 4115 567 4157 ne
587 4095 722 4187 verbum
744 4094 875 4177 quidem
896 4094 1109 4178 intellexisse:
1131 4104 1197 4166 tuis
1217 4108 1321 4169 enirn·

64 4182 119 4255 ille
141 4182 277 4265 prorsus
299 4179 504 4253 ineruditns3
527 4200 629 4263 quare
649 4178 815 4242 interdum
829 4175 975 4257 scripsit,
990 4202 1078 4266 quae·
1087 4186 1182 4249 omni·
1191 4197 1306 4250 carent

61 4288 177 4339 sensu,
200 4262 358 4349 quaedam
382 4262 530 4338 omissit3
553 4260 614 4322 elia
635 4262 686 4324 bis
706 4263 838 4347 posuit3
860 4260 945 4337 ntia,
971 4287 1056 4351 quae
1075 4272 1316 4352 praetermissa.

63 4348 315 4419 animadvertit,
339 4347 397 4415 ubi
416 4344 534 4421 libuit,
555 4342 702 4409 addidit:
725 4348 770 4410 ite
790 4355 828 4409 ut
848 4353 938 4411 unu
960 4350 1137 4415 verborum
1158 4364 1191 4419 et
1211 4355 1308 4419 litte-

63 4455 178 4498 rarum
200 4431 383 4494 immutatio
416 4438 449 4491 et
475 4429 626 4493 confusio
650 4439 724 4494 orta
744 4432 805 4505 sit,
836 4437 989 4515 quanm
1019 4434 1164 4505 irs-nullo
1188 4435 1306 4501 audica

64 4540 163 4580 manu
186 4515 310 4597 scripto
333 4514 416 4576 alius
436 4513 556 4577 veteris
576 4514 751 4597 scriptoris
770 4514 1045 4595 facite‘repertas.

106 4598 148 4665 Β.
176 4596 323 4663 numni·
341 4597 446 4665 editio
465 4597 621 4687 princeps
641 4596 868 4680 cadica-loeo,-
883 4600 1067 4679 uobisasss
1080 4598 1191 4681 dehet,
1204 4616 1321 4687 qum-
