2850 4958
188 266 263 347 aaa
447 257 673 339 oannis
698 258 1187 366 mammosa-ap

44 503 47 508 ,
141 432 291 499 catinum
312 426 396 512 egit,
415 432 451 490 et
477 444 619 490 caussam
641 424 804 490 sacerdoti
816 426 973 492 ¹Itomano
995 427 1159 510 exposuit.
1202 426 1272 492 Ille
1293 431 1382 497 callis

143 516 243 581 abdue
268 512 371 585 dixit,
390 511 483 592 prius
507 533 581 573 eum
604 510 679 572 viro
702 510 835 573 flumine
857 531 970 572 manns
989 512 1124 575 abluere
1147 509 1287 577 debere.
1327 518 1382 579 Las

142 600 270 678 adtinus
289 595 365 656 dum
383 593 424 654 ad
439 592 586 657 Tiberim
607 592 791 667 descendit,
811 594 963 657 sacerdos
985 595 1105 657 bovem
1123 592 1324 661 immolavit.
1342 602 1384 665 Its

161 672 936 830 attttttttttil¹¹⁸aatltttt'tnttt
962 678 1385 827 „iiiiiiiiinliii'l

142 788 282 930 ¹quum
313 805 486 927 Tarquinii
512 842 597 905 tilios
620 845 693 925 pari
718 844 826 905 animo
851 807 1001 919 videist,
1028 854 1065 906 ut
1091 845 1242 907 omnium
1267 789 1400 915 ,mailli

179 950 311 994 morum
336 927 523 990 diversitate
541 925 680 999 leniret,
711 928 856 990 ferocem
879 929 971 1003 miti,
996 929 1109 1005 mitem
1133 928 1246 991 feroci
1268 930 1304 991 in
1323 956 1384 997 ms-

138 993 372 1080 xStrimonium
391 1008 502 1073 dedit.
544 1006 608 1071 Sed
635 1007 730 1072 mites
759 1030 815 1072 seu
842 1010 930 1073 forte
962 1033 1018 1073 seu
1048 1008 1165 1079 stands
1194 1015 1383 1095 perierunt}

140 1100 306 1186 x7leroces
325 1115 453 1163 morum
477 1092 657 1154 similitudo
678 1094 857 1157 coniunxit.
900 1094 1018 1157 Statim
1040 1094 1245 1179 Tarquinius
1265 1096 1383 1181 Super-

178 1181 260 1255 bus,
288 1202 306 1239 a
328 1174 437 1238 Tullia
457 1172 608 1238 incitatus
620 1221 629 1250 ,
655 1175 813 1240 advocato
833 1173 966 1253 Senatu,
988 1198 1123 1262 regnum
1148 1187 1329 1260 paternum
1342 1178 1383 1249 rs·

140 1264 299 1347 18petere·
312 1246 433 1344 coepit.
459 1257 549 1339 'Qus
568 1281 605 1322 re
622 1257 749 1335 audita,
775 1258 927 1335 Servius,
951 1261 1028 1323 dum
1048 1256 1089 1323 ad
1109 1258 1241 1323 curiam
1262 1280 1384 1351 prope·-

178 1355 252 1420 rat,
285 1344 372 1406 iussu
401 1339 573 1427 Tarquinii
602 1340 756 1428 gradibus
792 1343 936 1407 deiectus
963 1354 1013 1418 et,
1039 1336 1173 1406 domum
1199 1347 1381 1435 refugiens,

139 1430 370 1521 spinterfectus
398 1434 456 1489 est.
501 1423 609 1488 Tullia
637 1423 749 1489 statim
778 1427 813 1489 in
847 1430 957 1489 forum
985 1418 1200 1510 properavit,
1234 1441 1269 1494 et
1286 1428 1383 1517 prim

178 1515 351 1596 coniugem
379 1530 488 1593 regem
518 1506 684 1571 salutavit:
712 1533 730 1571 a
761 1529 826 1593 quo
858 1506 949 1573 iussa'
967 1500 1064 1574 turba
1089 1504 1271 1589 decedere,
1293 1539 1382 1599 ῃιιω

149 1580 153 1599 ’
179 1597 312 1659 domum
333 1592 474 1669 rediret,
494 1591 564 1654 viso
583 1591 686 1675 patris
703 1614 867 1677 corpore,
895 1590 1074 1656 mulionem
1095 1592 1275 1670 esitantem
1295 1616 1382 1683 super

178 1683 284 1764 ipsum
308 1697 428 1759 corpus
448 1685 639 1759 carpentum
664 1697 760 1761 agere
778 1678 962 1761 praecepit:
984 1675 1069 1738 unde
1091 1672 1183 1737 uicus
1204 1672 1265 1743 ille
1281 1678 1383 1747 Scele·

177 1773 269 1830 ratus
290 1760 407 1825 dictus.
448 1759 569 1827 Postea
591 1757 700 1825 Tullia
723 1782 798 1823 cum
815 1756 954 1846 coniuge
974 1756 1008 1822 in
1030 1754 1181 1834 exsilium
1200 1772 1277 1829 acts
1293 1774 1351 1831 est.

589 1940 615 2003 C
639 1938 668 2000 Α
690 1936 717 2003 Ρ
741 1938 775 2003 U
798 1939 828 2002 Τ
874 1938 971 2003 vlu.

314 2101 318 2107 .
382 2072 576 2130 raaonmms
600 2072 775 2130 cremans,
800 2073 1002 2120 annaneane
1020 2074 1082 2119 arx
1101 2054 1185 2122 vn.
1280 2130 1284 2135 ,

217 2207 416 2293 Tarquinius
434 2205 601 2289 superbae
626 2226 808 2289 cognomen
832 2200 1137 2274 moribns'meruit.
1166 2212 1293 2275 Occiso
1310 2208 1377 2274 Ser-¹

136 2296 230 2360 avio
252 2282 385 2366 Tullio,
412 2313 546 2373 regnum
572 2283 706 2352 sceleste
728 2288 912 2372 occupavit.
956 2292 1079 2356 Tamen
1101 2295 1190 2358 bello
1218 2304 1374 2369 strenuus,

178 2379 311 2441 Latinos
325 2376 533 2457 Sabinosque
552 2372 701 2446 domuit',
726 2371 874 2434 Suessam
897 2374 1081 2438 Pometiam
1100 2379 1235 2442 Volscis
1255 2380 1374 2462 eripuit}

178 2463 301 2525 Gabios
326 2481 387 2544 per
411 2458 544 2519 Sextum
571 2455 695 2529 filium,
719 2456 871 2519 simulato
902 2461 1102 2537 transfugio,
1130 2462 1165 2523 in
1191 2468 1371 2546 potestaten
1406 2440 1417 2493 ¹¹

136 2545 327 2626 bredegit3
358 2551 390 2604 et
412 2542 509 2603 serias
530 2540 660 2608 Latinas
678 2540 804 2620 primns
826 2539 982 2603 instituit.
1026 2544 1131 2605 Poros
1159 2546 1194 2606 in
1218 2542 1371 2619 Circo‚et
1406 2519 1417 2578 l

178 2624 320 2690 cloacam
351 2625 522 2686 maximam
553 2624 648 2695 fecit,
683 2622 740 2683 ubi
770 2624 872 2685 totius
905 2625 1023 2709 populi
1054 2628 1182 2689 ririlaus
1212 2651 1290 2690 usus
1316 2636 1368 2691 estt

135 2709 263 2791 ‘tunde
292 2706 366 2770 illae
392 2709 497 2791 fossae
522 2706 701 2785 Quiritium
722 2715 797 2767 sunt
817 2706 934 2770 dictae.
979 2711 1087 2786 Quum
1110 2712 1310 2794 Capitolium
1328 2712 1367 2771 ia-

177 2796 324 2876 ciperet,
351 2799 448 2872 caput
470 2789 614 2851 hominia
635 2789 779 2864 invenit,
801 2789 887 2854 unde
908 2794 1074 2870 cognitum
1098 2804 1156 2868 est,
1172 2809 1250 2857 'eam
1270 2795 1366 2856 urben
1416 2790 1417 2794 ’

136 2876 156 2940 b
179 2887 276 2960 capnt
296 2874 438 2953 gentium
453 2875 609 2935 futuram.
653 2871 695 2932 Et
712 2895 811 2955 quum
831 2874 866 2935 in
884 2875 1057 2938 obsidione
1073 2874 1201 2939 Ardeae
1217 2876 1302 2939 filius
1315 2870 1366 2937 ein

177 2961 347 3022 Lucretiae
365 2968 513 3039 stuprum
540 2953 717 3030 intulisset,
739 2975 813 3018 cum
838 2978 876 3020 eo
903 2958 938 3019 in
960 2959 1108 3022 exsilium
1130 2969 1233 3034 actus,
1250 2961 1291 3021 ad
1303 2954 1366 3020 Por

177 3065 306 3117 senam,
336 3041 488 3102 Etruriae
513 3058 643 3121 regem,
670 3041 835 3124 confugit„
868 3041 959 3103 cuius
990 3064 1053 3126 ope
1080 3064 1219 3128 regnum
1241 3045 1366 3105 retinere

136 3127 157 3190 6
178 3128 324 3189 tentarit.
366 3122 503 3196 Pulsus,
526 3122 641 3184 Cumas
665 3120 846 3201 con'cessit3
871 3125 930 3188 nbi
948 3148 1009 3212 per
1026 3148 1184 3190 summam
1204 3120 1365 3216 ignomini-

177 3232 230 3273 am
250 3209 414 3293 reliquum
437 3208 522 3270 ritae
540 3214 671 3295 tempus
691 3204 808 3294 exegit.
1307 3207 1311 3215 ’

616 3382 844 3453 CAPUT
884 3385 945 3452 1x.

359 3533 389 3576 n.
410 3529 603 3587 rssQumns
627 3529 814 3574 constamus
845 3531 883 3573 nr
914 3530 1068 3578 nucssm
1091 3530 1191 3580 uxot.

216 3663 414 3749 Tarquinius
451 3661 647 3735 Collatinas,
677 3682 793 3726 sorore
822 3663 982 3748 Tarquini
1010 3667 1152 3752 Superbi
1175 3660 1370 3752 genitas,ir
1416 3676 1417 3692 ¹

154 3797 157 3805 .
180 3751 397 3813 contubernio
419 3749 571 3810 iuvenum
593 3744 762 3829 regiorum
780 3746 907 3810 Ardeae
929 3759 1015 3812 erat:
1041 3753 1099 3814 ubi
1118 3774 1219 3834 quam
1242 3754 1329 3815 forte
1342 3750 1369 3811 in

178 3831 338 3896 liberiore
362 3831 509 3894 convivio
535 3828 705 3908 coniugem
724 3853 814 3892 suam
833 3834 1055 3918 unusquisque
1072 3835 1239 3911 laudaret,
1261 3832 1373 3921 placuit

130 3930 161 3975 '2
183 3917 336 3997 experiri.
356 3936 360 3961 ³
379 3917 495 3998 ltaque
518 3913 609 3996 equis
628 3914 764 3977 Romam
780 3923 908 3997 petunt.
952 3918 1066 4003 Regias
1083 3936 1185 3981 nurus
1209 3920 1244 3981 in
1267 3915 1374 3983 soavi-

181 3998 235 4058 vio
257 4008 292 4069 et,
306 3998 384 4060 luxu
404 3995 661 4081 deprehendunt.
703 3996 828 4060 Exinde
851 3999 1021 4062 Collatiam
1040 4011 1166 4085 petant.
1198 4000 1376 4066 Lucretiam

182 4081 269 4142 inter
293 4082 423 4144 ancillas
447 4083 480 4144 in
501 4079 641 4144 lanificio
664 4079 855 4143 offendunt:
875 4083 986 4166 itaque
1006 4107 1043 4146 ea
1061 4085 1272 4166 pudicissima
1294 4082 1376 4148 tutia

100 4214 104 4223 ,
140 4160 286 4226 beatur.
329 4163 382 4225 Ad
400 4187 496 4248 qnam
513 4161 783 4247 corrumpendam
808 4166 1006 4248 Tarquinius
1022 4167 1136 4229 Sextus
1155 4178 1254 4229 noete
1271 4167 1376 4231 Colla*

182 4249 262 4308 tiam
289 4247 405 4321 rediit,
423 4257 466 4311 et
488 4250 560 4310 iure
582 4245 840 4331 propinquitatis
859 4250 904 4322 ¹in
929 4250 1063 4312 domum
1092 4247 1244 4312 Collatini
1275 4250 1374 4318 venit,

139 4332 214 4407 atet
239 4332 272 4392 in
293 4329 476 4401 cubiculum
506 4331 676 4393 Lucretiae
699 4332 837 4413 irrupit,
864 4332 1056 4414 pudicitiam
1081 4335 1290 4417 expugnavit.
1323 4331 1374 4393 tlta

181 4424 316 4496 postero
340 4413 411 4489 die,
443 4414 607 4495 aduocatis
635 4421 730 4495 patre
753 4424 786 4476 et
815 4418 975 4500 coniuge,
1000 4439 1069 4478 ram
1095 4419 1265 4498 exposuit,
1299 4425 1376 4479 etse

62 4559 64 4563 ,
140 4494 311 4579 licuitne,
344 4519 441 4579 quens
470 4504 558 4563 necte
590 4504 737 4568 texerat,
772 4498 904 4560 occidit.
948 4498 1002 4559 llli
1038 4499 1072 4560 in
1101 4502 1237 4564 exitium
1271 4518 1375 4582 regum

145 4580 414 4665 ἶ,σομιιίιιγίηιιιιρ,
434 4597 624 4668 ,corumque
638 4578 767 4647 exsilio
797 4601 909 4645 necem
933 4583 1112 4655 Lucretiae,
1124 4586 1375 4651 vindicaverunt
