2850 4958
161 298 209 377 36
686 290 880 367 VELLEII

164 484 325 547 corpore,
357 461 463 523 adhuc
482 460 609 543 ubtque
631 460 759 541 vivebat
781 460 932 521 nomlne:
956 459 1080 541 qutppc
1101 448 1382 543 lugens'pertlurn

164 548 233 607 cius
264 549 360 607 favor
388 543 512 607 bellum
539 545 736 606 excitaverat
763 544 924 605 Africum.
969 541 1069 621 Quod
1089 544 1198 605 ciebat
1218 562 1281 603 rex
1303 542 1385 602 Iuba

165 639 197 691 et
218 631 352 712 Scipio,
385 630 438 691 air
460 628 663 700 Consularis,
696 636 770 689 anta
790 628 976 700 biennium,
1000 648 1097 710 quam
1120 626 1387 709 exstingueretur

163 714 363 796 Pompeius,
394 713 498 773 lectus
523 712 563 771 ab
596 732 634 771 eo
668 732 773 772 socer.
816 710 1008 793 Eorumque
1035 710 1147 791 copias
1178 717 1320 771 auxerat
1340 710 1385 769 M.

166 798 269 870 Cato,
293 796 416 879 ingenti
438 816 512 855 enm
535 792 709 855 difficulate
732 795 885 854 itinerum
906 794 1123 875 locorumque
1145 793 1283 875 iuopia,
1305 812 1388 873 per-

164 880 271 940 ductis
294 880 334 939 ad
356 900 412 941 cos
433 878 638 961 legionibus:
664 878 720 959 qui
742 878 811 951 sir,
835 899 934 959 quum
957 877 1204 939 sarnanum‘eia
1218 872 1385 951 militibus

163 962 351 1025 deferretur
372 964 566 1043 imperium,
590 960 798 1021 honoratiori
820 980 938 1040 parcre
959 960 1086 1021 maluit.
1151 976 1154 981 '

206 1046 276 1106 LV.
306 1046 469 1105 Admonet
490 1046 671 1125 promissae
691 1044 862 1104 breuitatis
880 1042 975 1117 fides,
999 1052 1121 1125 quanto
1138 1042 1250 1102 omnia
1274 1050 1386 1101 trans·

165 1152 262 1191 cursu
289 1127 425 1189 dicenda
455 1130 530 1189 sint.
575 1126 719 1209 Sequens
741 1130 909 1188 fortunam
931 1148 1018 1185 suarna
1044 1127 1181 1199 Caesar,
1207 1134 1383 1208 pervectus

165 1214 200 1274 in
219 1212 386 1284 Africam,
421 1232 517 1293 quam
550 1212 659 1270 occiso
693 1212 855 1278 Curione,
883 1209 1083 1270 Iulianarum
1113 1208 1195 1269 duce
1216 1207 1383 1289 partium,

163 1295 359 1379 Pompeiani
382 1287 577 1355 obtinebant
599 1296 771 1355 exereitus.
811 1295 863 1354 Ibi
891 1294 1000 1375 primo
1023 1294 1112 1351 varia
1136 1294 1284 1363 fortuna,
1308 1311 1384 1350 mox

163 1378 323 1464 pugnavit
343 1398 420 1437 sua:
452 1377 690 1459 inclinaturque
712 1379 857 1439 hostium
880 1378 1006 1458 copiae.
1051 1376 1118 1435 Nec
1147 1374 1317 1437 dissimilis
1338 1374 1382 1436 ibi

164 1462 461 1533 adversus'victos,
486 1482 582 1543 quarn
606 1461 638 1520 in
660 1462 811 1539 priores,
835 1459 1006 1521 clementia
1030 1458 1173 1520 Caesaris
1195 1458 1272 1517 fuit.
1319 1457 1384 1517 Vi-

164 1555 292 1607 ctorem
314 1544 460 1605 Africani
482 1543 560 1605 belli
585 1544 619 1603 C.
645 1546 812 1605 Caesarem
838 1544 968 1629 gravius
993 1543 1122 1622 excepit
1143 1542 1381 1623 Hispaniense,

162 1634 254 1709 (nam
284 1629 389 1689 victus
421 1629 462 1688 ab
494 1649 533 1689 eo
569 1626 753 1689 Pharnaces
783 1628 838 1690 rix
871 1627 1049 1711 quidquam
1076 1622 1201 1707 gloriae
1223 1626 1295 1686 cius
1317 1622 1380 1685 ad-

163 1713 320 1789 struxit.)
342 1711 433 1793 qnod
456 1712 514 1772 Cn.
535 1709 726 1793 Pompeius,
745 1712 854 1793 Magni
877 1710 983 1783 lilius,
1007 1708 1215 1782 adolescens,
1238 1709 1381 1790 impetus

164 1796 206 1856 ad
236 1794 322 1856 bella
353 1794 508 1867 maximi,
540 1795 651 1876 ingens
683 1816 720 1856 ac
751 1793 902 1854 terribile
930 1792 1148 1855 conflaverat:
1171 1789 1322 1875 nudique
1345 1790 1382 1851 ad

164 1900 239 1939 eum
261 1876 370 1936 adhue
397 1877 527 1959 paterni
558 1878 701 1937 nominis
728 1876 985 1955 magnitudinem
1018 1876 1224 1958 sequentium
1245 1896 1287 1936 ex
1308 1882 1380 1936 toto

166 1962 248 2023 orbe
268 1950 438 2020 terraram*
454 1956 583 2018 auxiliis
606 1960 858 2022 confluentibus.
900 1960 965 2020 Sua
994 1958 1162 2020 Caesarem
1189 1960 1223 2019 in
1252 1958 1381 2041 Hispa-

162 2045 252 2105 niam
274 2043 426 2102 comitata
449 2043 583 2103 fortuna
620 2052 683 2102 est:
713 2042 768 2102 sed
789 2043 916 2105 nullum
941 2064 1096 2125 umquam
1118 2042 1264 2103 atrocius
1311 2042 1382 2103 eri·

164 2125 373 2205 culosiusquc
395 2124 435 2191 ab
460 2146 496 2184 eo
521 2125 640 2184 initum
662 2125 847 2207 proelium,
874 2126 955 2188 adeo
981 2135 1039 2198 ut,
1061 2126 1134 2206 plus
1158 2147 1255 2207 quam
1278 2062 1379 2187 dubio

161 2212 288 2284 Marte,
311 2206 521 2269 descenderet
544 2228 647 2289 equo,
671 2211 917 2293 consistensque
937 2216 1012 2271 ante
1025 2207 1230 2283 recedentem
1246 2230 1384 2269 suorum

163 2294 289 2365 aciem,
313 2293 473 2373 increpita
494 2290 587 2371 prins
608 2294 753 2366 fortuna,
777 2294 867 2377 quod
882 2316 915 2355 se
931 2294 963 2354 in
981 2314 1053 2353 eum
1069 2300 1227 2352 servasset
1245 2292 1380 2365 exitum,

163 2375 378 2436 denunciaret
399 2372 580 2445 militibus,
603 2381 737 2457 vestzgio
759 2402 793 2436 se
814 2400 878 2438 non
899 2397 1118 2436 recessurum.-
1135 2376 1276 2455 proinde
1295 2376 1384 2439 vade-

162 2469 236 2519 rent
247 2506 256 2532 ,
278 2480 371 2541 queem
392 2470 425 2516 et
443 2480 504 2540 quo
524 2458 598 2516 loco
619 2463 855 2538 Imperatorem
874 2460 1036 2521 deserturi
1039 2458 1174 2536 forent.
1210 2458 1383 2521 Verecun-

163 2540 217 2600 dia
239 2541 339 2622 magis
361 2562 458 2623 quam
479 2541 622 2614 virtute,
645 2543 732 2602 acies
753 2544 903 2604 restituta
926 2551 975 2604 est
998 2564 1015 2601 a
1037 2540 1264 2624 duce‚1quam
1287 2566 1305 2603 a
1325 2541 1383 2603 mi·

162 2622 240 2695 lite,
263 2624 394 2683 fortius.
441 2624 497 2683 Cn.
513 2623 708 2706 Pompeius,
732 2628 840 2703 gravis
860 2626 1006 2698 vulnere,
1029 2621 1177 2685 inventus
1199 2626 1288 2686 inter
1307 2624 1383 2686 soli·

102 2720 112 2769 ·,
161 2705 292 2766 tudines
314 2707 419 2778 arias,
444 2707 636 2767 interemtus
652 2718 709 2768 est.
733 2710 912 2770 Labienum
928 2710 1120 2790 Verumque
1135 2709 1219 2769 acies
1234 2707 1382 2771 abstulit.

158 2864 162 2870 ³
204 2788 292 2848 LVI.
326 2789 442 2849 Caesar
465 2791 611 2851 omniurn
632 2792 761 2867 victor,
785 2814 951 2876 regressus
973 2792 1007 2851 in
1028 2792 1175 2867 Urbem,
1197 2792 1289 2875 quod
1310 2792 1381 2853 hu·

160 2892 290 2931 ananam
312 2872 446 2932 excedat
471 2872 585 2948 fidem,
620 2875 793 2949 omnibus,
826 2876 882 2959 qui
906 2884 1021 2937 contra
1040 2896 1076 2936 se
1104 2897 1192 2935 arma
1214 2874 1378 2951 tulerant,

161 2956 309 3037 ignovit,
341 2964 373 3015 et
394 2958 719 3036 magnificentissimis
746 2958 934 3044 gladiatorii
956 2959 1120 3031 muneris,
1144 2959 1378 3031 naumachiae,

160 3046 193 3098 et
215 3039 362 3122 equitum
384 3039 617 3123 peditumque,
641 3041 738 3102 simul
761 3042 1011 3124 elephantorum
1037 3042 1223 3103 certaminis
1244 3051 1380 3123 specta-

160 3120 263 3195 culis,
286 3121 442 3205 epulique
462 3145 523 3203 per
545 3123 667 3184 multos
689 3124 768 3185 dies.
782 3125 849 3185 dati
872 3124 1110 3196 celebratione,
1133 3124 1275 3206 replerit
1297 3148 1377 3187 cam.

154 3205 314 3287 Quinque
336 3207 402 3286 egit
422 3205 619 3286 triumphos.
663 3207 781 3268 Gallici
805 3216 979 3283 apparatus
1002 3228 1040 3266 ex
1061 3208 1159 3281 citro,
1181 3206 1317 3269 Pontici
1342 3230 1380 3271 ex

152 3289 321 3369 acantho,
345 3287 557 3348 Alexandrini
579 3291 761 3362 testudine,
785 3288 890 3351 Africi
915 3291 1036 3361 ebore,
1072 3292 1296 3373 Hispaniensis
1318 3315 1377 3354 ar-

153 3379 256 3451 ·gento
284 3370 375 3428 rasili
404 3371 563 3429 constitit.
607 3371 751 3431 Pecunia
781 3392 820 3431 ex
842 3374 1004 3433 manubiis
1030 3374 1094 3435 lata
1116 3375 1215 3457 paulo
1239 3371 1378 3459 amplius

158 3451 262 3510 sexies
282 3447 401 3509 millies
424 3451 489 3510 HS.
535 3452 651 3533 Neque
674 3449 720 3511 illi
744 3462 834 3515 tanto
857 3457 952 3530 viro,
977 3466 1009 3516 et
1030 3466 1095 3517 tam
1113 3457 1292 3519 clementer
1307 3482 1380 3529 om-

156 3533 254 3592 nibus
275 3532 426 3592 victoriis
449 3535 515 3593 suis
537 3554 614 3606 uso,
637 3533 710 3615 plus
734 3539 878 3620 quinque
901 3541 1057 3602 mensium
1073 3539 1267 3623 principalis
1283 3544 1375 3627 quies

156 3614 309 3698 contigit,
352 3616 486 3699 Quippe
512 3638 611 3698 quum
640 3640 749 3681 mense
773 3622 915 3684 Octobri
955 3625 990 3687 in
1017 3626 1143 3686 Urbem
1166 3626 1376 3701 revertisset,

153 3696 269 3760 Idibus
293 3700 444 3773 Martiis,
468 3699 707 3762 coniurationis
730 3708 921 3768 auctoribus
943 3709 1044 3768 Bruto
1070 3716 1101 3767 et
1126 3708 1234 3769 Cassio
1249 3728 1263 3782 ,¹
1281 3730 1376 3795 quo-

154 3802 228 3841 rum
251 3781 390 3842 alterum
412 3783 638 3863 promittendo
672 3786 882 3850 Consulatum
909 3811 974 3850 non
1004 3789 1229 3875 obligaverat,
1260 3804 1378 3853 contra

153 3862 335 3924 differendo
366 3865 509 3925 Cassium
539 3867 737 3944 offenderat3
770 3874 905 3934 adiectis
927 3873 1025 3933 etiam
1047 3873 1245 3935 consiliariis
1267 3876 1378 3937 caedis

152 3945 416 4008 familiarissimis
438 3950 585 4011 omniurn
609 3962 641 4011 et
661 3955 794 4015 fortuna
817 3957 962 4037 partium
985 3958 1053 4016 eins
1072 3958 1105 4015 in
1121 3974 1282 4019 summum
1297 3976 1380 4019 eve-

151 4030 214 4127 ctis
234 4030 422 4111 festigium,
446 4035 489 4095 D.
512 4036 616 4096 Bruto
641 4044 673 4095 et
696 4038 729 4098 C.
756 4040 948 4109 Trebonio,
972 4039 1109 4120 aliisque
1132 4040 1212 4101 clari
1233 4040 1379 4121 nominis

149 4131 248 4185 sarrs,
273 4112 466 4177 interemtus
488 4128 546 4179 est.
594 4120 653 4180 Cui
674 4142 823 4203 magnam
846 4122 1002 4183 invidiam
1023 4122 1218 4183 conciliarat
1239 4128 1284 4187 M.
1304 4124 1378 4195 An-

149 4196 282 4267 tonius,
307 4198 459 4261 omnibus
480 4202 637 4263 audendis
658 4204 906 4282 paratissimus,
931 4204 1123 4265 Consulatus
1146 4206 1286 4291 collega,
1311 4210 1379 4273 itu-

38 4310 45 4323 =
147 4278 303 4356 ponendo
330 4283 431 4363 capiti
455 4285 542 4358 eius,
566 4284 800 4367 Lupercalibus
820 4286 960 4348 sedentis
981 4311 1045 4370 pro
1070 4290 1220 4362 Rostris,
1248 4292 1377 4377 insigne

146 4360 298 4439 reginum,
322 4366 412 4445 quod
435 4367 475 4427 ab
498 4388 537 4428 eo
560 4367 605 4426 ita
621 4366 787 4447 repulsum
804 4379 884 4440 erat,
903 4380 1018 4431 utnon
1036 4372 1174 4434 offensus
1189 4374 1375 4441 videretur.

191 4444 298 4529 LVII.
321 4448 533 4510 Laudanduni
555 4451 753 4527 experientia
777 4453 950 4515 consilium
974 4463 1021 4514 est
1039 4455 1162 4518 Pansae
1178 4467 1275 4543 atque
1290 4460 1379 4523 Hir-

145 4531 202 4600 tii,
244 4530 302 4610 qui
320 4552 461 4612 ,semper
491 4534 724 4613 praedixerant
755 4534 905 4610 Caesari,
949 4550 985 4597 ut
1011 4544 1233 4623 prabet‘patum
1266 4548 1375 4606 aarum

144 4616 324 4689 praealtum
334 4616 448 4675 urmes
478 4626 612 4677 seuera.
655 4615 717 4679 Ille
739 4617 913 4695 dictitans,
939 4620 1099 4706 morissse,
1124 4648 1222 4708 quam
1249 4614 1369 4688 tiniam
