2850 4958
522 269 616 347 Lm.
640 269 835 347 lmese.
856 271 924 346 lx.
1229 275 1297 351 135

84 433 231 497 adfulsit
252 435 404 511 occasio,
431 456 498 498 non
527 435 761 501 dubitaverunt
784 445 817 499 et
840 455 1033 521 erumpere,
1059 430 1149 499 ultro
1172 435 1305 519 quidem
1325 440 1348 518 4

83 520 255 583 invitante
274 520 437 593 Labieno,
461 519 518 603 qui
541 520 655 583 missus
676 543 694 582 a
717 521 826 583 Cassio
847 523 1016 604 Brutoque
1035 521 1107 600 (qui
1120 521 1218 582 furor
1231 541 1305 583 see-

82 600 203 667 lerum
216 599 240 679 l)
260 602 493 664 sollicitaverat
513 602 623 666 hostes
644 606 678 665 in
699 604 868 666 auxilium.
888 614 891 618 ’
911 603 953 664 Et
974 602 1022 666 illi
1032 614 1041 677 ,
1061 604 1191 665 Pacoro
1210 603 1302 680 duce,

81 686 189 770 regio
221 686 358 759 iuvene,
392 685 594 767 dispulerant
614 688 798 749 Antoniana
827 687 1000 769 praesidia.
1043 687 1125 748 Saxa
1144 686 1345 769 Legatos,5

80 792 131 833 ne
166 772 293 831 veniret
327 769 360 829 in
390 778 606 850 potestatem,
635 794 654 833 a
683 769 791 854 gladio
821 791 879 831 suo
914 771 1111 852 impetrarit.
1153 772 1306 854 Denique

80 852 204 915 oblata
225 852 341 934 Syria,
365 853 534 917 emanabat
556 852 653 915 latias
675 853 816 927 malum,
839 852 987 919 hostibus
1007 855 1067 916 sub
1092 853 1205 916 auxilii
1225 874 1304 936 spes

78 937 143 999 cie
167 935 229 995 sibi
255 935 470 1010 vincentibus,
492 936 554 997 nisi
575 936 761 1011 Ventidius,
784 945 816 998 et
833 936 889 1000 hie
912 937 1048 1020 Legatus
1073 937 1227 1012 Antonii,
1251 939 1306 999 in-

79 1017 248 1082 credibili
282 1017 440 1080 felicitate
472 1028 504 1080 et
530 1018 664 1082 Labieni
697 1020 829 1102 copias,
866 1020 1035 1105 ipsumque
1065 1021 1246 1094 Pacorum,
1274 1030 1308 1084 et

80 1124 227 1165 omnem
247 1101 439 1163 Parthicum
461 1103 652 1186 equitatum,
675 1111 747 1164 toto
773 1103 861 1165 inter
883 1104 1043 1165 Orontem
1065 1114 1097 1166 et
1116 1104 1306 1186 Euphraten

76 1186 189 1259 sinu,
221 1184 287 1247 late
319 1183 499 1247 cecidisset.
543 1186 671 1270 Viginti
703 1186 841 1268 amplius
872 1186 1013 1248 millium
1040 1188 1122 1249 fuit:
1155 1209 1216 1249 nee
1237 1187 1346 1251 sineti

75 1270 235 1333 consilio
258 1269 371 1343 ducis,
404 1268 461 1353 qui
491 1270 643 1333 simulato
670 1279 757 1330 metu
783 1270 864 1332 adeo
886 1291 998 1351 passus
1025 1279 1072 1332 est
1091 1271 1219 1331 bostem
1242 1292 1305 1332 oa-

78 1353 172 1415 stris
204 1353 399 1426 succedere,
423 1350 549 1427 donee,
579 1353 728 1415 absumta
750 1353 852 1415 iactus
874 1354 1002 1433 spatio,
1031 1352 1189 1416 adimeret
1213 1376 1307 1415 usum

76 1437 298 1517 sagittarum.
339 1436 408 1498 Rex
437 1437 615 1498 fortissime
647 1437 803 1498 dimicans
833 1439 965 1499 recidit.
1010 1438 1087 1497 Mox
1112 1437 1348 1523 circumlato7

79 1520 165 1583 eius
185 1542 247 1603 per
267 1519 388 1593 urbes,
417 1541 500 1602 quae
521 1520 744 1593 desciverant,
775 1520 901 1602 capite,
934 1520 1029 1601 Syria
1050 1521 1119 1580 sine
1140 1520 1228 1583 bello
1250 1542 1308 1583 re-

77 1612 204 1688 cepta.
244 1604 301 1666 Sic
322 1604 523 1666 Crassianam
543 1603 667 1665 cladem
687 1602 811 1665 Pacori·
829 1604 927 1666 caede
946 1601 1163 1688 pensavimus.
1393 1616 1396 1621 ’

546 1801 773 1867 CAPUT
813 1800 856 1864 X.

400 1957 523 1999 somnus
550 1942 733 2000 enesionis
756 1958 824 2001 onas
848 1956 998 2001 sarorio.

133 2086 288 2170 Expertis
309 2088 448 2151 invicem
471 2088 604 2152 Parthis
629 2098 727 2175 atque
746 2090 921 2164 Romanis,
944 2092 1049 2173 quum
1067 2093 1196 2155 Crassus
1211 2100 1308 2177 atque
1332 2115 1343 2155 r

85 2170 243 2235 Pacorus
267 2172 432 2256 utrimque
461 2173 581 2235 virium
612 2178 798 2237 mutuarum
823 2174 1015 2236 documenta
1037 2177 1209 2250 fecissent,
1230 2178 1305 2258 pari

88 2278 210 2321 rursus
231 2259 412 2319 reverentia
441 2256 600 2341 integrata
632 2256 794 2331 amicitia,
826 2265 858 2317 et
882 2257 1012 2340 quidem
1036 2261 1075 2321 ab
1099 2262 1169 2342 ipso
1192 2261 1306 2322 foedus

87 2340 243 2405 Antonio
266 2361 339 2402 eum
360 2360 437 2424 rege
457 2360 658 2423 percussum.
701 2340 767 2403 Sed
788 2340 955 2417 (immensa
977 2342 1100 2404 vanitas
1129 2340 1307 2422 bominisl)
1329 2360 1348 2404 s

92 2422 174 2487 dum
202 2422 377 2487 titulorum
407 2422 563 2503 cupidine
592 2425 722 2485 Araxen
753 2432 788 2485 et
817 2422 987 2504 Eupbrten
1018 2427 1077 2488 sub
1114 2425 1308 2508 imaginibus

89 2508 163 2571 suis
182 2505 248 2591 legi
270 2506 490 2588 concupiscit3
512 2528 619 2588 neque
640 2529 770 2580 caussa,
792 2527 898 2588 neque
920 2507 1078 2583 consilio,
1102 2530 1139 2571 ac
1160 2529 1201 2570 ne
1222 2509 1307 2569 ima-

90 2590 223 2676 ginaria
250 2590 383 2672 quidem
404 2588 484 2651 belli
504 2590 705 2664 indictione,
734 2589 824 2673 quasi
847 2589 912 2651 hoe
934 2613 1067 2674 quoque
1087 2612 1126 2654 ex
1147 2601 1216 2655 arte
1238 2591 1307 2653 du-

87 2676 144 2737 cis
172 2681 275 2747 esset,
307 2673 488 2755 obrepere,
520 2672 634 2736 relicta
662 2683 798 2747 repente
817 2672 910 2755 Syria
934 2675 965 2735 in
988 2676 1129 2738 Parthos
1151 2675 1307 2757 impetum

83 2756 189 2821 facit.
233 2757 318 2817 Gens
338 2762 471 2834 praeter
500 2775 667 2818 armorum
695 2756 845 2819 fiduciam
874 2757 1010 2830 callida,
1043 2759 1174 2821 simulat
1196 2755 1349 2841 tropi-3

90 2839 264 2902 dationem
287 2840 375 2900 etin
403 2858 533 2921 campos
553 2841 674 2924 fugam.
718 2841 782 2901 Hie
810 2839 917 2900 atatim
942 2841 1032 2921 quasi
1056 2843 1163 2903 victor
1183 2865 1303 2924 seque-

88 2923 221 2987 batur:
252 2940 352 3005 quum
376 2919 488 2983 subito
508 2942 568 2983 nee
588 2945 702 3001 magna
722 2923 869 2985 bostium
894 2944 1026 2996 manus,
1045 2945 1083 2984 ex
1105 2925 1305 3006 improviso,

92 3015 129 3069 et
153 3006 215 3067 iam
239 3005 273 3067 in
293 3003 489 3079 fessos'via,
510 3004 571 3065 sub
592 3026 725 3086 vespere
737 3038 750 3079 ,·
777 3007 865 3068 velut
887 3006 1017 3067 nimbus
1040 3006 1161 3087 erupit.
1203 3008 1308 3068 Missis

92 3089 243 3171 nudique
274 3088 402 3175 sagittis
433 3086 513 3150 duas
535 3085 681 3170 legiones
710 3098 924 3168 operuerunt.
967 3089 1060 3151 Nihil
1085 3088 1249 3151 acciderat
1272 3086 1349 3165 ini

94 3172 377 3253 consparatiouem
402 3168 525 3243 cladis,
547 3170 686 3253 quaein
708 3179 876 3243 posterum
899 3172 985 3233 diem
1007 3173 1217 3245 imminebat,
1245 3171 1307 3233 nisi
1337 3213 1340 3225 ·

93 3256 324 3325 intervenisset
341 3255 447 3319 Dedm
466 3253 646 3317 miseratio.
686 3257 784 3317 Unus
806 3273 845 3315 ex
867 3254 959 3317 clade
973 3257 1136 3319 Crassiana
1150 3254 1307 3329 Parthico

89 3340 214 3409 babitu
236 3340 351 3403 castris
373 3337 554 3420 adequitat,
577 3346 611 3400 et
631 3337 734 3405 salute
757 3337 871 3399 Latine
894 3336 980 3411 data,
1002 3352 1101 3423 quum
1123 3339 1223 3407 iidem.
1234 3339 1304 3418 ipso

93 3423 249 3496 fecisset,
275 3422 355 3506 quid
376 3421 584 3496 immineret,
607 3421 758 3485 edocuit:
779 3426 848 3482 som
867 3420 1058 3500 adfuturum
1078 3446 1150 3507 euos
1165 3423 1308 3486 omnibus
1328 3418 1348 3482 5

95 3512 200 3585 copiis
218 3530 347 3589 regem:
374 3511 458 3565 iram
483 3516 574 3565 retro
590 3517 798 3588 peterentque
816 3516 960 3569 morters
979 3513 1027 3569 sio
1050 3531 1172 3592 quoque
1184 3506 1307 3569 hostem

77 3590 239 3670 sortasse
261 3613 324 3651 nors
351 3588 475 3671 defore.
518 3587 626 3671 Atque
656 3589 701 3651 ita
731 3597 839 3651 secuta
871 3598 919 3651 est
942 3591 1053 3651 minor
1070 3591 1305 3661 vissanum,

93 3695 196 3756 quam
215 3673 417 3734 imminebat.
452 3671 568 3733 Adfuit
588 3680 716 3744 tamena
743 3671 933 3755 deletaeque
953 3673 1101 3755 reliquae
1119 3673 1235 3752 copiae
1247 3674 1307 3730 fo·
1328 3666 1349 3731 6

93 3766 190 3828 reat,
212 3757 274 3818 nisi
297 3754 488 3838 urgentibus
508 3755 583 3817 telis
601 3753 636 3816 in
658 3753 792 3819 modum
816 3756 1003 3831 ¹arundinis,
1036 3752 1178 3839 quadam
1195 3754 1305 3826 forte,
1334 3794 1338 3805 ·

94 3840 190 3925 quasi
213 3840 322 3913 docti,
342 3837 594 3919 procubuissent
616 3837 659 3909 in,
671 3858 774 3921 genua
796 3837 929 3912 milites,
951 3846 997 3912 et,
1017 3836 1110 3902 alatis
1130 3846 1229 3918 super
1248 3858 1306 3897 om

93 3925 167 4003 pita
185 3924 307 3997 scutis,
329 3940 498 3985 caesorum
518 3919 663 4004 speeiem
678 3919 915 4005 praebuissent.
946 3922 1036 3983 Tum
1050 3920 1197 3984 Parthus
1214 3936 1307 3982 arcus
1327 3941 1348 4006 7

95 4007 256 4071 inhibuit.
299 4006 383 4069 Dein
414 4024 528 4067 russas
560 4025 661 4086 quam
691 4026 725 4066 se
755 4001 891 4065 Romani
921 4002 1130 4077 extulissent,
1152 4004 1236 4066 adeo·
1255 4025 1307 4066 res

95 4092 260 4153 miraculo
281 4091 362 4164 tuit,
393 4096 433 4151 nt
451 4110 533 4153 unus
553 4106 595 4149 ex
613 4087 763 4151 barbaris
782 4083 910 4147 miserit
928 4107 1063 4158 voeem3
1095 4092 1147 4149 Its
1175 4099 1207 4149 et
1231 4087 1309 4171 boae

91 4177 223 4247 volsis,
261 4176 421 4237 Romani.-
444 4176 566 4232 ‘merito
599 4191 655 4233 ros
677 4168 945 4247 ,uiatorerfema
971 4174 1118 4248 gerusiam
1143 4172 1307 4253 loquitur,

91 4262 156 4343 qus'
178 4256 377 4323 Parthorum
408 4256 475 4317 telo
484 4256 641 4338 sagistas.
686 4255 760 4317 Noa
784 4256 894 4316 minor
915 4270 952 4311 ex
974 4251 1025 4313 via
1047 4253 1162 4337 [aqua]
1182 4260 1307 4335 postea,
1329 4248 1350 4315 8

92 4363 198 4425 quam
221 4362 256 4401 es
279 4342 451 4411 hostibus,
476 4339 641 4418 [excepta]
658 4336 789 4403 eladrst
817 4337 934 4401 infesta
954 4334 1097 4416 primum
1112 4334 1308 4419 sitiregio:

93 4434 170 4489 tum
194 4426 387 4505 quibasdam
408 4422 593 4485 saliuaoidis
615 4421 722 4483 flaviis
746 4421 918 4482 infamior:
948 4417 1122 4485 novissime
1142 4438 1226 4502 qaas
1246 4420 1312 4482 ism

92 4508 139 4569 ab
164 4506 312 4571 invalidis
342 4516 376 4571 et
405 4506 500 4569 avide
528 4506 768 4569 hauriebantur
800 4504 917 4565 nostias
949 4503 1047 4565 etiam
1076 4502 1188 4567 dates·
1205 4501 1310 4565 fuere.

96 4592 180 4659 idox
209 4600 244 4657 st
269 4592 412 4669 ardores-
434 4602 498 4676 prr
508 4670 515 4677 ‚
526 4588 736 4662 Armeniam..
768 4596 801 4653 et
827 4584 923 4675 niues
937 4608 1005 4673 par
1022 4586 1281 4677 mammem
1293 4592 1335 4654 ut
1350 4599 1396 4663 a·
