2850 4958
196 278 265 351 uu
289 274 416 353 unas
443 223 1059 380 tmasrn;·ca1⁵.67'.''tt.t5.
1179 270 1254 381 'aaa

50 428 166 508 monte
197 443 403 507 interfecturi
434 452 557 517 essent,
594 438 683 507 Phili
708 454 788 529 putta
816 446 1006 520 admonuit,
1042 451 1079 505 ut
1109 456 1258 507 caveret:

49 530 141 591 unde
163 530 196 589 in
217 539 328 589 senatu
355 537 522 599 accusatus
534 572 543 601 ,
566 550 665 610 quum
684 467 819 595 domum
845 550 878 591 se
899 529 1082 610 reciperet,
1115 529 1259 591 immisso

49 616 141 674 inter
162 612 292 672 turbam
316 633 531 694 percussore,
555 615 694 676 corruit.
737 612 866 677 Invidia
886 612 993 676 caedis
1016 611 1102 697 apud
1122 610 1304 698 Philip-15

46 718 132 781 pum
152 705 186 758 et
207 696 401 779 Caepionem
423 696 497 757 fuit.
1005 698 1008 704 '

455 892 681 957 CAPUT
721 894 858 959 LXVII.

508 1031 537 1071 C.
561 1033 679 1074 mantua
703 1032 812 1073 PATER.

93 1159 190 1220 Caius
214 1158 358 1229 Marius,
390 1157 509 1239 septies
534 1158 675 1231 Consul,
704 1157 865 1243 Arpinas,
897 1159 1016 1223 humili
1045 1159 1122 1221 loco
1147 1169 1261 1236 natas,

46 1246 167 1329 primis
187 1241 375 1302 honoribus
392 1262 453 1325 per
475 1241 624 1302 ordinem
648 1243 789 1316 functus,
811 1244 948 1328 Legatos
974 1243 1106 1305 Metello
1130 1244 1163 1305 in
1185 1247 1262 1305 Nu-

49 1326 175 1398 midia,
199 1324 400 1387 criminando
425 1347 497 1387 cum
519 1325 722 1387 consulatum
746 1327 902 1411 adeptus,¹
917 1328 1112 1410 Iugurtham
1132 1341 1264 1412 captum

49 1421 128 1469 ante
159 1431 292 1469 currum
324 1408 399 1488 egit.
450 1410 488 1467 ln
511 1411 700 1491 pronianum
723 1433 842 1472 annum
864 1413 985 1475 Consul
1015 1411 1103 1473 ultro
1135 1413 1259 1481 factus,
1286 1436 1304 1473 2

52 1493 206 1554 Cimbros
228 1493 260 1551 in
284 1492 388 1553 Gallia
410 1489 496 1576 apud
523 1494 631 1575 Aquas
652 1494 799 1568 Sextias,
831 1497 996 1556 Teutonas
1027 1496 1059 1555 in
1091 1493 1207 1568 ltalia,
1231 1498 1264 1555 in

49 1598 170 1655 campo
191 1574 317 1634 Raardio
343 1576 440 1649 vicit,
463 1574 567 1658 deque
589 1576 640 1636 his
661 1578 888 1658 triumphavit.
921 1581 1035 1661 Usque
1048 1585 1174 1637 sextum
1189 1579 1306 1641 con-5

46 1659 191 1719 sulatum
216 1680 276 1740 per
308 1659 456 1721 ordinem
477 1664 599 1732 factus,
621 1659 819 1742 Appuleium
844 1662 1056 1729 Saturninum
1080 1660 1264 1723 Tribunum

50 1742 181 1825 plebis,
217 1753 249 1803 ct
274 1742 443 1803 Glauciam
466 1744 681 1815 Praetorem,
705 1743 899 1817 seditiosos,
924 1766 962 1806 ex
984 1744 1262 1819 senatusconmltn

50 1826 232 1888 interemit.
275 1826 318 1885 Et
341 1848 442 1908 quum
463 1827 608 1909 Sulpicia
631 1828 801 1909 rogatione
828 1829 1033 1911 provinciam
1061 1827 1171 1909 Sullae
1191 1830 1262 1889 eri·
1285 1830 1308 1905 4

50 1919 169 1992 peret,
192 1911 289 1971 ermis
311 1911 351 1970 ab
375 1931 413 1970 eo
436 1912 561 1984 victus,
588 1911 765 1971 Minturnis
787 1912 819 1971 in
843 1912 963 1994 palude
987 1912 1094 1975 latuit.
1138 1910 1305 1973 taven-'5
1352 1906 1368 1951 '¹

50 2002 106 2054 tus
131 2002 162 2053 et
187 1992 220 2052 in
243 2014 408 2053 carcerem
438 1996 628 2066 coniectus,
661 1994 840 2055 immissum
872 2015 1100 2079 percussorem
1136 1995 1266 2057 Gallum

51 2076 161 2138 vultus
192 2077 388 2138 auctoritate
422 2076 603 2149 deterruit3
641 2087 840 2160 acceptaque
871 2079 1020 2139 navicula
1053 2078 1086 2137 in
1119 2076 1264 2139 Africum
1295 2084 1299 2091 '

50 2160 201 2221 traiecit:
232 2160 278 2220 ibi
305 2158 361 2220 diu
386 2161 552 2222 exsulavit.
597 2162 675 2221 Mox
707 2162 848 2223 Cinnano
872 2162 1096 2223 dominatione
1120 2160 1307 2225 revoca-S

50 2254 127 2315 tus,
152 2242 257 2321 ruptis
285 2244 473 2326 ergastulis,
500 2245 679 2307 exercitum
700 2246 800 2318 fecit,
827 2248 992 2329 caesisque
1016 2245 1157 2306 inimicis
1180 2247 1266 2307 iniu·
1293 2270 1296 2275 ·
1398 2288 1406 2295 -·

52 2328 139 2390 riam
166 2326 270 2471 qlltus,
302 2327 441 2411 septimo
470 2326 663 2400 consulatu,
696 2337 733 2389 at
763 2327 896 2413 quidam
916 2331 1048 2402 ferunt,
1080 2328 1267 2390 voluntaria
1316 2394 1321 2407 ¹

48 2418 163 2473 -snorte
205 2410 330 2472 acessit.
1068 2420 1071 2427 '
1141 2412 1143 2421 '
1293 2410 1312 2445 “···

451 2593 477 2653 c
497 2591 526 2653 a
545 2592 572 2652 P
593 2594 626 2655 n
647 2590 677 2650 r
718 2589 874 2677 nxvna.

521 2727 550 2767 c.
574 2726 692 2768 namus
712 2726 829 2789 murus.

101 2876 340 2945 catusMarier
362 2877 446 2941 filius
469 2877 586 2963 viginti
611 2887 734 2961 septem
755 2897 916 2940 annorum
940 2876 1140 2938 consulatum
1166 2881 1265 2943 inva-

51 2966 115 3026 tsit:
150 2986 248 3045 quem
279 2956 440 3025 bonorem
473 2970 537 3022 tam
568 2963 776 3024 immaturum
804 2968 908 3021 mater
929 2958 1031 3018 flevit.
1074 2962 1157 3032 Hic,
1179 2966 1264 3043 patri
1289 2985 1308 3025 a

48 3046 191 3110 'saevitia
222 3044 359 3117 similis,
392 3046 518 3107 curiam
545 3055 685 3106 armatus
717 3044 864 3117 obsedit,
897 3042 1048 3103 inimicos
1068 3044 1266 3120 trucidavit,

55 3154 199 3216 quorum
224 3134 367 3211 corp'ora
395 3129 426 3189 in
452 3129 601 3207 Tiberim
629 3128 870 3212 praecipitavit.
912 3127 950 3185 In
976 3137 1132 3209 apparata
1165 3126 1311 3199 belli‚3

50 3212 148 3299 ¹quod
175 3222 289 3277 contra
319 3210 444 3275 Sullam
466 3212 665 3294 parabatur,
694 3213 781 3294 apud
811 3209 1056 3293 Sacriportum,
1090 3209 1210 3294 vigiliis
1237 3221 1269 3272 et

55 3300 172 3361 labore
198 3297 356 3370 defessus,
379 3296 439 3357 sub
462 3296 518 3358 dio
541 3296 724 3379 requievit:
749 3305 781 3357 et
804 3295 917 3355 absens
938 3293 1055 3367 victus,
1078 3296 1184 3378 fugae,
1201 3319 1268 3356 non

55 3403 184 3463 pugnae
205 3380 365 3441 interfuit.
407 3380 583 3441 Praeneste
606 3380 744 3461 refugit,
775 3378 831 3440 ubi
861 3397 923 3460 per
950 3376 1138 3439 Lucretium
1166 3377 1313 3457 osiel-4

10 3510 17 3531 .
56 3468 124 3528 lam
150 3464 316 3537 obsessus,
348 3472 469 3524 tentata
499 3485 562 3547 per
592 3462 779 3524 cuniculum
801 3463 896 3546 fuga,
924 3481 1024 3543 quum
1050 3463 1159 3525 omnia
1179 3473 1271 3547 septa

10 3538 17 3601 ἶ
60 3544 280 3629 intelligeret,
302 3546 514 3631 iugulandum
537 3567 570 3607 se
589 3546 709 3609 Pontio
730 3546 883 3610 Telesino
904 3542 1072 3626 praebuit.

10 3650 21 3689 i

476 3745 703 3810 CAPUT
745 3745 861 3807 LXIX.

433 3881 462 3922 n.
495 3882 731 3927 conannas
761 3880 900 3922 arnna.
982 3872 985 3878 '

100 4015 221 4077 Lucius
244 4012 414 4075 Cornelias
438 4012 559 4089 Cinna,
582 4013 862 4099 flagitiosissimus,
883 4010 1129 4096 Rempublicam
1150 4030 1273 4074 summa

10 4108 22 4157 .“
53 4098 256 4161 crudelitate
277 4097 424 4159 vastavit.
467 4098 581 4159 Primo
600 4100 770 4160 consulatu
791 4096 896 4178 legem
920 4097 960 4159 de
986 4096 1149 4158 exsulibus
1173 4118 1274 4156 revo-

10 4162 16 4265 :
61 4181 172 4242 caudis
191 4184 317 4254 ferens,
340 4180 380 4240 ab
404 4180 543 4243 Octavio
567 4180 692 4264 collega
714 4180 904 4264 prohibitus
924 4190 958 4240 et
972 4181 1100 4243 honore
1114 4181 1273 4262 privatus,

10 4276 15 4323 ζ
52 4258 156 4325 Urbe
176 4268 342 4351 profugit3
371 4265 560 4347 vocatisque
585 4264 626 4325 ad
655 4264 778 4347 pileum
801 4265 922 4335 servis,
953 4264 1156 4327 adversarios
1177 4263 1274 4336 vicit,

10 4334 15 4371 '⁵
54 4348 237 4493 getulum
260 4348 452 4492 'interfecph
471 4346 668 4491 ,bustulam
701 4349 884 4492 occuqapit.
926 4346 1114 4493 Iterulrpuqt
1142 4346 1316 4489 tertipqa}

53 4440 235 4493 'onsuem
313 4434 382 4494 ise
419 4433 493 4493 eci.
573 4452 610 4491 ua
647 4450 861 4492 oconsunu
911 4452 989 4493 uum
1039 4451 1055 4490 e
1104 4448 1257 4490 mconr

57 4516 183 4577 Sullam
209 4456 356 4596 parsaerel),
386 4433 617 4579 Anconaerb
648 4514 784 4579 nimiam
809 4454 1036 4579 crudilitatem
1065 4506 1105 4576 ab
1130 4514 1276 4576 exercitu

57 4598 225 4684 lapidibus
256 4602 382 4664 occisus
408 4611 464 4664 est.
1124 4600 1131 4610 “
