2850 4958
87 276 92 287 ·
172 265 255 343 :104
565 241 609 315 u
636 208 997 317 sassususonr

40 384 43 389 ’
175 394 1356 477 εΞΞΞΞΞΞΞΞΞΞΞΞΞΞΞΞΞΞΞΞΞΞΞΕ

407 782 411 789 ¹
518 683 563 757 s.
594 682 826 757 Annam
854 680 1044 756 raons
1162 751 1165 759 .

246 884 248 891 ¹
309 874 617 1027 sununs
676 872 1245 1041 Romanarum
1288 946 1293 957 .

209 1122 212 1129 ·
612 1067 949 1146 EPITOME.
1320 1092 1373 1149 *z'

530 1235 711 1312 LIBER
745 1233 1029 1375 Γ[ΙἜῘίΤΙΠΒ.
1151 1240 1156 1253 ’

621 1381 941 1411 nnn-*—

639 1486 927 1571 casura

584 1642 705 1687 suttune
734 1638 968 1688 lucunruumn.

135 1826 151 1871 1
175 1725 318 1891 Haec
340 1804 380 1867 ud
403 1806 594 1869 Orientem:
630 1806 685 1868 sed
712 1826 779 1867 non
807 1806 846 1868 ad
877 1803 1091 1868 Meridianam
1116 1800 1247 1889 plagam
1268 1794 1376 1871 'eaden

120 1890 124 1897 '
176 1892 279 1972 quies.
323 1890 388 1967 Qui
410 1899 556 1971 speraret
575 1900 651 1972 post
673 1888 900 1973 Carthaginem
915 1889 1050 1973 aliquod
1066 1887 1100 1949 iu
1114 1890 1225 1952 Africa
1240 1878 1386 1969 belluml,

133 1993 154 2034 a
176 1973 276 2055 Atqui
304 1992 369 2032 non
398 1971 514 2033 leviter
545 1993 578 2032 se
608 1971 761 2033 Numidia
794 1972 977 2033 concussit:
1012 1980 1044 2032 et
1064 1969 1129 2033 fuit
1150 1972 1184 2034 in
1205 1974 1373 2059 lugurtbt.

175 2055 265 2138 quod
286 2064 362 2137 post
381 2054 594 2115 Hannibalem
615 2057 798 2118 timeretur.
831 2055 963 2138 Quippe
985 2075 1042 2116 rex
1064 2054 1294 2119 callidissimus
1314 2070 1374 2142 po'·

172 2139 288 2221 pulum
310 2139 489 2204 Romanum
511 2137 609 2198 armis
631 2136 809 2219 inclytum,
834 2138 883 2218 [et
905 2140 1061 2200 invictum
1072 2135 1098 2219 ‚]
1120 2140 1238 2222 opibus
1261 2140 1377 2227 adgres-

175 2229 317 2284 susest:
351 2223 484 2284 etcitra
515 2238 604 2304 spem
637 2218 780 2282 omnium
813 2222 945 2283 fortuna
968 2222 1080 2294 cessit,
1111 2231 1148 2281 ut
1169 2242 1249 2297 rex,
1272 2220 1375 2285 frande

133 2301 388 2389 Spraecipuus,
419 2302 534 2364 fraude
565 2313 748 2385 caperetur.
792 2305 876 2378 Hie,
906 2327 965 2366 avo
994 2302 1161 2366 Masinissa
1188 2314 1220 2366 et
1247 2308 1374 2389 Micipsa

173 2396 268 2473 patre
288 2404 349 2470 per
370 2380 603 2468 adoptionem,
634 2408 733 2469 quum
757 2386 941 2451 interficere
963 2390 1081 2449 fratres
1106 2387 1294 2463 statuisset,
1316 2386 1378 2473 agl-

173 2477 259 2532 tatus
284 2469 377 2554 regni
407 2468 603 2551 eupiditate,
635 2490 696 2531 nee
723 2468 797 2530 illos
819 2473 942 2555 magis,
976 2490 1073 2570 quam
1095 2468 1249 2533 Sebatum
1273 2486 1387 2557 pupuli·

174 2554 308 2636 lumque
337 2553 539 2626 Romanum,
572 2573 713 2634 quorum
745 2553 778 2612 in
807 2551 869 2613 lide
900 2562 933 2615 et
956 2552 1106 2616 clientela
1134 2573 1273 2645 regnum
1295 2558 1378 2629 erat.

134 2635 350 2712 dmetueret,
373 2635 516 2716 primum
541 2634 798 2696 scelus'mandat
820 2635 962 2698 insidiis:
985 2636 1177 2722 potitusque
1192 2634 1378 2723 Hiempsali!

175 2721 294 2801 capite,
318 2738 418 2802 quum
439 2740 473 2779 se
494 2717 527 2777 in
549 2714 767 2779 Adherbalem
789 2720 1013 2796 convertisset,
1037 2721 1129 2805 isque
1149 2717 1287 2784 Romam
1304 2742 1379 2807 pre·

176 2803 331 2886 fugisset,
364 2802 458 2862 missa
488 2822 550 2882 per
577 2799 700 2885 legatos
725 2800 864 2883 pecunia
893 2805 994 2865 traxit
1015 2804 1049 2865 in
1079 2806 1275 2867 sententiam
1299 2822 1378 2867 susm
1416 2796 1419 2806 ’

133 2879 338 2947 SSenatum.
382 2883 534 2945 Etbace
561 2884 625 2944 fuit
649 2885 689 2946 de
719 2884 815 2947 nobis
845 2887 913 2948 eius
939 2888 1046 2969 prima
1077 2889 1239 2950 victoria.'
1274 2888 1377 2951 Missa

175 2969 308 3041 deinde,
333 2968 389 3050 qui
411 2988 545 3051 reguum
568 2967 655 3031 inter
675 2968 768 3030 illum
797 2968 1080 3055 Adherbalemque
1108 2971 1315 3047 dividerent,
1336 2970 1377 3033 sl'·

174 3053 298 3114 militer
319 3050 508 3135 adgressus,
531 3072 631 3134 quum
655 3052 687 3112 in
711 3053 834 3113 Scauro
858 3054 945 3135 ipsos
966 3054 1105 3116 Romani
1125 3053 1258 3137 imperii
1280 3054 1379 3117 moret

134 3130 408 3220 Sexpugnasset‘,
441 3133 635 3197 inchoatum
652 3137 742 3196 n'efas
766 3137 907 3218 perfecit
930 3136 1094 3199 audacius.
1138 3136 1202 3198 Sed
1230 3158 1302 3199 nou
1331 3136 1381 3199 «tta

155 3218 278 3280 ‘latent
306 3218 439 3281 scelera.
491 3217 675 3297 Corruptae
704 3219 794 3278 nefas
822 3216 995 3301 legationis
1031 3219 1160 3303 erupit:
1196 3219 1381 3323 placuitque

133 3301 448 3386 7bello·persei1ui
483 3298 694 3382 parricidam:
742 3299 872 3360 Primus
905 3301 939 3364 in
969 3302 1157 3366 Numidiam
1180 3302 1380 3387 'Calpurnius

175 3383 283 3444 Bestia
315 3381 435 3442 Consul
465 3382 675 3443 immittitur:
708 3381 764 3442 sed
793 3402 873 3457 rex,
905 3385 1051 3466 peritus,
1083 3386 1202 3450 fortius
1233 3388 1382 3451 adversus

134 3463 154 3530 8
174 3466 337 3525 Romanos
360 3484 475 3524 aurum
501 3483 587 3536 csse,
610 3484 707 3545 quam
728 3464 873 3538 ferrum,
896 3487 1009 3549 pacem
1032 3471 1120 3535 emit.
1151 3470 1250 3532 Cuius
1271 3468 1382 3557 flagitii

174 3567 271 3620 reus,
305 3567 405 3628 quum
431 3544 667 3607 interveniente
689 3544 822 3627 publica
851 3548 915 3610 lide
944 3573 963 3612 a
991 3552 1111 3616 Senatu
1141 3564 1381 3627 accerseretur,

175 3630 249 3714 pari
282 3626 415 3692 audacia
446 3634 479 3690 et
511 3627 617 3701 venit,
649 3635 681 3688 et
723 3632 975 3713 competitorem
1002 3634 1143 3719 imperii
1167 3636 1383 3719 [Masinissae]

134 3728 156 3804 '9
176 3711 366 3787 Massivam,
400 3710 542 3774 immisso
574 3730 788 3793 percussore,
822 3716 977 3780 confecit.
1018 3720 1108 3782 Haec
1138 3720 1241 3782 altera
1271 3730 1384 3785 contre

175 3818 287 3882 regem
311 3797 377 3857 fuit
401 3814 510 3857 caussa
536 3794 692 3857 bellandi.
734 3796 842 3880 Igitur
863 3820 998 3881 sequens
1019 3799 1102 3865 ultio
1124 3804 1299 3867 mandatur
1316 3802 1385 3865 Al-

175 3880 269 3942 bino.
313 3877 377 3940 Sed
397 3878 494 3942 buius
515 3899 648 3962 quoquc
666 3881 745 3962 (pro
766 3879 904 3944 dedecus
918 3880 942 3961 Ι)
963 3884 1008 3946 ita
1027 3886 1178 3968 corrupit
1193 3886 1385 3961 exereitum,

176 3971 216 4024 ut
235 3961 419 4025 voluntaria
438 3971 629 4031 nostrorum
651 3964 727 4047 fuga
746 3962 892 4028 vinceret
913 3967 1066 4042 Numida,
1089 3969 1269 4070 castrisque
1286 3969 1385 4055 poti-

178 4055 290 4109 retur:
324 4044 436 4107 addito
470 4045 568 4109 etiam
597 4047 689 4129 turpi
725 4046 858 4109 foedere
889 4050 924 4111 in
952 4050 1097 4134 pretium
1125 4052 1259 4128 salutas,
1290 4074 1385 4138 quem

135 4131 271 4215 toprius
293 4137 435 4204 emerat,
457 4127 581 4193 dimisit
605 4127 794 4190 exereitum.
837 4129 885 4194 Eo
908 4133 1039 4195 tandem
1059 4141 1209 4218 tempore
1232 4137 1269 4199 irs
1290 4126 1401 4200 ultio·¹

175 4235 251 4276 nem
271 4232 338 4272 uon
363 4218 429 4272 tam
450 4212 581 4297 imperii
605 4211 764 4285 Romani,
787 4234 884 4298 quam
906 4217 1063 4298 pudoris,
1089 4218 1239 4281 Metellus
1262 4220 1385 4285 adsur-

179 4297 246 4382 git:
269 4295 327 4377 qui
348 4294 554 4360 callidissime
574 4293 704 4356 hostem
723 4316 809 4358 nune
830 4301 995 4381 precibus,
1017 4321 1104 4362 nunc
1125 4301 1237 4376 minis,
1256 4303 1322 4367 iam
1338 4303 1386 4367 si-

176 4379 318 4452 mulata,
346 4378 412 4439 iam
441 4400 517 4443 vera
546 4381 624 4462 fuga
653 4377 851 4454 eludentem,
884 4384 1009 4446 artibus
1033 4384 1099 4447 suis
1125 4383 1295 4469 adgressus
1326 4396 1383 4451 est.

135 4464 341 4548 trdgrorum
371 4470 469 4544 atque
498 4463 649 4525 vicorum
676 4461 890 4545 populatione
921 4488 989 4528 non
1019 4476 1213 4543 contentus,
1248 4470 1285 4533 in
1316 4472 1386 4557 ipss

171 4543 348 4607 Numidiae
376 4544 483 4629 capita
510 4543 784 4633 impetumfeoit,
816 4545 860 4611 Et
878 4548 1008 4614 Zamam
1028 4550 1162 4637 quidem
1182 4554 1307 4621 frustra
1328 4556 1386 4619 diu
