2850 4958
103 292 175 377 170
582 265 825 343 eoaaora

143 434 208 500 111.
237 432 367 497 lateres
386 429 506 511 Pastas
528 437 562 493 et
585 430 730 506 assius,
754 432 979 494 interfectores
1000 426 1170 505 Cemris,
1201 452 1286 520 mg·
1319 441 1332 501 t

101 518 224 583 bellum
253 522 447 579 moverunt:
482 520 574 577 ersus
604 514 691 576 enim
718 536 781 599 per
810 512 1037 577 Macedoniam
1069 522 1105 575 ct
1138 514 1285 583 Orientn
1321 527 1333 585 i

101 600 195 663 multi
217 599 402 671 exercitus.
424 615 505 682 quos
526 606 775 679 occupaverant.
818 595 965 661 Profecti
987 594 1092 678 igitar
1113 607 1230 661 contra
1250 620 1286 665 α
1321 608 1333 667 a*

101 686 218 749 Caesar
240 682 437 745 Octavianus
467 680 630 765 Angustus
652 688 685 743 et
703 681 749 741 Iti.
772 678 955 753 Antonius,
983 681 1204 759 (remanserat
1225 682 1285 745 esis

101 766 143 829 sd
163 763 397 827 defendendam
426 760 555 824 Italiam
582 762 739 845 Lepidus)
764 763 849 846 apud
870 760 1064 907 Philippos,
1098 763 1285 833 Macedoniis
1318 772 1333 831 si

99 847 233 922 urbem,
256 856 371 910 contra
392 864 448 907 eos
467 856 702 927 pugnaverunt.
745 845 859 908 Primo
881 866 964 927 proe
980 846 1011 905 io
1033 844 1113 907 victi
1136 858 1214 909 snat
1230 846 1284 909 Is·
1318 856 1333 914 ri

98 930 210 994 tonius
231 939 265 992 et
285 930 421 1001 Caesar,
442 930 545 1009 periit
564 936 671 989 tamen
692 929 757 990 dux
778 928 959 991 nobilitatis
984 927 1132 992 Cassius:
1163 928 1280 993 secsnls
1315 956 1333 998 ε

98 1016 240 1086 Brutus,
264 1020 297 1074 et
317 1010 442 1072 infinita
463 1010 637 1085 nobilitas,
660 1034 742 1095 quae
763 1034 837 1073 cum
857 1010 921 1071 illis
941 1008 1064 1071 bellum
1080 1022 1233 1096 gesserat.
1252 1012 1283 1075 lt
1315 1016 1332 1079 t

102 1096 150 1161 sic
172 1097 259 1157 inter
291 1114 347 1157 eos
378 1093 480 1154 divisa
513 1100 562 1153 est
588 1114 640 1153 res
669 1094 825 1177 publica,
855 1102 892 1154 ut
918 1091 1082 1175 Augustus
1115 1096 1282 1177 Hispanis,
1314 1106 1332 1163 ιι·

102 1178 243 1251 Gallias,
272 1175 401 1237 Italiam
422 1184 565 1237 teneret:
593 1175 754 1239 Antonius
783 1176 914 1248 Asiam,
940 1176 1103 1252 Pontum,
1127 1178 1282 1241 Orientn
1313 1184 1332 1243 V

101 1258 166 1323 Sed
196 1260 284 1321 intra
313 1260 442 1321 Italiam
470 1258 507 1319 1..
530 1256 691 1321 Antonius
721 1260 795 1322 Cos.
827 1257 949 1320 bellum
979 1258 1076 1320 civile
1107 1262 1282 1333 commerita
1312 1267 1332 1328 li

99 1346 205 1409 frater
225 1342 315 1417 eius,
337 1341 487 1427 quicum
509 1340 644 1405 Caesare
663 1352 779 1405 contra
807 1344 945 1404 Brutum
973 1349 1006 1403 et
1036 1342 1184 1405 Cassium
1203 1340 1281 1407 dini·
1310 1352 1330 1411 ri

102 1432 242 1491 caverat.
285 1426 319 1487 Is
339 1424 427 1508 apud
446 1422 636 1499 Perusiam,
657 1423 795 1489 Tusciae
817 1425 995 1497 civitatem,
1015 1422 1122 1487 victus
1144 1436 1179 1489 et
1197 1434 1283 1511 cath
1309 1454 1332 1515 p

103 1518 509 1655 eslVleliileiibi'bubex.
530 1588 714 1673 Pompeio,
741 1588 800 1653 Cn.
821 1588 973 1673 Pompeii
993 1582 1104 1672 Magni
1126 1588 1217 1665 lilio,
1241 1556 1281 1651 is·
1320 1516 1331 1575 l

102 1698 180 1761 gens
200 1674 323 1736 bellum
344 1674 378 1735 in
397 1671 511 1735 Sicilia
532 1682 731 1749 commotum
753 1683 821 1747 est,
843 1672 916 1746 bis,
938 1670 995 1755 qui
1017 1676 1242 1755 superfuerant
1256 1688 1283 1733 et
1309 1682 1327 1740 t

100 1757 252 1845 partibus
282 1756 376 1818 Bruti
405 1754 590 1899 Cassiigue,
621 1754 661 1817 ad
683 1778 756 1817 eum
776 1756 1025 1819 confluentibus.
1068 1755 1227 1819 Bellatum
1241 1766 1283 1837 p!
1311 1764 1332 1825 si

105 1845 275 1906 Caesarem
298 1840 478 1923 Augustum
535 1839 716 1901 ctavianum
737 1846 770 1901 et
789 1842 836 1903 M.
859 1837 1039 1903 Antonium
1061 1838 1284 1903 adversusScn
1315 1867 1330 1906 e

100 1923 318 2005 Pompeium}
339 1941 403 2003 pax
423 1928 590 2001 postremo
613 1920 777 1982 convenit.

144 2006 188 2066 V.
216 2003 266 2065 Eo
288 2012 438 2086 tempore
459 2004 504 2067 Μ.
526 2002 672 2086 Agrippa
696 2003 728 2063 in
749 2002 924 2086 Aquitania
950 2024 1021 2069 rem
1047 2022 1211 2088 prospere
1226 2022 1284 2089 get·
1314 2032 1331 2093 g

100 2090 169 2152 sit:
193 2094 225 2148 et
243 2086 281 2146 1..
304 2082 479 2149 Ventidius
499 2087 612 2147 Bassus
635 2087 851 2167 irrumpentes
873 2086 906 2147 in
927 2085 1055 2171 Syriam
1074 2086 1286 2151 Persastribat
1316 2116 1331 2175 q

101 2168 238 2256 proeliis
258 2167 351 2229 vicit.
393 2166 577 2243 Pacorum,
599 2166 684 2250 regis
707 2167 829 2231 Orodis
850 2166 975 2244 lilium,
998 2170 1166 2233 interfecit
1183 2193 1219 2233 eo
1232 2172 1285 2253 ipss
1319 2198 1331 2235 ι

103 2254 178 2326 die,
208 2270 276 2336 quo
297 2248 378 2311 olim
402 2248 548 2323 Orodes,
577 2248 753 2312 Persarum
781 2274 862 2326 rex,
891 2275 952 2334 per
983 2251 1098 2315 ducens
1127 2252 1284 2325 Surenam,

104 2337 255 2399 Crassum
280 2330 460 2398 occiderat.
500 2333 564 2396 Hic
585 2332 710 2417 primus
736 2333 777 2396 de
797 2334 930 2399 Parthis
950 2334 1164 2399 iustissimum
1184 2332 1286 2399 trium·
1319 2364 1331 2425 ι

145 2501 207 2565 vl.
238 2495 377 2562 Interim
396 2498 572 2581 Pompeius
591 2515 705 2579 pacem
727 2519 765 2561 ru
792 2500 834 2574 it,
858 2508 890 2563 et
910 2496 1014 2563 navali
1035 2498 1174 2583 proelio
1191 2503 1287 2575 rietus
1320 2510 1331 2573 1

88 2584 231 2669 ¹fugiens
251 2580 292 2644 ad
313 2580 422 2642 Asiam
444 2582 633 2643 interfectus
655 2589 713 2645 est.
755 2520 937 2657 latonius,
961 2584 1016 2665 qui
1037 2582 1148 2644 Asiam
1172 2595 1204 2646 et
1224 2586 1287 2647 Ori·
1323 2616 1331 2655 ι

105 2676 212 2729 entem
244 2663 396 2738 tenebat,
427 2664 597 2748 repudiata
624 2670 741 2726 s‘orore
772 2668 915 2728 Caesaris
946 2668 1083 2750 Augusti
1115 2667 1289 2739 Octaviani,
1321 2700 1331 2738 ι

105 2750 331 2830 Cleopatram,
360 2747 505 2831 reginam
531 2747 695 2831 Aegypti,
726 2747 820 2809 duxit
849 2770 997 2810 uxorem.
1041 2750 1165 2811 Contra
1194 2752 1289 2813 Persas
1320 2761 1331 2821 1

103 2833 175 2914 ipse
197 2828 293 2890 etiarn
314 2831 490 2911 pugnavit:
513 2830 628 2911 primis
649 2850 705 2891 eos
725 2832 862 2912 proeliis
877 2833 975 2893 vicit:
1000 2834 1187 2913 regrediens
1202 2844 1289 2895 umes
1323 2865 1331 2905 ι

103 2917 190 2977 fame
210 2922 243 2973 et
262 2911 446 2994 pestilentia
466 2911 640 2975 laboravit.
681 2911 725 2975 Et
745 2938 845 2999 quum
866 2917 1023 2978 instarent
1035 2916 1155 2978 Parthi
1175 2917 1289 3001 fugien-
1326 2951 1331 2985 ι

103 2996 152 3071 si,
176 2996 244 3077 ipse
263 3016 326 3076 pro
349 2995 436 3057 sicto
460 2997 603 3059 recessit.

144 3078 225 3139 VII.
262 3078 327 3139 Hie
356 3098 486 3161 quoque
519 3079 630 3163 ingens
656 3074 780 3140 bellam
810 3078 905 3141 civile
939 3081 1136 3153 commovit,
1172 3086 1293 3165 cogente

101 3182 208 3226 uxore
230 3160 413 3238 Cleopatra,
436 3160 547 3245 regina
567 3161 614 3223 Ae
635 3161 720 3241 ypti,
742 3160 818 3223 dum
840 3162 1017 3246 cupiditate
1042 3164 1197 3242 muliebri
1218 3168 1296 3249 optat

103 3247 203 3308 etiam
234 3242 268 3301 in
299 3240 391 3303 Urbe
421 3265 568 3325 regnare.
654 3245 735 3305 ictus
765 3254 812 3305 est
839 3246 878 3306 ab
906 3247 1051 3325 Augusto
1075 3246 1182 3309 navali
1203 3266 1295 3331 pugna

104 3327 193 3390 clara
215 3332 248 3384 et
275 3322 395 3383 illustri
422 3324 509 3408 apud
535 3324 684 3397 Actium,
717 3328 772 3407 qui
794 3327 939 3389 Iocus'in
960 3328 1062 3412 Epiro
1085 3338 1154 3403 est3
1188 3352 1224 3391 ex
1244 3348 1296 3413 qus

102 3409 189 3491 fugit
209 3404 242 3465 in
263 3402 469 3487 Aegyptum:
494 3417 537 3481 et,
561 3408 737 3487 desperatis
759 3408 867 3482 rebus,
890 3433 990 3492 quum
1012 3433 1121 3473 omnes
1142 3412 1183 3471 ad
1203 3410 1298 3497 Angu-

103 3498 189 3551 stum
212 3488 404 3560 transirent,
434 3488 504 3569 ipse
529 3510 564 3550 se
585 3489 769 3551 interemit:
803 3488 975 3574 Cleopatra
998 3495 1059 3556 sibi
1082 3494 1229 3575 aspidem
1248 3494 1299 3557 ael·

102 3570 213 3643 misit,
246 3579 278 3631 et
303 3590 426 3631 veneno
456 3570 524 3630 eius
551 3571 706 3631 exstincta
727 3580 785 3639 est.
824 3576 989 3661 Aegyptus
1010 3598 1070 3659 per
1092 3576 1298 3641 Octavianam

102 3652 285 3737 Augustum
311 3652 451 3731 imperio
479 3652 625 3714 Romano
653 3654 779 3718 adiecta
808 3668 872 3731 est,
900 3661 1173 3743 praepositusque
1195 3664 1224 3723 ei
1247 3662 1296 3723 Cn.

99 3736 275 3881 l(lici-aelius
304 3734 427 3799 Gallus.
469 3734 565 3797 Hunc
589 3736 732 3821 primum
761 3740 927 3825 Aegyptus
955 3742 1136 3805 Romanum
1165 3744 1300 3809 iudicem

126 3819 230 3880 affl.

143 3902 240 3963 VIII.
271 3898 322 3960 Ita
350 3896 445 3964 bellis
476 3906 548 3962 toto
572 3900 654 3963 orbe
674 3904 852 3979 confectis,
890 3925 1134 3970 ocrsvrsnns
1172 3928 1299 3973 snar-

102 4004 193 4045 srus
225 3982 361 4043 Romam
392 3982 513 4059 rediit,
534 3983 612 4045 XII.
643 4007 748 4060 anno,
779 4010 875 4070 quam
902 3990 983 4057 ¹Cos.
1016 3993 1134 4053 fuerat.
1186 3993 1232 4053 Ex
1261 4012 1300 4053 eo

99 4064 345 4145 liempublicam
372 4084 434 4145 per
462 4066 673 4149 quadraginta
697 4077 728 4129 et
749 4078 890 4151 quatuor
916 4094 1015 4133 annos
1036 4073 1126 4152 solus
1148 4074 1302 4137 obtinuit.

99 4146 1300 4231 Ammmfflmfflwssmmamfflmmmfflst

100 4229 198 4292 initio
220 4228 422 4311 principatus
450 4231 518 4294 eius
545 4251 647 4313 usque
678 4232 834 4297 adfinem
862 4235 939 4297 LVI
963 4238 1036 4299 anni
1060 4238 1166 4301 fuere.
1212 4240 1301 4303 Obiit

100 4320 208 4373 autem
234 4310 382 4373 LXXVI.
413 4334 519 4386 anno,
550 4321 656 4374 morte
687 4316 870 4390 communi,
904 4320 937 4381 in
962 4314 1084 4407 oppido
1110 4322 1301 4407 Campaniae

99 4393 217 4454 Atella.
260 4392 381 4456 Rornae
406 4394 445 4465 ¹iu
476 4396 597 4477 Campo
630 4396 749 4459 Martio
780 4402 923 4481 sepultus
955 4412 1021 4463 est:
1053 4401 1126 4478 sir,
1157 4408 1218 4487 qui
1237 4424 1301 4467 non

100 4474 484 4541 immerito·ex.msxima
504 4489 599 4561 parte
620 4482 691 4539 Deo
714 4480 827 4543 similis
850 4492 897 4545 est
917 4494 1060 4567 putatus.
1085 4486 1204 4571 Neque
1219 4488 1301 4551 esim

95 4556 196 4620 facile
214 4552 301 4623 ullus
329 4576 369 4621 so
394 4565 452 4663 aut
472 4558 623 4667 inbellis
639 4560 784 4631 'felicior
803 4566 884 4645 ruit,
909 4576 966 4633 aut
985 4570 1020 4633 in
1037 4590 1120 4659 pace
1140 4570 1301 4659 monera-5

102 2408 206 2505 pbum
226 2418 349 2478 Romae
369 2415 447 2496 egit.
