2850 4958
428 283 886 363 nnnaonnnn.
1223 238 1278 363 ἰε

64 451 243 527 interemit,
264 470 362 531 qnam
384 448 518 510 domino
540 457 758 510 succurreret.
800 448 878 527 Quo
900 443 954 507 die
973 444 1146 531 singularis
1166 443 1278 508 Pom-

62 536 158 620 ponii
182 533 302 617 equitis
325 532 463 603 Romani
489 532 523 592 in
546 531 731 594 Gracchum
755 529 833 594 fides
856 531 934 604 fuit,
948 531 1003 614 qni
1018 552 1112 592 more
1128 529 1277 606 Coclitis,

64 619 253 680 sustentatis
278 617 312 677 in
332 625 434 699 ponte
459 615 609 677 hostibus
631 617 720 691 eius,
747 615 854 696 gladio
881 636 914 676 se
936 613 1105 675 transfixit.
1138 615 1186 673 Ut
1200 615 1279 676 Tib.

64 701 208 764 Gracchi
230 709 323 760 antea
349 719 492 781 corpus,
525 699 570 759 ita
597 699 683 774 Caii,
715 703 797 762 mira
824 697 1018 761 crudelitate
1038 697 1219 772 victorum,
1243 698 1279 760 in

62 785 216 849 Tiberim
240 782 403 845 deiectum
424 790 492 842 ests
555 813 556 817 ,

106 868 186 928 v11.
217 868 313 927 Hunc
338 867 414 929 Tib.
440 865 582 927 Gracchi
607 863 724 940 liberi,
749 864 785 924 P.
813 863 979 946 Scipionis
1003 862 1149 925 Atricani
1170 883 1280 945 nepo-

63 962 135 1027 tes,
166 952 239 1011 siva
270 949 378 1010 adbuc
409 958 513 1010 matre
547 947 720 1022 Cornelia,
753 948 901 1009 Africani
926 947 1012 1023 filia,
1048 947 1112 1009 viri
1144 945 1279 1029 optimis

60 1033 204 1117 ingeniis
228 1033 310 1094 male
329 1033 399 1107 usi,
425 1033 511 1093 ritae
532 1033 714 1114 mortisque
736 1031 882 1092 habuere
910 1032 1042 1092 exitum.
1086 1030 1151 1110 Qui
1173 1031 1199 1091 si
1222 1030 1280 1091 ci-

60 1119 164 1181 vilem
195 1115 362 1200 dignitatis
394 1117 623 1197 concupissent
653 1115 805 1189 modum·;
849 1114 1009 1197 quidquid
1050 1113 1279 1177 tumultuando

61 1200 204 1282 adipisci
239 1198 438 1285 gestierunt,
478 1199 598 1282 quietis
632 1199 804 1260 obtulisset
829 1197 1035 1279 Respublica.
1080 1198 1166 1259 Huic
1186 1207 1282 1259 atro·

61 1284 158 1346 citati
182 1282 342 1344 adiectum
364 1282 466 1343 scelus
483 1283 625 1344 unicum.
652 1281 784 1366 Quippe
805 1281 947 1357 iuvenis,
968 1281 1076 1363 specie
1101 1279 1279 1355 excellens,

60 1367 204 1428 necdum
229 1365 527 1427 duodevicesimam
555 1375 770 1446 transgressus
793 1387 930 1439 annum,
954 1364 1170 1448 immunisque
1194 1364 1282 1425 deli-

60 1461 196 1512 ctorum
217 1458 448 1529 paternorum,
472 1448 580 1509 Fulvii
615 1449 724 1511 Flacci
762 1447 869 1522 lilius,
896 1471 991 1533 quem
1014 1456 1109 1528 pater
1136 1448 1282 1529 legatum

62 1533 106 1595 de
134 1532 377 1593 conditionibus
412 1531 565 1605 miserat,
593 1530 633 1593 ab
664 1531 798 1613 Opimio
830 1532 1044 1613 interemptus
1072 1540 1132 1592 est.
1175 1533 1282 1608 Quem

65 1637 169 1699 quum
188 1615 352 1698 haruspex
374 1615 516 1686 Tuscus,
537 1614 671 1687 amicus,
693 1614 823 1676 flentem
839 1616 873 1676 in
891 1614 1019 1676 vincula
1041 1613 1117 1675 duci
1135 1615 1280 1688 vidisset,

70 1703 157 1782 Quin
185 1696 303 1759 tuboe
328 1702 460 1778 potius,
496 1696 622 1779 inquit,
640 1698 765 1775 sacis?
798 1700 1032 1781 protinusque,
1062 1696 1147 1759 illiso
1175 1699 1282 1780 capite

62 1786 98 1846 in
120 1790 249 1863 postem
273 1780 440 1861 lapideum
460 1779 575 1839 ianuae
607 1781 768 1855 carceris,
794 1780 959 1865 effusoque
985 1781 1142 1855 cerebro,
1170 1781 1283 1864 exspi-

64 1867 163 1930 ravit.
208 1864 427 1946 Crudelesque
446 1883 524 1923 mox
548 1864 754 1944 quaestiones
774 1863 808 1924 in
824 1865 942 1926 amicos
962 1863 1161 1947 clientesque
1177 1866 1284 1926 Grac-

65 1950 206 2011 chorum
228 1946 360 2008 habitae
380 1953 465 2007 sunt.
509 1945 574 2009 Sed
598 1945 790 2028 Opimium,
812 1946 919 2009 virum
935 1946 1059 2030 alioqui
1080 1958 1226 2010 sanctum
1250 1956 1284 2011 et

67 2043 219 2117 gravem,
240 2029 424 2091 damnatum
447 2038 557 2111 postea
581 2029 705 2091 iudicio
729 2029 879 2113 publico,
900 2031 1059 2092 memoria
1084 2031 1184 2112 ipsius
1209 2053 1283 2093 sac-

69 2115 184 2185 vitiae,
216 2113 303 2174 nulla
331 2112 436 2174 civilis
464 2122 634 2194 persecuta
667 2122 715 2173 est
739 2113 977 2175 misericordia.
1020 2112 1142 2175 Eadem
1169 2116 1281 2197 Rupi-

67 2198 149 2260 lium
171 2196 436 2280 Popilliumque,
458 2197 513 2276 qui
535 2198 622 2257 Coss.
646 2198 824 2277 asperrime
847 2198 881 2257 in
902 2197 978 2258 Tib.
1001 2197 1141 2258 Gracchi
1161 2202 1283 2260 amicos

66 2280 260 2353 saevierant,
286 2289 398 2360 postea
422 2278 619 2341 iudiciorum
639 2280 846 2359 publicorum
866 2281 984 2341 merito
1010 2278 1174 2363 oppressit
1195 2284 1284 2343 invi-

67 2365 134 2426 dia.
177 2362 235 2423 Rei
256 2372 365 2424 tantae
390 2383 505 2445 parum
527 2363 566 2423 ad
588 2363 740 2424 notitiam
762 2364 928 2444 pertinens
950 2364 1190 2444 interponatur.
1219 2366 1304 2427 Hie·

67 2456 118 2509 est
136 2446 299 2529 Opimius,
323 2469 340 2505 a
362 2469 428 2530 quo
453 2446 591 2507 Consule
608 2445 856 2508 celeberrimum
880 2446 1046 2527 Opimiani
1063 2448 1129 2508 vini
1144 2467 1281 2511 nomen:

67 2528 160 2615 quod
182 2530 246 2590 iam
267 2528 392 2590 nullum
418 2551 485 2590 esse
499 2576 506 2602 ,
520 2530 634 2611 ,spatio
658 2551 816 2592 annorum
837 2530 949 2611 colligi
969 2539 1094 2611 potest,
1120 2554 1218 2614 quum
1242 2532 1282 2594 ab

67 2637 108 2675 co
136 2614 202 2674 sint
225 2612 266 2672 ad
292 2622 341 2687 te,
369 2614 415 2672 M.
440 2613 571 2689 Vinici,
591 2612 785 2688 Consulem,
811 2614 886 2674 anni
916 2615 994 2677 CLI.
1038 2615 1173 2677 Factum
1196 2616 1285 2700 Opi-

65 2697 148 2770 mii,
174 2695 264 2777 quod
283 2695 528 2756 inimicitiarum
558 2692 702 2780 quaesita
726 2706 797 2757 erat
815 2696 921 2772 ultio,
949 2700 1060 2761 minor
1081 2708 1188 2761 secuta
1216 2723 1283 2761 au-

66 2779 229 2841 ctoritas:
275 2786 307 2836 et
336 2778 403 2837 visa
438 2777 521 2838 ultio
559 2778 690 2863 privato
726 2776 805 2849 ‚odio
841 2781 967 2865 magis,
998 2804 1094 2865 quam
1131 2780 1285 2866 publicae

66 2859 236 2927 vindictae
257 2858 342 2917 data.
739 2910 742 2917 ,
812 2886 816 2893 ·

86 2942 211 3003 'VIIL
244 2939 391 3001 Subinde
426 2939 548 3002 Porcio
594 2932 786 3025 Marcioque
827 2942 914 3003 Coss.
956 2943 1095 3007 deducta
1135 2945 1284 3022 colonia,

66 3028 184 3092 Narbo
222 3024 372 3084 Martius.
416 3022 589 3084 Mandetur
621 3022 738 3084 deinde
768 3026 925 3085 memoria
956 3028 1109 3088 severitas
1137 3028 1285 3089 iudicio.

69 3133 160 3174 rum.
205 3108 338 3190 Quippe
368 3107 402 3166 C.
427 3108 506 3168 Cato
537 3106 741 3179 Consularis,
766 3108 825 3170 M.¹
843 3108 973 3168 Catonis
1000 3130 1117 3190 nepos,
1139 3103 1286 3173 Africani

70 3192 200 3258 sororis
223 3191 326 3264 filius,
354 3190 610 3270 repetundarum
632 3212 670 3252 ex
689 3189 880 3251 Macedonia
909 3191 1075 3253 damnatus
1098 3203 1165 3268 est,
1187 3217 1287 3279 quum

71 3278 117 3341 lis
144 3276 212 3336 eius
239 3274 303 3335 HS.
335 3272 450 3336 XVIII
482 3274 629 3335 millibus
656 3274 893 3335 aestimaretur.
935 3273 1027 3336 Adeo
1050 3275 1098 3339 illi
1119 3278 1182 3341 viri
1208 3301 1286 3339 ma-

71 3360 125 3446 gis
146 3357 345 3419 voluntatem
377 3355 532 3439 peccandi
564 3358 796 3431 intuebantur,
829 3380 925 3440 quam
952 3358 1104 3423 modum:
1135 3364 1288 3447 factaque

73 3443 118 3505 ud
139 3441 308 3504 consilium
339 3439 544 3523 dirigebant,
576 3450 608 3502 et
652 3440 730 3516 uid,
757 3462 825 3501 non
847 3438 1081 3525 inquantum,
1111 3446 1287 3511 admissum

73 3524 182 3599 foret,
213 3523 435 3586 aestimabant.
478 3524 571 3587 Circa
602 3463 714 3585 saidam
741 3533 890 3606 tempora
918 3525 983 3589 duo
1012 3526 1138 3591 Metelli
1168 3531 1288 3593 fratres

74 3630 146 3670 uno
168 3608 220 3668 die
240 3608 535 3688 triumphaverunt.
579 3608 654 3671 Non
675 3608 781 3669 minus
802 3607 927 3670 clarum
949 3608 1151 3689 exemplum,
1175 3621 1207 3671 et
1227 3612 1290 3675 ad'-

74 3693 148 3754 huc
167 3693 296 3753 unicum
324 3689 432 3752 Fulvii
456 3690 583 3765 Flacci,
616 3691 683 3752 eius
705 3692 761 3775 qui
786 3691 925 3772 Capuam
949 3698 1098 3772 ceperat,
1121 3688 1287 3770 filiorum,

75 3773 136 3838 sed
163 3773 294 3836 alterius
326 3774 360 3834 in
390 3772 600 3855 adoptionem
632 3773 722 3846 dati,
754 3773 788 3833 in
819 3773 960 3858 collegio
993 3772 1184 3837 Consulatus
1211 3776 1289 3839 fuit.

76 3856 263 3939 Adoptivus
284 3858 319 3917 in
340 3854 470 3916 Acidini
491 3855 604 3931 Manlii
627 3850 785 3919 familiam
811 3854 915 3919 datus.
956 3852 1039 3919 Nam
1061 3879 1194 3922 censura
1215 3863 1290 3931 Me-

78 3940 252 4015 tellorum,
274 3938 485 4023 patruelium,
506 3959 574 4023 non
595 3940 994 4022 germanorum-fratrum
1016 3941 1101 4015 fuit;
1124 3942 1214 4025 quod
1232 3967 1291 4007 so·-

78 4025 122 4088 lis
143 4025 326 4107 contigerat
344 4022 568 4104 Scipionibus.
613 4023 697 4084 Tum
719 4021 843 4083 Cimbri
859 4030 891 4082 et
905 4022 1046 4085 Teutoni
1061 4027 1291 4097 ,transcendere

80 4109 251 4181 Rhenum,
276 4106 385 4168 multis
407 4127 484 4166 rnox
504 4104 625 4167 nostris
647 4106 777 4189 suisque
799 4102 1102 4187 cladibusnobiles.
1144 4109 1217 4173 Per.
1228 4132 1290 4172 ea-

80 4192 155 4255 dem
176 4200 327 4274 tempora
350 4190 455 4252 clarus
478 4180 546 4251 eius
566 4189 726 4264 Minucii,
755 4188 811 4271 qui
832 4178 1002 4272 porticus,
1024 4184 1106 4275 quae
1127 4191 1292 4280 hodieque

80 4274 229 4339 celebres
250 4282 344 4348 sunt,
366 4272 500 4334 molitus
523 4280 590 4347 est,
614 4292 632 4333 e
651 4272 833 4335 Scordiscis
851 4268 1040 4354 'triumphus
1059 4272 1135 4337 fuit.

125 4359 186 4419 IX.
207 4356 329 4418 Eodem
351 4365 458 4419 tractu
480 4367 663 4439 temporum
684 4355 854 4425 nituerunt
875 4360 1022 4419 oratores
1045 4357 1156 4440 Scipio
1179 4357 1294 4423 Aemi-

79 4441 210 4511 lianus,
233 4440 436 4524 Laeliusque,
458 4438 528 4503 Ser.
551 4438 665 4514 Galba,
690 4438 755 4506 duo
779 4439 930 4516 Gracchi,
954 4440 989 4503 C.
1010 4438 1161 4518 Fannius,
1186 4442 1292 4505 Carbo

82 4524 261 4607 Papirius,
281 4545 341 4585 nec
361 4524 616 4609 praetereundus
637 4526 790 4597 Metellus
810 4516 1017 4603 Numidicus,
1041 4534 1073 4588 et
1090 4524 1242 4600 Scaurus,
1261 4535 1296 4589 et

85 4616 160 4671 aute
182 4627 294 4671 omnes
314 4608 350 4670 13.
375 4609 506 4672 Crassus
529 4615 560 4671 et
580 4608 627 4673 M.
648 4607 825 4678 Antonius.
868 4598 1018 4688 Quorum
1039 4606 1137 4670 aetati
1163 4605 1299 4694 iugeni-
