2850 4958
458 312 588 390 HIST.
612 304 736 388 nott.
760 310 853 388 Ltts
877 309 925 386 11.
1247 306 1307 389 ab

91 480 235 563 Capuam
255 482 373 539 eventu
393 474 584 561 Scipionem
604 476 861 562 Norbanumque
883 475 972 539 Coss.
987 480 1141 562 superat:
1164 495 1309 560 quorum

89 564 277 637 Norbanus,
300 562 370 622 acie
392 562 514 635 victus,
536 562 732 644 Scipio,'‚ab
754 562 900 624 exercitu
920 581 980 623 sno
1004 559 1151 623 desertus
1171 582 1209 622 ac
1230 581 1309 642 pro·

89 650 194 721 ditus,
218 644 393 707 inviolatus
416 666 435 705 a
455 645 546 708 Sulla
568 642 718 707 dimissus
739 654 798 707 est.
842 644 934 706 Adeo
968 643 1056 722 enim
1085 642 1175 705 Sulla
1203 644 1309 705 dissi-

88 730 176 792 milis
200 728 265 790 fuit
283 726 428 790 bellator
448 749 486 790 ac
506 730 636 803 victor,
659 738 696 790 nt
716 727 794 790 dum
814 722 972 803 vinceret,
992 727 1169 789 iustissimo
1184 726 1307 802 lenior;

85 823 165 897 post
193 810 368 873 victoriam
395 811 509 874 audito
539 813 641 874 fuerit
671 811 849 874 crudelior.
892 810 976 872 Nam
998 819 1031 872 et
1056 810 1248 886 Consulem,
1271 820 1311 889 nt

85 895 332 980 praediximus,
357 904 579 971 exarmatum,
602 897 644 973 Q.
665 896 870 970 Sertorium,
891 892 980 977 prola
1003 893 1117 978 quanti
1138 915 1215 957 mox
1227 893 1311 958 belli

83 982 210 1046 facem!
235 987 267 1040 et
288 978 407 1040 multuo
429 978 534 1052 alios,
556 979 682 1062 potitus
705 1000 820 1045 eorum
832 1023 841 1053 ‚
865 978 990 1041 dimisit
1012 976 1209 1041 incolumes:
1233 999 1311 1040 cre-

87 1064 158 1139 do,
185 1070 225 1123 nt
245 1062 280 1123 in
303 1059 417 1124 eedem
438 1061 574 1124 homine
596 1062 737 1144 duplicis
759 1083 796 1124 ac
818 1062 1029 1125 diversissimi
1051 1061 1151 1125 animi
1174 1061 1311 1144 conspi-

86 1154 222 1209 ceretur
245 1146 440 1227 exemplam.
481 1146 563 1208 Post
583 1146 777 1221 victoriam,
801 1168 866 1230 qua
888 1145 1061 1210 defendens
1082 1144 1310 1227 [descendens]

84 1239 237 1293 montem
276 1227 384 1290 Tifata
420 1251 494 1292 cnm
531 1230 567 1291 C.
597 1231 756 1292 Norbano
788 1238 1003 1293 concurrerat
1044 1228 1157 1304 Sulla,
1201 1239 1311 1313 grates

86 1313 348 1386 Dianae,.cuius
369 1314 494 1374 numini
516 1314 607 1398 regio
633 1313 689 1375 illa
712 1321 837 1375 sacrata
860 1324 924 1389 est,
946 1312 1062 1388 solvit;
1094 1333 1194 1397 aquas
1215 1312 1312 1375 salu-

87 1398 213 1459 britate
235 1395 467 1479 medendisque
489 1398 688 1477 corporibus
709 1395 859 1472 nobiles,
882 1408 1031 1480 stagras
1053 1417 1165 1458 omues
1185 1396 1313 1459 addixit

85 1485 191 1546 Deae.
237 1478 342 1540 Huius
373 1490 484 1564 gratae
509 1480 679 1564 religionis
711 1481 905 1543 memoriam
936 1489 969 1542 et
1000 1480 1174 1562 inscriptio
1195 1479 1311 1564 templi

90 1562 197 1627 adfixa
218 1563 306 1644 posti
329 1562 517 1647 hodieque,
540 1573 572 1625 et
594 1563 705 1624 tabula
726 1571 866 1625 testatur
885 1585 980 1625 aerea
1003 1563 1090 1624 intra
1115 1563 1240 1626 aedem.

79 1650 82 1655 '
133 1647 259 1708 XXVI.
290 1644 371 1707 Inde
394 1647 483 1708 Coss.
508 1645 614 1708 Carbo
640 1647 712 1721 111,
740 1656 772 1708 et
793 1647 828 1711 C.
851 1647 998 1719 Marius,
1020 1646 1140 1730 septies
1162 1643 1312 1709 Consulis

91 1731 181 1792 filins
193 1776 202 1806 ,
225 1750 326 1791 annos
347 1740 441 1793 natus
463 1729 598 1803 XXVI,
620 1730 673 1792 vir
697 1730 796 1792 animi
822 1731 939 1815 magis,
963 1752 1062 1815 quam
1082 1731 1151 1793 aevi
1167 1731 1311 1813 paterni,

90 1810 195 1877 multa
216 1815 415 1898 fortiterque
436 1813 590 1888 molitus,
618 1834 724 1897 neque
746 1834 881 1896 usquam
903 1813 1044 1891 inferior
1067 1812 1202 1876 nomine
1229 1835 1314 1876 con-

86 1896 193 1971 sulis,
215 1896 302 1980 apud
325 1895 555 1979 Sacriportum
583 1896 698 1979 pulsus
719 1917 736 1958 a
758 1896 848 1959 Sulla
872 1897 965 1972 acie,
995 1895 1193 1972 Praeneste,
1222 1898 1313 1982 quod

93 1990 186 2056 ante,
219 1986 336 2042 natura
368 1981 549 2055 munitum,
572 1978 746 2062 praesidiis
772 1980 974 2055 firmaverat,
1002 2000 1036 2041 se
1067 1980 1314 2065 exercitumque

96 2062 248 2127 contulit.
292 2062 336 2124 Et
366 2085 407 2125 ne
441 2064 521 2147 quid
558 2086 693 2148 usquam
724 2061 816 2125 malis
845 2061 989 2146 publicis
1019 2061 1161 2138 deesset,
1192 2065 1227 2125 in
1249 2087 1314 2148 qua

96 2147 227 2211 civitate
247 2168 376 2230 semper
396 2147 575 2210 virtutibus
596 2154 757 2210 certatum
779 2154 868 2220 erat,
897 2144 1087 2210 certabatur
1109 2146 1312 2222 sceleribus3

97 2233 306 2315 optimusque
335 2232 397 2293 sibi
429 2231 625 2305 videbatur,
659 2230 715 2313 qui
739 2230 848 2292 fuerat
866 2231 1036 2312 pessimas.
1081 2230 1215 2314 Quippe
1235 2231 1314 2293 dum

94 2316 135 2378 ad
170 2313 397 2397 Sacriportum
435 2312 632 2389 dimicatur,
670 2315 887 2397 Damasippus
928 2314 1068 2375 Praetor
1105 2316 1310 2390 Domitium,

91 2398 283 2462 Scaevolam
307 2401 417 2473 etiam,
432 2398 629 2460 Pontificem
647 2398 826 2459 Maximum
850 2407 881 2458 et
897 2396 999 2458 divini
1016 2395 1217 2483 humanique
1232 2388 1314 2462 iuris

93 2490 263 2544 auctorem
293 2481 566 2557 celeberrimum,
590 2489 622 2542 et
645 2484 679 2544 C.
704 2481 886 2544 Carbonem
907 2479 1134 2564 praetorium,
1164 2482 1315 2545 Consulis

94 2570 255 2640 fratrem,
278 2573 310 2625 et
332 2565 510 2627 Antistium
533 2563 728 2639 aedilitium,
751 2564 842 2626 velut
862 2564 1005 2627 faventes
1025 2564 1135 2629 Sullae
1150 2568 1313 2648 partibus,

96 2646 129 2710 i'n
153 2648 244 2711 curia
268 2646 410 2710 Hostilia
442 2648 631 2710 trucidavit.
673 2650 750 2710 Non
770 2647 888 2731 perdat
914 2648 1111 2723 nobilissimi
1137 2650 1216 2712 facti
1238 2649 1317 2734 glo-

96 2734 185 2811 riam
207 2732 400 2813 Calpurnia,
432 2732 559 2792 Bretina
580 2730 664 2803 filia,
693 2752 779 2794 uxor
799 2730 953 2806 Antistii,
976 2754 1060 2816 quae
1084 2733 1253 2818 iugulato,
1281 2740 1318 2795 ut

95 2813 340 2897 praediximus,
372 2814 466 2888 viro,
496 2812 605 2897 gladio
637 2834 670 2873 se
698 2815 765 2896 ipsa
797 2815 969 2876 transfixit.
1021 2817 1188 2896 Quantum
1216 2817 1317 2878 huius

94 2897 224 2986 gloriae
263 2896 432 2977 famaeque
461 2890 615 2957 accessitl
652 2916 739 2958 nunc
770 2890 893 2958 virtute
924 2898 1066 2974 eminet,
1094 2899 1201 2982 patria
1222 2899 1317 2960 latet.

141 2980 284 3044 XXVII.
318 2978 362 3040 At
388 2979 528 3041 Pontius
562 2972 752 3051 Telesinus,
789 2977 854 3040 dux
884 2980 1099 3053 Samnitium,
1131 2982 1183 3041 vir
1216 2982 1316 3042 animi

97 3065 246 3147 bellique
268 3063 488 3134 fortissimus,
520 3061 717 3144 penitusque
744 3061 891 3122 Romano
916 3062 1042 3123 nomini
1070 3063 1316 3140 infestissimus,

100 3146 281 3209 contractis
311 3148 447 3209 circiter
477 3146 534 3210 XL
566 3144 714 3207 millibus
745 3145 943 3206 fortissimae
977 3145 1322 3229 pertinacissimaeque

102 3234 135 3293 in
158 3228 337 3293 retinendis
359 3230 457 3291 armis
485 3225 684 3293 iuventutis.
718 3228 868 3289 Carbone
893 3249 930 3290 ac
958 3227 1067 3291 Mario
1090 3229 1177 3293 Coss.
1199 3230 1319 3294 abbiac

98 3312 204 3376 'sannos
237 3313 325 3384 CXI,
359 3312 515 3375 Kalendis
545 3312 809 3386 Novembribus,
843 3312 885 3372 ita
906 3310 957 3370 ad
992 3320 1125 3394 portam
1158 3313 1320 3378 Collinam

101 3420 178 3460 cum
199 3394 290 3457 Sulla
311 3395 498 3470 dimicavit,
521 3403 559 3456 ut
580 3393 621 3455 ad
642 3416 803 3457 summum
824 3393 1000 3457 discrimen
1024 3403 1056 3459 et
1078 3417 1152 3459 eum
1173 3407 1206 3461 et
1226 3400 1322 3462 Rem·

101 3479 271 3566 publicam
292 3478 501 3563 perduceret.
545 3478 638 3552 Quae
658 3500 723 3540 non
746 3476 849 3539 maius
879 3478 1064 3560 periculum
1090 3480 1195 3557 adiit,
1228 3485 1324 3548 Han-

102 3562 225 3626 nibalis
247 3563 332 3623 intra
353 3562 489 3631 tertium
511 3560 701 3624 milliarium
723 3570 827 3623 castra
850 3563 1056 3641 conspicata,
1102 3586 1176 3625 uam
1199 3587 1238 3628 eo
1254 3567 1321 3639 die,

105 3668 176 3731 quo
198 3645 437 3709 circumvolans
457 3646 589 3708 ordines
612 3646 773 3708 exercitus
793 3645 844 3706 sui
866 3646 1056 3718 Telesinus,
1079 3584 1320 3731 limitemque,

104 3728 220 3792 adesso
238 3733 398 3792 Romanis
417 3730 566 3790 altuinum
592 3726 697 3802 diem,
724 3728 989 3801 vociferabatur,
1022 3726 1194 3789 eruendam
1215 3731 1326 3792 delea-

105 3816 244 3899 damque
271 3813 406 3887 Urbem3
428 3804 605 3885 adiiciens,
627 3833 799 3895 numquam
823 3810 993 3891 defuturos
1013 3821 1164 3894 raptores
1185 3816 1327 3876 Italicae

105 3900 270 3962 libertatis
302 3898 420 3980 lupos,
456 3898 521 3977 nasi
545 3894 651 3969 silua,
686 3899 721 3956 ln
754 3915 851 3978 quam
878 3892 1033 3977 refugere
1054 3894 1215 3974 solerent,
1245 3911 1327 3977 esset

108 3988 235 4047 excisa.
277 3981 379 4043 Post'
414 3979 531 4041 rimam
560 3974 690 4039 demum
721 3977 841 4039 boram
865 3977 972 4037 noctis
1004 3985 1038 4040 et
1068 3977 1213 4043 Romana
1240 3983 1326 4047 acies

108 4063 305 4151 respiravit,
336 4072 369 4126 et
388 4000 536 4126 bostium
559 4061 665 4123 cessit.
699 4052 880 4121 'Telesinus
900 4069 1033 4141 postera
1054 4059 1109 4149 die¹
1129 4060 1326 4135 semianimis

108 4157 262 4233 repertus
285 4156 354 4223 est,
376 4144 514 4210 victoris
539 4145 641 4227 magis
664 4150 758 4228 quam
782 4142 954 4205 morientis
978 4143 1105 4206 vultum
1126 4144 1325 4228 praeferens:

108 4235 204 4297 cuius
226 4232 387 4294 abscisum
407 4230 607 4315 caputferri
630 4228 815 4311 gestariq‘uc
838 4228 924 4309 circa
946 4225 1121 4291 Praeneste
1140 4228 1230 4293 Sulla
1252 4233 1330 4296 ius-

109 4320 165 4381 sit.
211 4314 296 4379 Tum
326 4314 456 4378 demum
487 4313 666 4392 desperatis
696 4313 794 4374 rebus
826 4310 913 4389 suis,
939 4311 975 4374 C.
997 4310 1122 4376 Marius
1144 4312 1330 4381 adolescens

108 4422 174 4485 per
205 4392 391 4476 cuniculos,
425 4399 489 4483 qui,
512 4400 600 4460 miro
632 4392 732 4481 op'ere
763 4392 915 4459 fabricati
946 4397 979 4460 in
1011 4394 1154 4481 diversas
1174 4419 1332 4484 agrorum

110 4492 225 4569 partes
245 4482 372 4558 ferunt,
395 4490 530 4545 conatus
553 4502 748 4565 erumpere,
764 4504 872 4565 quum
893 4478 1054 4543 foramine
1073 4500 1090 4540 e
1110 4489 1199 4545 terra
1224 4503 1348 4548 emer*

113 4571 234 4645 sisset,
265 4564 471 4652 adispositis
500 4567 533 4626 in
565 4565 600 4626 id
622 4566 729 4647 ipsum
756 4562 947 4629 interemtus
969 4571 1028 4626 est.
1070 4561 1174 4639 Sunt,
1196 4566 1254 4646 qui
1276 4585 1338 4633 sua

115 4672 238 4726 manu·,
260 4658 355 4727 suut,
380 4651 436 4736 qui
459 4657 711 4712 concurrentem
732 4648 855 4713 mutuis
878 4648 997 4713 ictibus
1019 4667 1098 4711 cum
1115 4648 1257 4711 manure
1274 4654 1360 4711 tra*
