2850 4958
20 306 25 327 ,
63 238 111 311 ir

68 343 142 457 vie
158 385 234 451 urbs
251 350 370 451 Atina
409 386 533 464 Iuribus
551 409 651 451 sanae
671 389 888 478 eloquentiae,
909 411 1007 478 φιαω
1028 395 1177 458 nucerio
1200 399 1311 457 Grae-

64 476 140 546 cia,
172 493 192 533 o
214 470 319 535 eribus
347 408 500 555 efforuit.
541 472 648 552 Quam
677 472 855 539 lectionem
887 475 921 538 in
952 484 1077 539 textum
1102 479 1230 560 recepit
1253 478 1306 542 ed.

62 554 138 639 Rip.
193 563 218 616 t.
241 553 374 617 Gladius
396 555 442 617 ita
462 556 619 618 mutavit:
646 559 795 641 pluribus
816 569 900 621 ortis
920 572 953 622 et
973 560 1194 644 eloquentiae,
1217 586 1247 646 q.
1274 585 1307 625 u.

66 644 127 700 Gr.
150 637 296 720 operibus
310 642 449 719 floruit
467 668 471 675 ·
491 639 562 701 Iam
581 658 662 705 vero
685 642 839 705 editionis
863 641 1002 725 primae,
1024 664 1108 727 quae
1124 645 1227 705 instar
1241 666 1309 706 co-

63 719 147 783 dicis
168 723 400 805 manuscripti
421 720 571 787 habenda
593 732 663 803 est,
683 723 784 788 lectio
807 730 902 788 annis
923 729 974 786 elo
995 730 1125 787 uenti‘oe
1143 761 1185 777 -
1207 733 1311 810 operi-

61 802 181 889 busque
199 803 311 883 locuni
332 815 444 868 tenere
464 807 600 891 nequit,
623 816 656 870 et
677 817 733 871 aut
753 814 859 884 annis,
881 818 939 871 aut
957 749 1157 894 edoquentiae
1177 820 1312 873 mutan-

61 894 133 949 tum
166 897 234 960 est,
264 899 322 951 aut
347 909 411 974 que
437 891 471 952 in
499 912 580 953 voce
602 891 749 974 operibus
770 891 967 967 delendum,
989 891 1081 977 quod
1102 892 1190 956 idem
1211 896 1311 957 etiam

60 971 243 1053 antiquitus
264 970 384 1035 lectum
405 981 484 1035 est·
509 973 643 1038 Recens.
666 973 812 1039 Berolin.
841 977 876 1039 in
896 974 1060 1041 Biblioth.
1083 977 1173 1039 univ.
1197 978 1308 1040 Germ.

61 1053 104 1120 a.
121 1055 276 1119 XLVIII.
298 1055 453 1119 coniicit:
471 1058 547 1139 plus
566 1057 682 1120 studiis
701 1059 915 1144 eloquentiae,
932 1069 966 1122 et
979 1060 1138 1122 intactum
1153 1059 1324 1146 relinquit·

60 1140 281 1224 operibusque.
323 1138 506 1224 Equidem,
538 1141 566 1204 si
588 1141 670 1225 quid
690 1141 811 1218 video,
841 1141 947 1204 nodus
976 1140 1043 1205 Ioci
1070 1140 1152 1205 latet
1173 1145 1207 1204 in
1228 1165 1309 1206 voce

37 1227 168 1311 quinis,
188 1243 274 1306 quae
286 1228 372 1297 are
386 1225 513 1308 nequit.
545 1222 676 1288 Etenim
688 1247 756 1287 non
772 1225 1052 1311 longinquitatem,
1063 1228 1234 1310 temporis,
1249 1248 1312 1311 per

88 1306 153 1368 uod
175 1308 227 1370 elo
254 1308 361 1371 nentia
383 1306 520 1370 Athenis
540 1307 669 1379 fluerit,
694 1309 841 1372 Velleius
861 1312 933 1373 vult
953 1330 1231 1384 commemorare,
1254 1308 1311 1372 sed

59 1327 147 1452 dihil
166 1328 256 1455 aliud
277 1389 405 1465 dicere,
430 1412 528 1475 quam
548 1390 639 1477 quod
661 1393 696 1454 in
717 1414 780 1456 una
804 1391 887 1456 urbe
909 1392 1098 1478 eloquentia
1118 1395 1220 1478 magis
1242 1393 1312 1454 flo-

60 1474 190 1553 ruerit,
221 1495 320 1556 quem
351 1475 386 1536 in
417 1475 566 1536 universa
590 1475 740 1537 Graecia.
782 1475 969 1539 Ruhnkenii
994 1477 1186 1539 coniectura
1207 1476 1312 1552 mihi,

60 1554 201 1642 ingenue
221 1560 350 1634 fateor,
372 1579 440 1619 non
461 1556 581 1642 placet.
623 1560 739 1643 Neque
760 1560 847 1621 enim
868 1560 990 1631 video,
1013 1581 1074 1622 cur
1091 1558 1316 1644 eloquentiam

59 1648 179 1706 suctos
208 1640 331 1704 dixerit
361 1662 494 1714 sanam,
523 1663 562 1704 ac
591 1644 620 1705 si
651 1642 687 1703 in
716 1645 836 1706 ceteris
866 1644 1025 1707 Graeciae
1047 1641 1186 1704 urbibus
1207 1643 1311 1705 fuerit

59 1727 194 1798 mano,
216 1745 300 1808 quie
322 1733 428 1785 tamen
450 1724 613 1786 nonfuit.
657 1722 807 1804 Quodsi
837 1747 903 1789 vox
930 1729 1024 1787 annis
1055 1732 1129 1789 crta
1150 1725 1254 1787 fuerit
1273 1745 1315 1788 ex

59 1806 259 1890 compendio
280 1806 458 1880 scribendi,
480 1827 519 1868 ex
542 1829 609 1890 quo
630 1806 794 1890 permulta
816 1809 897 1871 vitia
920 1809 954 1870 in
977 1804 1144 1868 Velleium
1166 1807 1316 1891 irrepse-

59 1899 157 1963 runt,
178 1898 213 1952 et
231 1891 440 1952 correctione
461 1889 549 1951 facili
572 1903 605 1952 et
626 1911 720 1952 seusu
742 1891 932 1963 commodo,
956 1892 1119 1972 suspicor,
1143 1891 1313 1974 scripsisse

58 1974 239 2035 Nostrum:
257 1972 408 2056 pluribus
425 1973 551 2034 artibus
571 1975 833 2059 eloquentiae-
853 1974 1071 2057 operibusque·
1110 1973 1217 2051 Quum
1240 1997 1315 2036 cor·

60 2059 243 2122 rectionem
264 2056 366 2119 textui
386 2055 482 2118 intuli
506 2055 621 2118 eodem
644 2059 728 2132 iure,
752 2080 818 2141 quo
842 2057 899 2121 alii
922 2057 1069 2118 editores
1090 2077 1192 2131 suam,
1209 2056 1316 2122 donec

59 2162 83 2210 a,
102 2139 276 2203 feliociore
294 2140 414 2201 critico
435 2140 509 2201 viro
533 2139 727 2223 expellatur.
772 2147 875 2205 Artes
896 2141 1101 2225 eloquentiae
1118 2149 1195 2202 sunt
1212 2140 1317 2202 disci-

59 2222 172 2319 plinae
192 2233 226 2284 et
245 2231 419 2306 praecepta
444 2221 485 2284 ad
507 2225 594 2285 varia
617 2222 748 2287 dicendi
771 2246 892 2310 genera
908 2224 1114 2308 spectantia3
1138 2226 1204 2308 quo
1220 2245 1313 2290 sensu

61 2306 149 2387 apud
179 2307 372 2368 Ciceronem
411 2306 446 2368 in
477 2307 578 2370 Bruto
610 2329 682 2388 cap.
720 2327 769 2369 ia.
793 2308 938 2391 legitur,
973 2307 1031 2368 ubi
1064 2307 1244 2370 Isocratem
1265 2308 1314 2368 ait

60 2400 168 2452 totum
196 2411 231 2451 se
255 2389 302 2449 od
326 2402 416 2450 ortes
446 2390 681 2472 componendas
710 2393 926 2456 transtulisse.
977 2398 1083 2473 Opera
1111 2390 1152 2453 de
1183 2383 1314 2473 scriptis

59 2473 159 2536 editis
180 2471 353 2556 intelligo,
384 2483 562 2555 praeeunte
590 2477 772 2538 Gronovio.
816 2474 1022 2537 Florucrunt
1044 2476 1147 2558 igitur
1170 2473 1316 2536 Athenae

62 2565 97 2633 et
117 2555 269 2640 pluribus
289 2557 463 2638 generibus
486 2567 518 2618 et
540 2559 659 2619 maiori
682 2556 813 2621 dicendi
828 2567 912 2635 arte,
928 2580 1028 2644 quim
1043 2560 1194 2620 universa
1210 2558 1318 2620 Grac-

63 2640 136 2714 cis,
159 2648 193 2702 et
212 2638 364 2722 pluribus
385 2640 518 2719 scriptis
541 2641 711 2703 oratoriis.
1311 2685 1312 2690 .

103 2722 177 2785 Lib.
202 2724 248 2785 II.
268 2744 341 2808 cap.
365 2743 396 2784 a.
441 2722 516 2784 Non
543 2723 712 2785 adsentior
740 2723 877 2806 lipsio,
910 2722 966 2804 qui
999 2722 1034 2782 in
1062 2723 1227 2806 scriptura
1250 2720 1313 2784 Ed.

61 2827 118 2894 pr.
140 2807 284 2868 omnibus
303 2811 418 2869 statim
437 2808 731 2880 concupiscentibus
746 2810 861 2869 vitium
877 2804 1037 2868 odoratus
1054 2806 1315 2868 emendationem

60 2910 175 2965 suam,
196 2913 296 2975 quam
315 2889 508 2974 palmariam
530 2890 740 2952 Ruhnkcnius
763 2890 865 2965 dicit,
891 2899 983 2953 textu
1006 2893 1177 2972 reposuit:
1207 2895 1314 2950 omni-

11 2996 13 3001 ·
61 2995 120 3051 um
139 2979 197 3052 (sc.
216 2973 438 3057 optimatium)
458 2985 582 3035 statum
598 2973 848 3050 (conditionem,
864 2976 1031 3052 fortunas)
1045 2972 1310 3033 concutientibus.

63 3057 165 3137 Quod
186 3056 296 3121 editor
322 3058 397 3140 Bip.
429 3058 569 3120 mutavit
598 3059 653 3119 in:
687 3060 833 3121 omnibus
852 3070 975 3119 statum
999 3053 1313 3135 concupiscentibus,

64 3142 162 3224 eique
191 3153 298 3206 simus
326 3152 377 3204 est
406 3140 534 3204 melior
556 3140 711 3204 fortunae
741 3140 911 3213 conditi03
945 3157 1053 3196 omnes
1084 3135 1254 3198 sunt'ltali
1281 3143 1314 3195 et

63 3222 158 3371 p'iebs
181 3214 325 3288 Rdmana
355 3223 500 3287 tenuior.
544 3223 609 3286 Sed
642 3225 773 3287 defendi
801 3227 912 3304 potest
941 3219 1042 3281 lectio
1072 3217 1134 3282 Ed.
1158 3242 1210 3304 pr.
1235 3220 1314 3281 Tib.

98 3308 234 3370 rocchus
254 3306 423 3389 pollicitus
445 3308 508 3371 toti
530 3309 647 3371 Italiae
669 3308 855 3378 civitatem,
878 3302 978 3365 simul
1000 3302 1098 3367 etiam
1118 3303 1315 3387 promulga-

66 3390 111 3454 tis
135 3389 272 3475 agrariis
301 3388 452 3474 legibus,
483 3415 608 3454 summa
640 3391 714 3452 imis
743 3388 895 3462 miscuit,
930 3387 1076 3448 omnibus
1099 3408 1144 3449 sc.
1174 3385 1312 3468 plebalis

66 3474 194 3555 ciuibus
216 3482 249 3536 et
268 3476 468 3558 pauperibus
487 3479 600 3536 statim
626 3471 648 3533 i.
673 3493 701 3533 a.
726 3471 816 3534 illico
850 3471 1144 3552 concupiscentibus
1165 3492 1210 3532 sc.
1234 3468 1317 3531 illa·-

56 3579 141 3637 ·nnm
160 3556 269 3638 legum
292 3559 558 3631 exsecutionem,
586 3578 744 3635 agrorum
768 3555 963 3627 divisionem
990 3556 1196 3632 promissam.
1242 3554 1316 3614 Ne·-

74 3663 139 3727 que
158 3650 265 3703 tumen
295 3642 565 3725 repugnaverim,
596 3642 624 3702 si
655 3642 727 3724 quis
756 3651 879 3702 statim
910 3639 1117 3722 reposuerit,
1150 3659 1213 3721 qna
1236 3658 1318 3699 voce

72 3747 151 3799 usus
181 3732 230 3787 est
259 3725 381 3787 Noster
408 3726 460 3798 II,
492 3749 524 3810 7.
555 3730 670 3808 quippe
692 3725 815 3786 nullum
835 3720 1023 3784 habentibus
1042 3734 1164 3782 statum
1186 3721 1318 3805 quilibet

73 3811 143 3892 dua
163 3820 236 3871 erat
260 3808 401 3869 idoneus.
443 3807 494 3868 lta
516 3805 640 3871 dicitur
658 3818 763 3870 status
784 3808 894 3872 orbib.
917 3807 1134 3889 reipublicae,
1160 3805 1314 3874 orbitatis,

75 3891 163 3977 apud
191 3892 364 3963 Tacitum,
398 3890 613 3966 Ciceronem,
650 3890 829 3967 Ovidium,
863 3890 1013 3965 Livium,
1050 3909 1192 3972 qnorum
1223 3885 1316 3947 locos

76 3968 235 4047 indicavit
255 3974 295 4037 ad
315 3975 376 4037 h.l.
397 3974 563 4049 Heinsius.

78 4051 84 4067 ⁹
118 4059 192 4121 Lib.
225 4059 271 4121 11.
302 4079 376 4140 cap.
407 4056 460 4121 28.
480 4057 609 4133 ,Locus
641 4057 863 4121 vexatissimus
894 4059 928 4119 in
956 4051 1018 4115 Ed.
1048 4071 1101 4132 pr.
1125 4051 1171 4112 ita
1192 4055 1316 4112 exstat:

78 4148 170 4204 cuius
189 4140 320 4204 bononis
334 4145 394 4222 (800
417 4141 612 4217 dictaturae)
635 4143 804 4222 usurpatio
822 4162 885 4221 pei·
905 4156 1008 4197 annos
1031 4138 1135 4198 CXX
1151 4136 1320 4197 intermis-

78 4247 138 4301 μιν,
163 4247 238 4286 narn
262 4229 435 4308 praeimus
453 4237 531 4304 post
556 4244 697 4294 annum,
727 4244 824 4304 quam
848 4218 1013 4282 Hannibal
1039 4229 1242 4290 excesserat,
1269 4220 1322 4279 uti

58 4308 238 4391 ‘adpareat
260 4308 416 4391 populum
444 4304 530 4370 Rho.
562 4327 654 4366 usum
676 4303 848 4365 dictatoris
869 4313 928 4362 aut
948 4314 1036 4364 metu
1059 4299 1218 4363 desideras
1239 4300 1318 4362 Tul-

79 4392 124 4455 lio
158 4394 227 4454 Cos.
260 4395 404 4452 ti'muisse
424 4399 621 4472 potestatem
644 4391 801 4466 i‘iiiperio,
830 4381 915 4465 prob
946 4407 997 4447 res
1025 4386 1072 4446 od
1094 4382 1319 4447 uindicandum

80 4480 221 4539 niaxi'ini
237 4474 378 4554 periculi
388 4521 396 4546 ,
420 4473 527 4553 spolia
549 4474 764 4531 musi'eranteo
787 4467 980 4530 immodicae
1000 4468 1202 4530 crudelitatis
1221 4467 1318 4526 licen·

81 4567 140 4622 tin.
186 4558 332 4643 Longum
365 4566 428 4631 est,
463 4552 607 4617 oninium
639 4552 854 4630 criticorum,
888 4563 1055 4638 quotquot
1079 4553 1112 4617 in
1144 4552 1208 4614 boe
1239 4545 1317 4610 loco
