2850 4958
550 248 990 353 nmmmmmr

588 434 662 498 CA
684 435 710 495 P
733 436 764 495 U
787 435 828 497 ΤΔ
857 435 947 497 xlx.

617 539 739 582 aaran!
761 538 912 583 nemun.

121 696 138 743 1
204 674 320 737 Omnis
347 691 424 735 moa
453 669 548 732 ltalia
576 691 691 754 pacem
719 668 847 732 babuit.
891 668 957 748 Qui
986 669 1071 731 euim
1097 675 1175 751 post
1196 664 1376 731 Tarentum

87 770 91 776 '
118 778 140 823 n
161 752 340 820 auderent?
381 755 445 817 nisi
467 752 556 838 quod
578 754 667 816 ultro
689 754 842 837 persequi
859 754 967 814 socios
980 752 1125 815 hostium
1139 748 1281 833 placuit.
1309 756 1375 815 Do.

158 840 233 905 miti
255 860 333 924 ergo
354 839 523 911 Picentes,
546 845 578 900 et
599 846 699 920 caput
719 838 824 923 gentis
845 834 1022 909 Asculum,
1043 834 1245 917 Sempronio
1274 834 1386 899 duces·

157 925 238 1009 qui,
270 930 429 985 tremente
454 922 541 984 inter
565 920 732 1008 proelium
763 941 902 1005 campo,
928 918 1097 983 Tellurem
1123 921 1252 991 neam,
1291 941 1372 1006 pra·

158 1006 255 1071 missa
277 1005 379 1081 aede,
399 1003 551 1091 placarit.

590 1148 818 1213 CAPUT
866 1150 939 1213 XX.

521 1252 693 1299 ”bistili
723 1253 1011 1298 sussurrant.

120 1372 137 1414 1
201 1348 361 1413 Salentini
381 1347 572 1413 Picentibus
594 1334 905 1434 additi,'caputque
926 1348 1072 1432 regionis
1097 1346 1314 1419 Brundisium
1334 1350 1372 1414 iu·

117 1453 139 1497 s
160 1432 249 1516 clyto
269 1442 395 1517 portu,
417 1432 529 1495 Murco
549 1430 654 1494 Asilio
676 1433 771 1495 duee.
813 1433 855 1496 Et
877 1433 910 1495 in
932 1431 998 1493 hoc
1029 1433 1230 1506 certamine,
1261 1435 1370 1497 victo-

157 1516 228 1582 riae
247 1517 394 1602 pretium
416 1513 574 1599 templum
594 1515 659 1579 sibi
682 1518 829 1601 pastoria
851 1515 945 1579 Pales
967 1515 1057 1577 ultro
1078 1516 1245 1600 poposcit.
1317 1556 1320 1561 -

588 1695 949 1762 cararum.
1070 1654 1073 1661 ’

522 1800 691 1845 BELLUM
723 1794 1027 1865 VOLSINIENS-

119 1917 161 1959 1-
198 1893 364 1958 Postremi
393 1892 587 1955 Italicorum
619 1893 652 1954 in
683 1893 746 1955 fide
773 1912 921 1955 mansere
944 1891 1110 1968 Volsinii,
1135 1890 1369 1974 opulentissimi

158 1977 396 2047 Etruscorum,
426 1976 638 2057 implorantes
663 1997 761 2057 opem
782 1974 935 2035 adversus
956 1998 1067 2038 servos
1089 1976 1254 2059 quondam
1277 1992 1367 2038 suos:

117 2083 139 2124 a
161 2062 235 2145 qui,
257 2061 412 2123 libertate
436 2082 453 2119 a
474 2059 617 2120 dominis
640 2058 735 2133 data,
759 2058 793 2118 in
814 2059 902 2141 ipsos
925 2068 1172 2135 seueraxerant,
1195 2059 1369 2121 translata-

116 2144 224 2227 Sque
244 2145 280 2205 in
300 2164 334 2205 se
354 2143 524 2224 republica
546 2141 809 2204 dominabantur.
855 2139 919 2203 Sed
940 2142 977 2205 bi
999 2165 1143 2228 quoque,
1166 2141 1251 2209 duce
1272 2142 1369 2209 Fabia

159 2228 318 2314 Gurgite,
340 2246 463 2310 poenas
485 2223 658 2288 dederunt.
1108 2250 1113 2261 ·
1223 2230 1249 2287 '.

579 2374 955 2453 carurxmu

622 2481 663 2522 DE
684 2480 911 2523 subruemus.
1018 2508 1022 2515 ·

117 2599 135 2640 1
199 2577 290 2639 Haec
312 2584 360 2639 est
380 2574 519 2638 secunda
541 2585 627 2638 aetas
649 2574 766 2658 populi
793 2574 943 2651 Romani,
968 2581 1000 2637 et
1020 2574 1113 2658 quasi
1129 2572 1370 2644 Adolescentia,

158 2680 222 2743 qua
244 2661 383 2722 maxime
405 2660 523 2735 viruit,
547 2669 578 2720 et
600 2658 743 2744 quodam
764 2658 849 2721 ilore
870 2660 1004 2721 virtutis
1026 2659 1147 2721 exarsit
1175 2679 1213 2719 ac
1238 2655 1377 2719 ferbuit.-

123 2746 127 2753 '
156 2743 229 2815 lta,
262 2763 345 2825 qaae
368 2744 474 2803 inerat
495 2742 651 2826 quaedam
674 2741 782 2804 aalhuc
813 2763 852 2804 ex
880 2742 1069 2826 pastoribus
1101 2741 1237 2816 feritas,
1271 2738 1370 2823 quid·
1412 2788 1415 2826 ὃ

114 2844 136 2889 2
156 2823 231 2886 dam
251 2825 397 2908 spirabat
423 2825 629 2889 indomitum.
674 2824 756 2887 Inde
779 2833 847 2902 est,
872 2826 963 2910 quod
985 2826 1146 2887 exercitus
1168 2824 1370 2886 Postumium

156 2908 415 2990 Imperatorem,
438 2909 636 2972 inficiantem
658 2930 737 2994 quas
757 2910 956 2991 promiserat
976 2902 1135 2993 pra'e'das,
1157 2908 1243 2969 iacta
1265 2908 1300 2969 in
1322 2928 1373 2968 ca*
1413 2943 1415 2971 a

155 2992 233 3053 stris
256 2990 439 3067 seditione,
461 2992 642 3077 lapidavit:
674 2994 763 3079 quod
786 2994 846 3055 sub
869 2993 978 3076 Appio
1010 2992 1149 3054 Claudio
1172 2989 1285 3051 noluit
1304 2990 1373 3051 vin-

112 3069 136 3137 5
155 3090 230 3137 c'erc
249 3074 401 3150 bostem,
424 3098 525 3162 quam
549 3086 680 3160 posset:
714 3074 804 3160 quod
818 3076 908 3138 duce
934 3074 1124 3148 Volerone,
1152 3072 1371 3135 detrectanti-

154 3158 216 3219 bus
234 3157 403 3242 plerisque
422 3160 595 3234 militiam,
618 3160 715 3222 fracti
734 3158 884 3223 Consulis
904 3160 1026 3220 fasces:
1051 3156 1149 3233 inde,
1172 3156 1262 3242 quod
1287 3156 1370 3235 [clu-

154 3241 320 3322 rissimos]
338 3243 525 3326 principes,
550 3265 650 3325 quum
672 3242 923 3305 adversarentur
943 3238 1104 3303 voluntati
1127 3261 1223 3315 suae,
1248 3238 1373 3301 ex'sula·

153 3324 247 3385 tione
266 3323 438 3383 multavit:
461 3334 500 3385 ut
521 3324 745 3398 Coriolanum,
770 3322 880 3384 colere
902 3344 997 3407 agros
1020 3324 1209 3396 iubentem
1233 3344 1296 3385 uec
1312 3322 1373 3385 sni·

153 3425 215 3466 nus
249 3402 305 3463 ille
335 3405 495 3466 ferociter
527 3407 681 3467 iniuriam
712 3406 811 3467 armis
842 3402 1058 3481 vindicasset,
1089 3408 1152 3468 nisi
1185 3404 1277 3491 quod
1310 3406 1370 3467 iam

154 3487 350 3546 inferentem
379 3487 470 3568 signa
498 3486 601 3548 filium
631 3496 736 3548 mater
760 3487 899 3549 Veturia
919 3490 1064 3553 lacrimis
1087 3491 1152 3552 suis
1175 3487 1370 3551 exarmavitz

113 3567 193 3647 dut
223 3567 330 3646 ipsum
361 3567 554 3643 Camillum,
589 3567 679 3651 quod
708 3570 820 3654 inique
855 3571 942 3637 inter
971 3573 1101 3654 plebem
1133 3581 1165 3635 et
1196 3572 1374 3655 enercitusn

110 3656 115 3677 ‘
155 3650 302 3713 divisisse
333 3650 505 3713 Veientem
533 3650 689 3734 praedam
719 3655 899 3717 videretur.
940 3655 1006 3718 Sed
1034 3656 1092 3718 hic
1121 3656 1243 3719 melior
1264 3654 1372 3731 Veiis,

154 3734 189 3794 in
211 3744 305 3816 capta
337 3735 431 3796 Urbe
462 3737 652 3808 consenuit:
684 3745 717 3798 et
748 3758 825 3817 mox
856 3740 1019 3822 supplices
1051 3738 1092 3801 de
1118 3739 1216 3802 boste
1242 3736 1372 3823 [Galla]

111 3812 346 3879 buindIcavit.
391 3818 472 3878 Cum
501 3817 621 3881 Senatu
651 3821 1040 3905 quoquevebementius
1077 3844 1182 3907 aequo
1217 3823 1375 3907 bonoque

111 3914 114 3919 ·
156 3907 318 3961 certatum
346 3907 414 3975 est;
449 3899 531 3961 adeo
561 3910 599 3963 ut
619 3903 744 3968 relictis
765 3904 896 3970 sedibus
916 3906 1129 3969 solitudinem
1152 3914 1185 3970 et
1205 3905 1375 3970 interitum

151 3980 281 4065 patriae
302 4002 379 4046 suae
398 3983 593 4050 minaretur.

544 4129 667 4194 caP
690 4132 722 4195 U
743 4129 774 4193 Τ
816 4135 942 4198 XXIII.

114 4265 130 4307 1
192 4242 306 4307 Prima
337 4242 504 4311 discordia
531 4247 575 4309 ob
610 4247 839 4331 impotentiam
863 4251 1133 4313 foeneratorum:
1165 4248 1307 4335 quibus,
1341 4254 1374 4316 in

152 4336 244 4413 terga
271 4349 403 4413 qaoque
424 4330 589 4393 serviliter
616 4332 854 4406 saevientibus,
877 4332 1069 4403 insacrum
1090 4344 1235 4403 montem
1257 4336 1371 4420 plebes

152 4418 275 4472 armata
295 4411 447 4474 secessit:
479 4412 663 4496 aegreque,
688 4436 760 4490 nec,
783 4414 845 4475 nis'i
867 4410 1044 4495 Tribunos'
1057 4416 1275 4499 impetrasset,
1298 4422 1373 4483 ato-

150 4495 239 4555 nenii
267 4492 453 4579 Agrippae,
486 4497 617 4558 facundi
643 4504 677 4557 et
702 4498 855 4580 sapientis
876 4498 969 4574 viri,
999 4500 1196 4563 auctoritate
1218 4512 1372 4581 revocata

110 4596 130 4637 s
152 4583 211 4637 est.
253 4576 365 4639 Exstat
386 4577 548 4661 orationis
570 4579 723 4663 autiquae
744 4580 821 4644 satis
843 4580 953 4645 efficax
974 4582 1015 4645 ad
1037 4584 1250 4653 concordiam
1271 4588 1373 4653 iubu-
