2850 4958
1246 236 1252 247 x

118 252 190 353 178
261 268 270 285 ‘
596 242 838 343 antuerp

115 411 216 474 trium
240 406 341 475 bavit.
384 402 435 468 Ad
455 405 553 469 baias
580 405 660 470 belli
681 417 845 481 sumtum,
867 404 996 467 aerario
1016 402 1197 481 exhausto,
1225 427 1343 493 quun,

113 494 304 580 largitiones
334 488 438 553 nullas
467 489 625 563 haberet,
656 511 761 574 neque
792 488 938 551 indicere
970 488 1235 570 provincialibus
1268 498 1312 553 aut

114 574 247 640 Senatui
270 572 395 658 aliquid
415 571 530 648 uellet,
554 573 803 635 instrumentum
825 571 908 655 regii
929 574 1055 645 cultus,
1079 574 1167 635 facta
1191 573 1225 633 in
1246 574 1311 636 fors

114 660 192 725 Divi
213 656 347 720 Traiani
367 657 532 730 sectione..
556 655 727 717 distraxit:
755 677 827 715 vasa
850 675 969 727 aurea,
991 654 1111 737 pocula
1134 656 1311 739 crystallina

115 752 148 805 st
167 739 358 815 murrbiua,
381 738 529 799 uxoriam
551 758 588 800 ac
609 761 698 801 suam
718 739 856 801 sericam
877 745 909 799 et
924 758 1053 798 auream
1069 747 1206 813 vestem,
1222 738 1309 801 mults

115 830 304 886 ornamenta
329 840 548 907 gemmarum
581 844 618 882 ac
648 842 709 903 per
729 821 811 883 duos
834 820 1007 882 continuos
1028 841 1152 882 meuses
1174 820 1307 883 venditio

111 906 225 970 habita
252 912 320 979 est,
349 901 552 986 multumque
583 907 654 967 auri
686 904 864 966 redactum.
909 903 990 965 Post
1015 903 1193 965 victoriam
1216 910 1307 981 tarns'u¹

114 988 294 1051 emtoribus
320 987 427 1064 pretia
457 986 619 1061 restituit,
652 988 708 1087 qui
736 986 874 1048 reddere
905 995 1092 1069 comparata
1121 985 1306 1049 voluerunt:

113 1071 268 1135 molestus
288 1069 369 1130 nulli
391 1069 475 1140 fuit,
498 1069 553 1152 qui
576 1066 691 1132 malint
711 1070 809 1131 semel
831 1078 914 1131 emta
935 1070 1089 1131 retinere.

120 1178 124 1185 ·
153 1152 247 1215 XIV.
277 1152 340 1213 Hic
360 1151 511 1234 permisit
530 1151 609 1213 viris
632 1152 842 1227 clarioribus,
866 1161 902 1212 ut
923 1151 1070 1213 convivia
1086 1150 1206 1213 eodem
1220 1150 1307 1227 cultu,

113 1258 180 1323 quo
203 1236 289 1319 ipse,
322 1242 355 1296 et
378 1232 534 1295 ministris
560 1233 736 1309 similibus,
766 1234 968 1296 exhiberent.
1011 1234 1049 1297 lu
1077 1235 1227 1305 editione
1247 1256 1306 1295 mu·

112 1340 227 1383 nerum
256 1322 334 1399 post
362 1315 536 1377 victoriam
563 1316 643 1378 adeo
674 1318 861 1400 magnificus
884 1317 967 1392 suit,
999 1326 1036 1378 ut
1066 1310 1306 1379 centum'simul

112 1403 223 1468 leones
254 1397 437 1461 exhibuisse
461 1398 620 1460 tradatur.
665 1401 772 1477 Quum
804 1402 905 1481 igitur
935 1400 1136 1462 fortunatam
1168 1400 1304 1481 Itempu-

112 1484 232 1549 blicam
253 1490 286 1545 et
302 1481 424 1544 virtute
446 1490 478 1542 et
501 1482 745 1544 mansuetudine
766 1483 972 1556 reddidisset,
993 1482 1078 1545 obiit
1097 1482 1229 1545 XVIII.
1250 1486 1307 1545 iu..

139 1567 198 1628 erii
220 1586 326 1637 anuo,
349 1565 434 1627 vitae
454 1564 536 1626 LXI.
560 1573 592 1627 ct
616 1566 767 1628 omuibus
789 1566 939 1629 certatim
959 1566 1205 1641 adnitentibus,
1234 1568 1307 1629 iuter

112 1590 358 1719 Itivosrelatus
380 1656 439 1709 est.
755 1654 759 1667 “
1076 1720 1080 1730 ⁸

154 1732 228 1794 XV.
269 1731 375 1792 Huius
409 1748 576 1792 successor
609 1750 638 1801 ι,
669 1750 914 1795 snronrnus
955 1750 1198 1793 conusens
1234 1728 1307 1795 nibd

111 1824 285 1900 paternum
308 1812 441 1887 babuit,
466 1813 526 1873 nisi
549 1813 639 1896 quod
661 1823 774 1876 contra
806 1814 984 1876 Germanos
1015 1807 1158 1875 feliciter
1191 1822 1225 1876 et
1250 1808 1311 1899 ipss'

63 1946 67 1959 .
110 1896 283 1982 pugnavit,
319 1894 545 1977 Septembrem
568 1918 707 1959 mensem
733 1894 773 1955 ad
802 1919 920 1958 nomen
942 1917 1034 1956 suum
1057 1898 1240 1959 transferre
1259 1920 1310 1959 co·

111 1987 293 2048 natusest,
320 1987 358 2039 ut
380 1976 575 2039 Commodus
603 1977 780 2040 diceretur.
823 1979 887 2041 Sed
912 1977 1042 2041 luxuria
1064 1986 1096 2039 et
1118 1978 1308 2043 obscenitate

112 2062 316 2146 depravatus,
339 2059 541 2144 gladiatoriis
559 2062 657 2120 armis
677 2061 862 2146 saepissime
883 2064 915 2123 in
938 2062 1029 2136 ludo,
1052 2061 1208 2143 deinceps
1224 2062 1310 2126 etiam¹
1340 2066 1343 2119 1

17 2139 25 2156 ’
112 2144 147 2205 in
175 2141 417 2224 amphitheatro
456 2162 529 2201 cum
560 2141 747 2204 huiusmodi
782 2144 970 2207 hominibus
1005 2164 1100 2227 saepe
1136 2143 1306 2208 dimicavit.

114 2226 210 2287 Obiit
231 2224 476 2297 mortesubita,
506 2232 603 2305 atque
623 2226 722 2300 adeo,
745 2235 780 2286 ut
802 2227 1028 2313 strangulatus,
1050 2226 1101 2289 rel
1122 2248 1249 2291 veneno
1263 2230 1306 2291 in-

111 2311 267 2370 tsrfectus
280 2314 463 2390 putaretur,
485 2328 584 2391 quum
598 2300 696 2369 ”annis
717 2310 779 2370 XII
802 2319 878 2394 post
895 2321 1034 2391 patrem,
1057 2318 1090 2371 et
1112 2310 1197 2372 v111
1221 2306 1310 2374 meu·¹

111 2392 200 2457 sibus
223 2391 427 2472 imperasset3
462 2397 549 2449 tauta
572 2393 791 2456 exsecratione
812 2394 978 2470 omnium,
1001 2398 1038 2454 ut
1055 2393 1161 2455 bostis
1184 2394 1307 2458 humaui

112 2474 240 2561 generis
260 2474 358 2535 etiam
378 2481 528 2535 mortuus
547 2472 758 2538 iudicaretur.

118 2572 121 2579 '
151 2557 244 2619 XVI.
276 2556 363 2617 Huic
392 2555 545 2616 successit
576 2575 805 2632 eanr1nax,
843 2559 1041 2637 grandaevus
1072 2557 1157 2634 iam,
1192 2566 1231 2622 ut
1259 2556 1308 2643 qai

110 2638 387 2723 septuagenariam
412 2638 568 2717 attigisset
588 2649 735 2713 aetatem,
757 2638 993 2720 praefecturam
1016 2639 1100 2703 Urbi
1122 2651 1192 2705 tum
1209 2664 1306 2726 agens,

112 2742 151 2785 cx
172 2722 205 2783 S.
230 2724 264 2784 C.
288 2722 449 2801 imperare
471 2724 584 2783 iussus.
630 2722 838 2801 octogesimo
863 2724 992 2807 imperii
1016 2724 1098 2798 die,¹
1120 2726 1308 2807 praetoria·
1327 2772 1343 2787 .-

109 2825 228 2867 uorum
251 2803 390 2864 militum
417 2804 598 2878 seditione,
622 2815 655 2865 et
674 2806 792 2868 Iuliani
814 2807 934 2870 scelere
957 2808 1082 2869 occisus
1104 2818 1163 2870 est.

150 2888 260 2951 xvll.
288 2885 368 2946 Post
397 2907 468 2947 enm
498 2908 679 2950 samus
711 2909 911 2953 romanus
944 2888 1308 2968 Ranpubticamtinva-

110 2970 173 3042 sit,
206 2969 257 3030 vir
286 2969 407 3030 nobilis
439 2978 471 3031 et
494 2970 565 3031 iure
584 2972 819 3051 peritissimus3
848 2995 950 3056 nepos
971 2975 1069 3037 Salvii
1092 2974 1308 3059 Iuliani,'qui

109 3054 168 3114 sub
190 3053 274 3114 Divo
296 3053 463 3113 Hadriano
482 3067 669 3134 perpensum
691 3056 877 3136 composuit
897 3056 1046 3118 eda'ctnm.
1091 3056 1210 3119 Victus
1233 3068 1307 3120 csta

107 3135 229 3197 Severo
261 3132 347 3217 apud
376 3135 534 3195 Mulvium
565 3145 718 3217 pontem,
749 3137 937 3200 interfectus
969 3140 1001 3200 in
1031 3138 1167 3222 palatio.
1219 3140 1307 3205 Vixit

107 3218 270 3280 mensibus
293 3224 434 3293 septem,
456 3226 628 3301 postquam
651 3231 803 3300 coeperat
823 3221 994 3301 imperare.

148 3300 275 3361 XVIII.
307 3299 393 3359 Hinc
415 3298 544 3381 imperii
567 3323 722 3362 summam
744 3302 1056 3366 administrationem
1079 3300 1310 3372 exarsurus

107 3400 291 3463 sannaus
322 3381 468 3459 accepit,
493 3384 649 3445 oriundus
671 3405 709 3444 ex
734 3384 862 3459 Africa,
885 3388 1054 3468 provincia
1078 3389 1303 3470 Tripolitana,

107 3463 232 3545 oppido
254 3460 360 3543 Lepti.
402 3458 499 3524 Solus
521 3466 609 3527 omni
631 3466 787 3527 memoria
811 3476 843 3528 et
863 3478 936 3530 ante
959 3479 990 3529 et
1008 3481 1120 3553 postea
1144 3493 1182 3537 ex
1197 3472 1307 3535 Africa

105 3544 297 3623 Imperator
324 3542 398 3604 fuit.
426 3545 514 3607 'Hic
547 3546 691 3628 primum
722 3547 789 3609 fisci
823 3549 1016 3625 advocatus,
1049 3576 1125 3615 mox
1157 3556 1309 3619 militaris

105 3626 293 3698 Tribunus,
311 3644 376 3709 per
396 3626 496 3687 multa
516 3626 632 3689 deinde
654 3651 691 3691 ac
711 3631 800 3692 varin
824 3632 927 3695 officia
954 3645 1050 3719 atque
1076 3634 1222 3699 bonores
1250 3660 1307 3701 us-

88 3714 169 3794 que
190 3710 230 3772 ad
251 3709 562 3787 administrationem
585 3712 688 3774 totius
712 3714 923 3796 Reipublicae
942 3721 1102 3798 parvenit.
1145 3720 1316 3783 Pertiua-'

105 3816 176 3856 cem
196 3814 230 3854 se
251 3791 408 3875 appellari
431 3793 555 3867 voluit,
578 3793 610 3855 in
633 3796 792 3859 bonorem
817 3797 885 3860 eius
905 3800 1102 3875 Pertinacis,
1127 3807 1185 3887 qui
1207 3828 1225 3866 a
1246 3806 1300 3865 lu·

102 3874 199 3936 liano·
221 3877 330 3936 fuerat
362 3877 497 3938 occisus.
547 3878 668 3940 Parcus
706 3880 879 3943 admodum
909 3883 991 3957 fuit,
1022 3895 1138 3946 natura
1168 3890 1293 3958 saevus}

101 3956 188 4020 bella
216 3958 340 4029 multa,
368 3967 400 4019 et
430 3959 571 4022 feliciter
596 3962 703 4045 gessit.
753 3961 965 4027 Pescennium
994 3966 1150 4051 Nigrum,
1185 3972 1240 4055 qui
1264 3968 1296 4031 iu

100 4040 251 4122 Aegypto
275 4047 308 4100 ct
332 4039 426 4122 Syria
449 4043 680 4117 rebellaverat,
710 4047 794 4126 apud
819 4049 968 4129 Cyzicum
992 4051 1168 4112 interfecit.
1214 4054 1298 4114 Par·

100 4122 176 4183 thos
200 4119 296 4194 sicit,
321 4131 353 4181 et
373 4122 690 4191 Arabas'interiores
712 4139 743 4189 et
766 4129 959 4194 Adiabenos.
1004 4133 1127 4195 Arabas
1144 4157 1184 4196 eo
1201 4154 1299 4219 usquc

99 4203 284 4287 superavit,
312 4213 349 4263 ut
375 4207 693 4291 etiam-provinciam
715 4212 761 4272 ibi
783 4215 912 4277 iaceret.
955 4214 1085 4276 Idcirco
1108 4216 1297 4291 Parthicus,

97 4287 269 4361 Arabicus,
291 4285 509 4351 Adiabenicus
531 4290 636 4352 dictus
659 4302 732 4365 est.¹
759 4295 861 4356 Multa
884 4306 955 4357 toto
978 4298 1123 4359 Romano
1148 4302 1230 4363 orbe
1245 4322 1297 4364 re-

96 4369 235 4453 paravit.
277 4369 344 4431 Sub
367 4391 411 4431 co
429 4373 523 4432 etiam
546 4372 678 4436 Clodius
700 4375 854 4453 Albinus,
877 4381 933 4462 qui
957 4376 989 4440 in
1013 4380 1193 4446 occidendo·
1215 4384 1297 4447 Per&

95 4455 211 4515 tinace
224 4452 330 4514 socius
349 4455 454 4514 fuerat
474 4455 614 4530 Iuliano,
636 4459 802 4519 Caesarem
824 4483 859 4524 se
880 4464 915 4525 iu
936 4462 1153 4541 callistem,
1175 4469 1299 4533 victus·-

99 4552 162 4618 qus
182 4534 269 4617 apud
288 4535 479 4623 Lugdunum
502 4549 549 4635 est
570 4549 602 4604 et
623 4522 828 4657 inte‘rl'ccltus.¹
1176 4540 1180 4547 ’
1313 4534 1317 4541 ’
