2850 4958
175 266 251 361 m
463 266 695 351 summu
729 222 855 351 mr.
876 270 941 351 sa
966 242 1101 375 su?¹²¹

158 438 349 513 ¹Proculum
378 444 412 501 et
433 438 621 513 Bonosum,
648 435 853 523 Agrippinas
879 438 1102 522 imperatores
1127 434 1286 517 dectus,
1312 462 1372 527 op..

127 523 303 611 Nprmsit.
343 518 464 584 Vincas
497 518 610 583 Gallos
639 530 672 583 et
700 520 889 583 Pannouibs
911 519 1036 585 habers
1063 524 1231 605 permisit.
1275 524 1373 609 Opere

168 606 305 671 militari
324 603 451 667 Almam
470 611 616 666 montem
640 603 728 688 apud
750 602 926 681 Sirmium,
953 612 986 664 ct
1004 602 1152 669 Aureum
1176 606 1267 689 apud
1291 612 1372 671 Moe-

127 690 498 841 d⁸i⁸md¹⁸¹¹P⁶¹⁸l0l⁰⁸¹r
523 687 626 760 niueis
646 688 824 751 conseruit.
868 687 934 753 His
950 686 1066 755 Sirmii
1086 689 1123 757 iu
1146 691 1240 759 turri
1264 693 1372 762 ferrata

111 830 115 839 .
169 776 242 841 occi
268 775 345 839 tur.
577 810 582 819 ·

545 923 572 987 c
591 920 621 986 A
640 922 668 989 Ρ
689 924 723 991 U
742 923 775 990 ‘1'
813 922 1006 993 xxxvm.

509 1058 631 1117 emus,
656 1058 808 1118 sauma,
831 1061 1047 1110 ausuum·

128 1218 149 1271 ρ
211 1191 670 1270 communionemque,
701 1193 876 1277 imperavit
902 1212 1006 1257 anuos
1026 1191 1123 1257 duos.
1168 1192 1242 1257 Irts
1260 1195 1374 1261 aam-
1417 1182 1419 1226 ³

127 1278 245 1349 satim
265 1278 419 1343 Curium
443 1283 477 1338 et
493 1277 730 1341 Numerianum
750 1277 903 1343 Caesares
932 1276 1023 1341 feeit.
1066 1276 1133 1339 Hio
1160 1276 1256 1360 apud
1278 1280 1375 1343 Ctesi-0
1416 1311 1419 1333 ι

126 1362 297 1447 ᾼΡΙισηῒα
319 1363 387 1425 ictu
410 1358 557 1425 fulminis
576 1360 717 1423 interiit.
758 1362 977 1425 Numerianus
1000 1380 1157 1444 quoqne,
1183 1362 1275 1425 liliu's
1298 1364 1373 1439 eius,
1417 1402 1419 1415 .

170 1468 272 1530 quum
300 1444 474 1509 oculorum
503 1442 621 1506 dolore
644 1434 818 1527 correptui
844 1446 878 1507 iu
901 1441 1053 1506 lecticula
1082 1442 1290 1521 veheretur,
1319 1447 1371 1507 in-

168 1530 304 1614 pulsore
329 1528 439 1611 Apro,
471 1528 528 1609 qui
561 1547 657 1592 socer
684 1528 754 1592 eius
785 1536 879 1605 erat,
908 1546 972 1609 per
999 1525 1133 1588 insidias
1170 1530 1303 1591 occisus
1329 1538 1373 1595 cst.

126 1608 280 1693 BQuum
302 1611 381 1675 dolo
409 1612 631 1675 occultaretur
655 1611 756 1694 ipsius
779 1634 886 1686 mors,
919 1632 1090 1694 quousque
1113 1612 1209 1690 Aper
1235 1613 1374 1679 invaders

127 1696 149 1759 6
173 1704 284 1777 posset
312 1696 509 1779 imperium,
533 1696 665 1757 foetore
694 1694 860 1759 cadaveris
878 1694 983 1757 soclus
1002 1703 1050 1757 est
1069 1696 1263 1776 proditum.
1304 1698 1375 1758 Him

168 1779 308 1843 Sabinus
329 1780 476 1842 lulianus
494 1778 646 1841 invadam
670 1777 866 1859 imperium,
891 1801 909 1839 a
936 1778 1056 1840 Carino
1076 1779 1111 1841 iu
1131 1780 1264 1863 campis
1280 1780 1376 1841 Vero-

128 1864 324 1951 7nensibus
348 1862 523 1926 occiditur.
567 1863 632 1923 Hic
662 1863 799 1924 Carinus
823 1862 975 1923 omnihus
1002 1882 1037 1922 se
1062 1860 1252 1925 sceleribus
1278 1863 1376 1946 iuqui-

169 1948 270 2008 navit.
312 1946 479 2008 Plurimos
502 1945 654 2007 innoxios
673 1944 758 2007 lictis
781 1945 975 2008 criminibus
995 1944 1127 2006 occidit.
1174 1947 1377 2011 Matrimonia

169 2030 332 2090 nobilium
357 2027 520 2109 corrupit.
565 2027 806 2111 condiscipulis
828 2049 974 2111 quoquc,
999 2028 1152 2111 quicum
1169 2030 1206 2091 in
1223 2031 1374 2093 auditorio

128 2110 263 2189 ssverbi
293 2112 486 2195 fatigatione
511 2119 724 2184 taxaverunt,
758 2113 965 2195 perniciosus
995 2112 1091 2175 fuit·
1123 2111 1179 2172 Ad
1211 2124 1374 2177 extremum
1406 2122 1410 2137 '

170 2193 357 2257 trucidatur
375 2192 445 2256 elus
463 2194 644 2285 praecipue
662 2194 805 2263 Tribuni
825 2194 971 2275 dextera,
995 2195 1089 2263 euim
1107 2193 1294 2265 dicebatur
1311 2218 1371 2263 esua

170 2276 280 2363 iugem
298 2275 470 2369 polluisse·
503 2355 508 2361 ,

561 2454 691 2521 aar
715 2458 749 2523 u
771 2457 810 2553 r
841 2458 995 2528 xxmx.

415 2594 644 2647 nrocuumsuua
665 2596 705 2644 su
727 2595 929 2646 assuminus
953 2558 1140 2650 nuncnune}

68 2802 70 2807 ,
210 2725 438 2792 Diocletianus
462 2727 632 2803 Dalmata,
672 2724 808 2805 Anulinl
842 2726 1012 2792 Senatorls
1050 2730 1255 2810 llbertinus,
1287 2738 1382 2796 matrs

83 2893 86 2897 ἵ
170 2814 297 2896 pariter
321 2820 419 2895 atque
440 2809 565 2894 oppido
587 2811 721 2873 nomine
738 2811 889 2888 Dioclen,
912 2833 1055 2897 quorum
1074 2815 1262 2893 vocabulis,
1287 2815 1380 2878 donee

171 2895 346 2979 imperium
371 2903 531 2967 sumeret,
556 2892 690 2964 Diocles
721 2894 921 2983 appellatus,
951 2897 1009 2961 ubi
1035 2898 1126 2960 orbis
1150 2899 1295 2963 Romani
1319 2921 1379 2982 po·

98 3008 100 3013 ¹
170 2979 306 3041 tentiam
336 2980 442 3061 cepit,
475 2970 618 3042 Graiuni
635 2998 755 3049 nomen
777 2981 810 3041 in
834 2979 1014 3042 Romanum
1045 3002 1172 3044 morem
1203 2984 1378 3054 convertit,

127 3080 149 3127 ts
170 3062 456 3146 imperavitannis
480 3060 595 3149 viginti
617 3062 774 3152 quinque.
816 3064 848 3125 Is
867 3062 1099 3131 Maximianum
1120 3064 1310 3149 Augustum
1335 3066 1379 3129 ei-

170 3147 266 3220 sectr,
294 3144 517 3207 Constantium
549 3153 581 3206 et
607 3144 775 3208 Galerium
805 3147 1054 3221 Maximianum,
1081 3159 1307 3239 cognomento
1326 3152 1382 3210 Ar-

169 3229 383 3301 mentarium,
417 3229 567 3290 Caesares
595 3230 734 3305 creavit,
767 3231 898 3293 tradens
929 3231 1119 3291 Constantio
1151 3231 1380 3305 Theodoram,

127 3310 320 3374 5Hcrculii
343 3311 532 3374 Maximiani
576 3312 754 3399 rivignam,
776 3315 902 3377 abiecta
922 3334 1026 3375 uxore
1045 3314 1166 3396 priori.
1214 3317 1291 3378 Hoc
1307 3326 1382 3377 tem·

169 3416 249 3473 pore
274 3395 452 3457 Charausio
481 3395 515 3455 in
569 3394 674 3469 alliis,
705 3396 871 3458 Achilleus
895 3396 983 3480 apud
1004 3395 1213 3481 Aegyptum,
1246 3400 1381 3465 Iulianus

128 3478 203 3555 din
224 3478 320 3539 Italia
347 3481 568 3561 Imperatores
597 3479 723 3553 effecti,
753 3478 883 3542 diverso
913 3479 1001 3541 exitu
1029 3482 1171 3565 periere.
1217 3481 1247 3542 E
1271 3484 1382 3568 quibus

128 3556 147 3620 5
169 3562 440 3645 lulianus,·aoto
461 3583 523 3645 per
547 3572 656 3645 costas¹
670 3560 836 3642 pugione,
863 3564 896 3624 in
926 3563 1034 3644 ignem
1055 3585 1088 3631 se
1114 3563 1252 3637 abiecit,
1298 3569 1381 3639 Dio-

170 3644 327 3719 cletianus
346 3664 425 3723 vero
447 3644 533 3726 apud
553 3643 778 3709 Nicomediam
804 3655 922 3728 sponte
942 3645 1127 3730 imperiales
1147 3648 1254 3711 fasces
1278 3650 1378 3717 relin-

127 3723 284 3807 dquens,
307 3724 344 3792 in'
386 3728 510 3812 ropriis
531 3728 616 3809 agris
637 3728 819 3789 consenuit.
864 3729 928 3808 Qui
951 3730 1027 3791 dum
1048 3730 1088 3791 ab
1103 3732 1269 3796 Herculio
1292 3744 1378 3818 atque

171 3811 302 3889 Galerio
330 3834 347 3873 a
398 3812 623 3894 recipiendum
645 3812 820 3893 imperium
843 3822 1037 3898 rogaretur,
1067 3821 1238 3895 tamquam
1264 3828 1376 3900 pestem

170 3895 313 3978 aliquam
338 3894 516 3975 detestans,
532 3896 575 3967 'in
593 3893 681 3961 hunc
708 3894 842 3961 modum
871 3896 1061 3980 respondite
1099 3902 1233 3962 Menam
1253 3902 1376 3962 Solonas

163 3968 301 4059 ¹possetis
319 3982 424 4041 'm'sers
448 3980 539 4038 oler'a
562 3983 680 4041 nostris
700 3979 846 4045 manutius
864 3984 1025 4054 instituta,
1040 3980 1196 4062 profecto
1214 4004 1377 4069 numquam

126 4086 147 4157 7
169 4062 256 4122 istud
271 4062 459 4122 tentandam
482 4060 681 4130 iudicaretis,
723 4063 818 4124 Vixit
838 4068 949 4125 annos'
961 4064 1125 4146 sexaginta
1148 4076 1244 4144 octo,
1263 4066 1377 4152 exquir

169 4143 332 4205 communi
359 4144 474 4205 habitu
506 4167 610 4229 prope
639 4166 756 4207 novem
782 4145 858 4228 egit.
904 4150 1013 4208 Morte
1043 4159 1236 4212 consumtus
1264 4162 1329 4227 est,
1349 4157 1377 4211 ut

168 4230 244 4287 satis
263 4227 392 4308 patuit,
417 4249 478 4310 per
503 4227 731 4303 formidinem,
754 4218 1127 4313 voluntarii,3÷Qutppe
1142 4255 1248 4314 quum
1266 4260 1282 4297 a
1300 4238 1377 4297 com

167 4313 308 4373 stantlno
331 4320 428 4393 atque
453 4312 580 4373 Licinio
603 4321 737 4381 vorsutus
755 4313 795 4387 ad
818 4312 896 4383 festa
916 4314 1116 4395 nuptiarum,
1132 4338 1195 4396 per
1211 4330 1375 4389 senectam,

169 4417 234 4484 qno
267 4395 371 4454 minus
399 4394 553 4455 interesse
580 4395 718 4468 valcurt,
746 4397 977 4467 excusavisset,
1004 4399 1174 4479 rescriptis
1204 4404 1376 4463 minacibus

168 4477 330 4558 acceptis‘,
364 4477 482 4560 quibua
508 4478 742 4560 increpabatur
771 4481 937 4541 Maxentio
962 4475 1171 4555 favisse,·⁴uu
1203 4487 1374 4555 Maximino

166 4562 286 4640 iuvere,
309 4569 494 4640 suspectans
515 4578 627 4624 nouum
647 4560 892 4636 dedecorosam,
910 4584 1070 4634 uenenum
1084 4563 1211 4639 dicitur
1227 4569 1377 4639 hausisse·
