2850 4958
405 282 566 385 ¹arasa
604 236 866 371 scenicus.
1175 309 1251 395 sss⁴

8 448 114 513 lior.
148 446 254 509 mv
287 448 399 531 annis,
431 451 550 533 quibus
582 453 670 514 solus
699 454 798 538 gessit
827 451 1026 533 imperinm,
1057 450 1245 523 civilissime

11 533 139 604 uixit,
161 533 192 594 in
215 541 349 594 cunctos
369 532 633 609 liberalissimus,
657 536 690 597 in
713 536 835 596 amicos
856 532 1046 610 fidissimus,
1068 557 1148 622 quos
1169 545 1246 601 tan-

13 616 81 677 tis
103 616 208 676 evexit
227 614 433 690 honoribus,
456 626 492 680 ut
511 639 615 699 paene
636 626 790 701 aequaret
810 618 941 700 fastigio
964 640 1038 681 suo.

56 696 138 758 ·lX.
172 696 271 758 Nullo
293 706 443 780 tempore
464 721 515 760 res
536 699 681 762 Romana
710 701 812 785 magis
833 698 960 761 floruit.
999 700 1082 763 Nam
1100 701 1245 784 exceptis

15 778 187 841 civilibus
208 778 326 854 bellis,
349 782 382 841 in
405 783 523 863 quibus
546 785 685 844 invictus
705 784 789 855 fuit,
819 782 965 845 Romano
987 783 1108 845 adiecit
1132 787 1245 866 impe-

14 862 90 923 !io
122 864 327 945 Aegyptum,
365 864 592 939 Cantabriam,
623 866 841 939 Dalmatiam,
871 885 966 947 saepe
996 875 1072 927 ante
1104 867 1244 940 victam,

8 945 93 1007 'ned
113 949 241 1027 penitus
263 954 341 1005 tunc
362 944 545 1024 subactam,
566 949 789 1020 Pannoniam,
813 948 1038 1031 Aquitaniam,
1062 948 1243 1030 Illyricum,

13 1024 224 1101 ‚baeticum
249 1027 462 1103 Vindelicos,
487 1040 519 1092 et
539 1031 680 1093 Salassos
702 1033 736 1092 in
757 1028 909 1113 Alpibus,
937 1052 1047 1092 omnes
1061 1031 1160 1092 Ponti
1175 1053 1248 1091 ma-

16 1111 164 1175 !''itimas
185 1112 355 1172 civitates:
380 1113 414 1172 in
434 1113 486 1174 his
507 1115 725 1176 nobilissimas
745 1115 927 1196 Bosporum
947 1113 1247 1195 etPanticapaeon.

15 1190 130 1255 Vicit
152 1204 259 1255 autem
280 1194 417 1275 proeliis
437 1200 565 1269 Dacos:
596 1199 834 1261 Germanorum
856 1200 999 1281 ingentes
1021 1199 1130 1279 copias
1151 1197 1245 1257 ceci-

19 1274 108 1348 dit:
132 1277 221 1356 ipsos
242 1298 375 1360 quoque
396 1286 484 1341 trans
504 1280 615 1342 Albim
635 1279 769 1343 fluvium
790 1280 975 1351 submovit,
996 1280 1053 1362 qui
1076 1282 1110 1341 in
1130 1279 1248 1340 barba-

9 1358 108 1421 ·*ico
131 1359 230 1441 longo
259 1360 343 1421 ultra
371 1361 521 1423 Rhenum
554 1373 613 1425 est.
656 1364 730 1423 Hoc
753 1371 859 1423 tamen
880 1362 1001 1425 bellum
1022 1382 1084 1445 per
1103 1365 1247 1422 Drusum

9 1442 225 1523 privignum
247 1464 341 1503 suum
362 1443 620 1520 administravit:
648 1447 733 1506 sicut
752 1467 813 1524 per
834 1444 1026 1517 Tiberium,
1060 1445 1248 1527 privignum

14 1523 197 1595 alterum,
220 1526 455 1588 Pannonicum.
497 1529 574 1607 Quo
594 1527 682 1590 bello
703 1526 827 1589 XXXX
855 1526 958 1587 millia
980 1529 1185 1609 captivorum
1207 1545 1248 1585 ex

9 1607 214 1671 ffiermauia
234 1608 423 1682 transtulit,
441 1619 487 1681 ⁴et
507 1632 605 1692 supra
626 1612 731 1691 ripam
751 1610 857 1671 Rheni
879 1611 913 1670 iu
936 1607 1039 1669 Gallia
1061 1608 1246 1670 collocavit.

12 1689 224 1751 'Armeniam
248 1714 265 1751 a
288 1691 419 1751 Parthis
440 1696 585 1777 recepit:
609 1692 757 1766 obsides,
781 1690 870 1773 quod
892 1689 972 1752 nulli
995 1701 1109 1764 autea,
1129 1692 1249 1753 Persae

21 1773 73 1837 ci
96 1772 276 1847 dederunt;
298 1774 514 1839 reddiderunt
537 1778 634 1841 etiam
653 1776 745 1861 signa
766 1775 909 1837 Romana
921 1821 930 1850 ,
953 1793 1037 1859 quae
1059 1775 1171 1836 Crasso
1193 1773 1248 1834 vi-

48 1863 102 1929 cto
126 1855 321 1921 ademerant.
904 1876 908 1883 ·

16 1964 27 1977 ·
84 1937 125 1997 X.
155 1937 296 2017 Scythae
330 1946 363 2000 et
390 1939 488 2013 ludi,
518 1939 638 2023 quibus
659 1948 752 2001 antea
772 1937 994 2002 Romanorum
1014 1958 1133 2001 nomeu
1154 1938 1251 1998 inco-

10 2021 166 2103 -gnitum
191 2024 318 2094 fuerat,
355 2043 489 2084 munera
518 2034 552 2085 et
580 2022 704 2107 legatos
735 2022 775 2083 ad
806 2042 880 2083 eum
910 2026 1079 2084 miserunt.
1123 2020 1251 2083 Galatia

11 2124 172 2186 ·quoque
193 2104 251 2164 sub
273 2105 339 2166 hoc
360 2105 530 2187 provincia
551 2107 635 2166 facta
658 2116 726 2177 est,
758 2127 859 2189 quum
889 2115 982 2167 antea
1003 2127 1139 2187 regnum
1160 2103 1249 2163 fuis-

40 2193 113 2255 set:
147 2188 334 2270 primusque
367 2208 438 2249 eam
471 2189 517 2249 M.
551 2188 675 2250 Lollius
709 2209 771 2267 pro
805 2188 966 2250 Praetore
1000 2186 1248 2248 administravit.

44 2266 150 2329 Tanto
175 2280 281 2330 autem
303 2292 416 2333 amors
437 2271 534 2331 etiam
556 2271 643 2352 apud
672 2271 830 2331 barbaros
861 2272 946 2344 suit,
979 2278 1017 2330 ut
1044 2290 1153 2351 reges,
1184 2289 1252 2349 po-

40 2351 111 2437 puli
135 2351 269 2413 Romani
293 2354 412 2427 amici,
441 2353 658 2415 inhonorem
680 2355 748 2413 eius
770 2350 948 2415 conderent
973 2353 1138 2424 civitates,
1172 2370 1251 2433 quas

14 2434 212 2497 ·Caesareas
240 2437 471 2498 nominarent:
499 2438 586 2498 sicut
612 2438 645 2509 in
667 2436 869 2496 Mauretania
892 2458 907 2496 a
932 2456 1009 2516 rege
1029 2435 1133 2495 Iuba:
1165 2441 1197 2493 et
1217 2432 1252 2492 iu

41 2516 246 2591 Palaestina,
278 2539 362 2600 quae
392 2538 478 2578 nuuc
510 2520 587 2581 urbs
610 2527 659 2579 cst
679 2518 868 2578 clarissima.
911 2517 1008 2580 Multi
1031 2525 1138 2576 autem
1158 2533 1250 2596 reges

20 2621 85 2665 ·s1
106 2602 212 2681 regnis
234 2603 299 2660 suis
320 2609 500 2674 venerunt,
522 2611 559 2662 nt
583 2602 612 2661 ei
635 2601 913 2680 obsequerentur:
939 2596 971 2660 et
991 2600 1107 2660 habitu
1128 2597 1252 2658 Roma-

29 2694 111 2754 ‘no‚
134 2683 236 2763 togati
259 2682 402 2754 scilicet,
423 2681 462 2741 ad
484 2683 669 2744 vehiculum
689 2685 738 2744 vel
765 2705 883 2762 equum
905 2685 1005 2762 ipsius
1023 2688 1251 2743 cucurrerunt.

10 2764 191 2830 ·Moriens
211 2764 313 2824 Divus
336 2763 515 2844 appellatus
536 2775 593 2826 est.
636 2765 880 2846 llempuhlicam
901 2766 1117 2825 beatissimam
1139 2763 1248 2824 Tibe-

11 2882 26 2907 ·
41 2849 99 2913 rio
121 2848 299 2906 successori
322 2847 476 2930 reliquit,
499 2847 557 2931 qui
577 2849 746 2932 privignus
768 2849 819 2921 ei,
841 2868 918 2909 mox
939 2868 1058 2930 gener,
1082 2856 1251 2930 postremo

11 2966 25 2993 ε
42 2928 226 3004 adoptione
248 2929 332 2989 filius
354 2932 474 2991 fuerat.

11 3054 13 3061 ·
86 3014 147 3072 ΧΙ.
163 3032 388 3074 misenatis
420 3012 542 3095 ingenti
564 3011 715 3072 socordia
739 3010 910 3089 imperium
931 3009 1046 3093 gessit,
1069 3007 1158 3088 gravi
1180 3024 1255 3068 cru·

30 3094 202 3163 :delitate‚
233 3095 365 3155 scelesta
396 3094 553 3167 avaritia,
580 3096 671 3175 turpi
698 3092 847 3155 libidine.
889 3093 970 3155 Nam
998 3110 1156 3170 nusquam
1184 3088 1254 3169 ipse

74 3178 222 3259 egnavit:
254 3177 339 3238 bella
365 3198 427 3258 per
455 3178 593 3261 Legatos
621 3197 698 3239 suos
727 3176 845 3259 gessit:
877 3173 1033 3258 quosdam
1059 3191 1170 3254 reges,
1194 3190 1255 3249 per

45 3198 221 3325 blanditias
243 3259 283 3320 ad
305 3281 338 3321 se
360 3270 532 3333 evocatos,
559 3281 735 3342 numquam
756 3259 900 3320 remisit:
933 3259 966 3319 in
988 3256 1105 3338 quibus
1126 3254 1256 3315 Arche-

46 3343 135 3407 laum
161 3343 407 3425 Cappadocem,
444 3344 536 3405 cuius
566 3345 664 3404 etiam
694 3362 829 3424 regnum
852 3340 884 3402 in
905 3339 1094 3422 provinciae
1114 3339 1255 3400 formam

11 3478 15 3489 .
49 3426 198 3508 redegit,
236 3436 268 3485 et
296 3427 466 3488 maximam
498 3425 662 3487 civitatem
691 3424 849 3507 appellari
868 3422 1014 3485 *nominc
1043 3443 1103 3485 suo
1139 3417 1257 3492 iussit,¹

29 3531 133 3592 ·quae
153 3529 238 3569 nunc
259 3509 412 3571 Caesarea
433 3510 566 3581 dicitur,
592 3530 693 3592 quum
713 3511 843 3570 Mazaca
863 3514 955 3568 autea
970 3512 1155 3567 vocaretur.
1187 3502 1254 3563 Hic

46 3592 150 3653 tertio
183 3601 217 3651 et
245 3592 400 3667 vigesimo
433 3593 563 3675 imperii
587 3612 694 3663 anno,
721 3592 834 3653 aetatis
854 3588 1090 3671 septuagesimo
1113 3594 1253 3656 octavo,

48 3677 175 3755 ingenti
198 3674 341 3735 omnium
363 3675 480 3758 gaudio
505 3683 654 3736 mortuns
676 3675 777 3735 estin
798 3670 983 3754 Campania.

93 3759 170 3819 Xll.
201 3757 362 3818 Successit
384 3757 412 3818 ei
436 3778 563 3821 carus
594 3776 774 3828 crassa,
797 3760 1014 3838 cognomento
1040 3763 1252 3817 cenicum,

46 3840 164 3915 Drusi,
186 3839 330 3923 privigni
352 3838 500 3921 Augusti,
523 3849 554 3901 et
574 3840 676 3923 ipsius
692 3837 820 3897 Tiberii
834 3853 955 3917 nepos:
978 3830 1254 3900 sceleratissimus,

48 3946 90 3987 ec
111 3923 367 3997 funestissimus,
389 3922 497 4005 etqui
520 3923 617 3983 etiam
638 3920 765 3984 Tiberii
780 3916 939 3980 dedecora
953 3911 1152 3999 purgaverit.
1177 3909 1257 3972 Bel-

47 4006 120 4071 tum
142 4017 256 4069 contra
279 4006 457 4067 Germanos
477 4007 637 4085 suscepit:
661 4013 693 4066 et
714 4003 874 4085 ingressus
893 3999 1054 4068 sueviam,
1077 3994 1161 4056 nihil
1175 4001 1255 4054 stre·

47 4112 117 4155 nus
138 4093 226 4152 fecit.
269 4089 389 4169 Stupra
410 4090 579 4151 sororibus
601 4086 733 4159 intulit3
768 4103 805 4142 ex
827 4102 889 4141 una
910 4082 1006 4142 etiam
1028 4087 1133 4139 natam
1156 4077 1256 4136 liliam

22 4175 196 4255 egnavit.
249 4174 358 4251 Quum
390 4171 557 4233 adversum
589 4180 722 4231 cunctos
752 4162 874 4248 ingenti
904 4161 1061 4235 avaritia,
1096 4157 1255 4257 libidine,

49 4255 247 4319 crudelitate
275 4256 434 4328 saevi-ret,
464 4255 652 4316 interfectus
673 4252 708 4313 in
727 4248 851 4333 palatio
874 4254 922 4310 est
942 4266 1025 4306 anno
1048 4251 1162 4305 aetatis
1181 4254 1257 4301 suas

50 4338 176 4403 XXIX.
200 4341 329 4417 imperii
352 4338 414 4399 lll.
437 4358 549 4417 mense,
564 4337 605 4396 X.
627 4335 745 4415 dieque
765 4330 862 4393 VIlI.
1225 4402 1233 4419 .

65 4450 70 4457 ·
98 4422 192 4483 Xlll.
224 4424 304 4485 Post
324 4423 411 4484 laune
440 4440 652 4483 cusunrus
684 4416 759 4488 suit,
780 4422 915 4495 patruus
939 4403 1112 4489 Caligulae,
1134 4404 1256 4473 Drama

49 4507 112 4584 '⁴:¹¹³
136 4503 223 4588 almd
242 4507 487 4590 Mogontiacum
509 4511 754 4565 monumentum
774 4496 892 4569 babet,
915 4492 1020 4557 filius:
1045 4487 1136 4549 cuius
1158 4492 1190 4545 et
1205 4484 1261 4583 tla-
1343 4578 1347 4585 ἡ

52 4588 155 4675 ligula
168 4610 279 4673 ¹nepos
300 4570 380 4653 erit.
424 4588 488 4650 Hie
507 4585 616 4649 media
635 4580 820 4669 imperavit,
836 4578 939 4642 multa
953 4592 1068 4662 gerens
1086 4564 1274 4649 tranquxbe
