2850 4958
431 246 532 335 tte.
557 250 617 336 tsi
642 243 750 332 oar.
772 241 869 340 'xxi
1186 260 1259 338 103

48 408 102 483 ι’ἑῖ
116 419 184 484 boo
203 418 334 484 servilia
360 416 447 490 bella
478 420 667 483 miscuerit:
698 426 749 496 et,
772 440 815 483 ne
838 402 918 502 quid
938 415 1137 503 turpitudini
1160 419 1266 498 desit,

10 544 21 585 3
49 504 262 589 gladiatoria.
305 505 473 586 Denique,
496 504 530 564 in
552 506 675 588 seipse
696 522 883 587 oopversus,
905 503 1058 566 Marianis
1077 513 1175 588 atque
1188 506 1267 568 sul-
1285 511 1309 587 4

50 591 149 662 lanis,
171 588 346 650 novissime
366 587 516 670 Pompeii
540 597 573 649 et
596 589 740 649 Caesaris
761 586 920 658 manibus,
944 588 1036 669 quasi
1052 609 1113 671 per
1126 589 1263 664 rabiem,

53 681 91 737 et
110 674 258 734 furorem
284 672 420 751 (actast)
446 679 547 732 semet
575 674 658 754 ipse.
674 668 842 731 laceravit.
866 668 977 752 ,Quae
999 671 1023 731 si
1048 673 1155 733 iuncta
1180 672 1265 734 inter
1285 668 1306 734 5

51 774 91 819 oe
111 762 186 816 sunt
207 757 314 816 omnia
337 764 435 838 atque
456 755 615 829 confusa,
641 763 749 816 tamen
770 776 835 836 quo
857 753 972 814 melius
994 763 1189 836 appareant,
1212 758 1264 816 si-
1287 755 1308 818 6

52 839 125 903 mul
153 847 185 900 et
211 860 252 899 ne
273 837 395 900 scelera
416 837 594 899 virtutibus
617 838 820 920 obstrepant,
842 836 1015 918 separatim
1037 839 1265 927 proderentur:

49 925 234 1007 priusque,
266 930 304 983 ut
332 919 518 1002 coepimus,
550 921 633 983 iusta
663 919 719 982 illa
743 928 774 981 et
802 920 856 1003 pia
881 942 952 982 cum
977 927 1095 981 extem
1117 922 1267 1004 gentibus

10 1010 14 1015 '
50 1005 143 1071 bella
165 1004 438 1077 memorabimus,
461 1012 498 1064 ut
518 1004 708 1088 magnitudo
730 1005 904 1066 crescentis
926 1002 958 1063 in
981 1001 1048 1062 dios
1068 1003 1198 1087 imperii
1213 1028 1269 1088 ap-

51 1098 191 1176 pareat:
215 1096 285 1149 tum
305 1085 346 1148 ad
368 1085 424 1149 illa
446 1081 567 1159 divium
589 1087 731 1162 scelera,
755 1082 933 1171 turpesque
954 1092 986 1149 et
1006 1085 1121 1172 impias
1145 1109 1269 1172 pugnas

52 1180 274 1237 revertemur.
296 1198 300 1205 ·

401 1298 405 1303 Δ
497 1347 725 1412 CAPUT
766 1347 838 1412 XX.

444 1484 618 1528 aestuat
646 1484 901 1529 esttrtcutt.

10 1660 12 1665 -
100 1617 134 1677 'V
138 1617 201 1678 icta
223 1614 263 1677 ad
287 1615 447 1678 Occasum
462 1615 652 1700 Hispania,
682 1616 825 1699 populus
840 1617 1017 1677 'Romanus
1040 1610 1079 1675 ad
1102 1609 1272 1676 Orientem
1296 1634 1312 1678 1

57 1723 174 1787 pacem
196 1699 333 1783 agebat,
356 1719 416 1760 nec
436 1696 549 1779 pacem
571 1696 684 1771 modo,
707 1699 761 1760 sed
785 1699 935 1760 inusitata
957 1707 989 1758 et
1011 1697 1175 1779 incognita
1189 1718 1274 1779 qua-

26 1788 137 1875 sdam
157 1782 326 1854 felicitate,
349 1781 483 1844 relictae
505 1782 606 1864 regiis
626 1780 865 1842 hereditatibus
888 1802 977 1864 opes,
1000 1789 1032 1841 et
1054 1789 1121 1840 tota
1145 1780 1293 1863 insimul,

42 1889 162 1946 :regua
187 1866 369 1927 veniebant.
417 1862 566 1937 Attalus,
597 1884 656 1925 rex
687 1864 1101 1947 Pergamenorum,regis
1122 1861 1316 1927 Eumenius

61 1952 170 2024 filius,
196 1948 278 2011 socii
307 1946 472 2032 quondam
501 1945 801 2030 commilitonisque
820 1949 946 2020 nostri,
972 1955 1198 2025 testamentum
1219 1969 1293 2009 re-.

30 2026 181 2118 ''liquitz
207 2035 352 2117 Populus
378 2039 542 2091 Romanus
562 2028 719 2091 honorum
739 2053 884 2107 meorum
906 2029 996 2091 heres
1013 2043 1093 2091 esto.
1134 2031 1188 2109 [Iu
1209 2022 1296 2092 bo-¹

41 2120 114 2193 „nis
145 2114 355 2200 regiishaeo
384 2116 546 2194 fuerunt]
589 2112 685 2175 Adita
718 2110 820 2196 igitur
848 2113 1047 2186 hereditate,
1069 2112 1317 2194 provinciam3

43 2199 207 2287 ,populus
228 2199 391 2259 Romanus
413 2218 479 2259 non
501 2195 633 2280 quidem
654 2195 766 2271 bello,
788 2216 848 2257 neo
870 2198 991 2270 armis,
1015 2196 1093 2269 sed,
1115 2196 1206 2277 quod
1229 2206 1276 2259 est

63 2284 211 2368 aequius,
234 2279 417 2343 testamenti
440 2281 512 2341 iure
535 2279 707 2342 retinebat.
750 2278 814 2340 Sed
836 2280 931 2354 hanc,
953 2278 1084 2340 difficile
1107 2278 1196 2342 dictu
1216 2289 1276 2353 est,
1292 2281 1319 2363 4

43 2362 175 2439 futrum
208 2365 336 2426 facilius
366 2363 534 2437 amiserit,
566 2385 607 2423 an
637 2363 894 2445 recuperaverit.
924 2362 1160 2437 Aristonicus,
1194 2364 1277 2446 regii

64 2451 234 2536 sauguinis
250 2450 344 2509 ferox
372 2447 520 2520 iuvenis,
547 2446 666 2518 urbes,
689 2447 820 2531 regibus
841 2466 958 2528 parere
979 2454 1169 2521 consuetas,
1191 2467 1277 2528 par-

65 2536 124 2596 tim
149 2532 243 2597 facile
265 2530 440 2593 sollicitat:
463 2550 587 2612 paucas·
603 2530 811 2604 resistentes,
840 2529 1007 2612 Myndon,
1033 2529 1174 2602 Samon,
1205 2529 1276 2591 Co-

44 2606 224 2699 slophona,
243 2614 277 2674 vi
299 2614 436 2695 recepit.
483 2613 586 2673 Crassi
609 2633 743 2695 quoque
763 2613 932 2675 Praetoris
953 2613 1073 2676 cecidit
1087 2612 1279 2688 exereitum,
1294 2606 1320 2690 ¹5

41 2701 240 2783 ,ipsumque
259 2695 363 2776 cepit:
387 2694 443 2756 sed
466 2693 534 2768 ille,
556 2714 682 2756 memor
704 2704 737 2756 et
757 2696 899 2758 faeniliae
922 2704 953 2757 et
972 2694 1108 2758 Romani
1123 2696 1277 2770 nominis,

65 2782 238 2845 custodem
270 2776 319 2839 sui
349 2776 527 2839 barbarum
557 2775 683 2860 virgula
715 2787 887 2852 excoecat,
920 2788 952 2839 et
981 2781 1016 2840 in
1043 2779 1177 2841 exitium
1205 2781 1277 2853 sui,

10 2856 26 2921 ζ’
64 2864 160 2949 quod
190 2859 341 2932 volebat,
373 2862 419 2920 ita
450 2859 603 2921 concitat.
647 2860 726 2921 Mox
753 2862 964 2942 aPerpeoaa
996 2860 1137 2923 domitus
1167 2872 1200 2924 et
1221 2857 1320 2924 cra-'6

10 2950 17 2971 ²
48 2942 55 3021 J
92 2959 163 3019 tus,
197 2954 230 3007 et
254 2963 315 3026 per
345 2941 545 3005 deditionem
572 2940 605 3003 in
627 2941 765 3002 vinculis
785 2942 928 3004 habitus.
973 2942 1123 3027 Aquilius
1144 2945 1320 3030 Asiaticip

64 2972 147 3097 delli
170 3025 325 3110 reliquias
347 3024 511 3097 confecit,
540 3022 649 3085 mixtis
676 3022 816 3106 (nefasi)
841 3020 967 3089 'veneno
989 3026 1136 3091 fontibus
1156 3024 1197 3086 ad
1219 3026 1281 3088 de-

67 3116 228 3179 ditionem
251 3106 453 3194 quarundam
475 3105 620 3168 urbium.
662 3107 755 3184 Quae
776 3129 839 3180 res,
862 3117 899 3171 ut
919 3117 1099 3185 maturam,
1122 3109 1166 3168 ita
1187 3108 1297 3171 tufa-a

46 3194 154 3265 {mem
175 3196 255 3257 fecit
274 3191 466 3257 victoriam:
491 3190 614 3274 quippe
636 3213 735 3273 quum
765 3200 880 3254 contra
907 3194 955 3254 fas
975 3195 1093 3267 Deum,
1108 3211 1281 3274 moresque

48 3281 255 3357 ..maiorum
285 3273 555 3338 medicaminibus
587 3273 747 3357 impuris,
783 3275 818 3337 in
848 3275 883 3339 id
916 3284 1045 3362 tempus
1077 3283 1300 3348 meronensis.

10 3380 22 3389 ’
69 3364 215 3428 Romane
236 3382 325 3423 arma
345 3356 510 3429 violasset,
575 3356 579 3369 '
