2834 4950
524 714 699 849 'It

263 902 342 979 oa
382 898 658 979 vnnrnro.
691 898 1079 980 sarnacum).
1130 884 1171 959 .’
1277 874 1283 1011 J

480 1033 874 1057 m

51 1132 159 1299 Do
179 1218 300 1284 Velleii
320 1220 386 1285 rita
411 1221 574 1306 rebusque
595 1222 693 1322 gestis
717 1229 751 1287 et
774 1221 906 1369 scriptis
931 1236 968 1284 ea
985 1227 1113 1286 tantum
1133 1219 1218 1305 scire
1237 1217 1290 1283 lt-

52 1318 144 1384 cet,·
158 1326 242 1389 quae
272 1305 343 1388 ipse
369 1301 411 1367 ds
440 1326 475 1368 se
495 1304 647 1389 scripsit,
670 1327 771 1391 quum
793 1328 837 1367 nu
850 1306 901 1368 lus
921 1304 1076 1375 veterum.
1090 1300 1291 1387 scriptorum

30 1408 34 1415 ’
57 1396 126 1455 cius
146 1390 246 1451 faciat
266 1387 483 1465 mentionem,
507 1410 573 1451 uno
596 1388 713 1453 Tacito
736 1398 895 1472 excepto,
952 1388 986 1452 ui
1006 1390 1095 1453 libro
1117 1389 1180 1451 111.
1205 1386 1291 1457 Anu,

57 1458 130 1558 ca'p.
151 1470 203 1557 39.
246 1470 286 1533 P.
308 1468 474 1535 Velleium
493 1471 677 1556 praesidem
700 1472 861 1537 exercitus
880 1411 971 1535 Pali
994 1472 1157 1557 popolim,
1182 1470 1295 1533 Thra-

57 1559 129 1619 ciae
148 1557 285 1629 urbem,
306 1554 347 1616 ab
370 1550 544 1619 obsidione
562 1555 718 1618 liberasse
741 1564 872 1630 namet,
904 1494 1031 1641 deluo
1051 1564 1161 1617 tamen
1180 1554 1296 1619 ambi.-

51 1641 165 1727 gitur,
194 1640 338 1701 fueritne
368 1636 546 1700 historicus
570 1648 703 1712 noster,
726 1662 767 1700 an
791 1638 861 1700 eius
880 1634 985 1721 pater.
1027 1636 1165 1705 Praeter
1186 1636 1294 1699 Taci-

52 1734 126 1786 tum
146 1720 332 1784 Priscianus
358 1723 587 1805 grammaticus
614 1720 673 1783 lib.
697 1721 757 1783 Vl.
781 1723 932 1807 exiguum
953 1741 972 1783 e
992 1718 1113 1785 Vellcii
1133 1720 1295 1805 historiaq

52 1806 145 1869 libro
200 1806 291 1886 rimo·
317 1802 488 1886 deperdito
519 1805 737 1889 fragmentum
770 1804 920 1868 servavit.
973 1802 1188 1875 Memorabile
1224 1812 1293 1879 est,

53 1899 124 1952 tam
151 1825 327 1950 obscurum
360 1884 479 1949 Velleii
508 1909 644 1962 nomen,
679 1908 787 1950 raram
814 1889 883 1950 eius
903 1888 1102 1951 mentionem
1122 1886 1187 1949 iam
1207 1886 1296 1971 apud

53 1982 183 2036 veteres
203 1972 402 2054 scriptores,
425 1970 558 2055 eiusque
580 1993 662 2053 opus
682 1970 770 2032 haud
791 1970 990 2033 celebratum
1012 1993 1090 2035 esse.
1127 1971 1226 2045 Cuius
1244 1970 1296 2032 rei

56 2076 182 2119 caussas
198 2056 231 2116 in
247 2055 317 2136 ipso
329 2055 492 2137 scriptore
503 2053 636 2200 eiusqsne
645 2054 733 2117 libro
745 2075 891 2138 quaeras.
904 2056 933 2115 N
936 2056 1012 2117 imis
1023 2054 1119 2116 laude
1128 2052 1294 2128 Seianum,

55 2140 210 2201 infamem
232 2137 324 2199 illum
344 2137 565 2221 nequitiarum
610 2138 830 2200 iberianarum
845 2139 1042 2213 ministrum,
1058 2138 1204 2200 Velleius
1223 2159 1297 2199 sus-

55 2222 146 2286 tulit.
196 2221 278 2283 Post
305 2219 405 2281 buins
435 2220 500 2283 riri
537 2220 765 2283 scelestissimi
790 2221 989 2305 supplicium
1026 2221 1176 2321 aequales
1208 2230 1296 2285 metu

55 2304 165 2369 coacti
188 2304 374 2377 Velleium‚
397 2312 566 2370 auctorem
585 2306 694 2367 tantae
713 2303 838 2379 laudis,
860 2326 901 2367 ne
922 2306 956 2368 in
982 2302 1110 2368 Tiberii
1132 2304 1298 2386 suspicio-

54 2411 133 2451 nem
154 2385 358 2461 inciderent,
378 2395 589 2469 spreserunt,
617 2398 706 2450 certe
726 2386 901 2466 lectionem
933 2389 1022 2462 eius,
1053 2397 1089 2450 ut
1119 2387 1298 2471 periculo—

55 2494 147 2547 sam,
170 2469 478 2551 reformidaverunt.
520 2471 630 2533 Nimia
651 2469 768 2533 deiude
790 2470 978 2535 adulatione
998 2471 1170 2534 Tiberium
1190 2472 1322 2554 ipsum

55 2564 252 2639 prosecutus
283 2561 342 2615 est.
385 2555 460 2633 Quo
489 2563 646 2633 mortuo,
677 2554 804 2639 posteri
835 2576 907 2618 eum
929 2556 1126 2639 scriptorem
1147 2552 1299 2633 detestati

56 2648 150 2711 sunt,
174 2639 230 2723 qui
252 2644 318 2699 tam
342 2635 565 2710 detestabilem
591 2632 830 2721 Imperatorem
852 2637 926 2720 plus
947 2660 1050 2723 aequo
1071 2638 1206 2701 laudare
1226 2661 1300 2722 po-

59 2722 173 2782 tuerit.
216 2720 266 2782 lta
286 2721 409 2781 factum
431 2741 498 2782 essa
518 2719 671 2795 ridetur,
698 2730 734 2783 ut
758 2720 877 2784 Velleii
898 2721 1038 2784 historia
1057 2721 1296 2806 negligeretur,

62 2825 141 2871 raro
163 2826 181 2863 a
199 2802 344 2865 librariis
365 2801 618 2867 describeretur.
662 2804 776 2888 Neque
796 2814 903 2868 tamen
924 2805 1019 2888 plane
1035 2813 1218 2867 contemtus
1239 2815 1298 2880 est,

59 2886 212 2969 mitigato
242 2886 370 2947 Tiberii
402 2885 502 2956 odio,
535 2895 568 2946 et
598 2886 738 2971 cognitis
763 2888 934 2969 scriptoris
965 2888 1069 2950 nostri
1100 2887 1297 2961 virtutihus,

61 2980 95 3032 et
117 2968 387 3039 studiosissimum
409 2969 570 3030 aemulum
591 2979 704 3032 nactus
727 2978 774 3032 est
793 2970 975 3053 Sulpicium
995 2972 1173 3044 Severum,
1194 2970 1301 3032 homi·
1383 3006 1394 3015 ·

58 3075 136 3119 nem
166 3052 407 3127 Christianum,
436 3060 469 3112 et
498 3052 638 3115 Neronis
669 3062 775 3115 aetate
805 3054 952 3115 Lucanus
978 3059 1077 3135 potita
1102 3052 1301 3137 quaedama

61 3138 188 3199 Nostro
218 3144 383 3198 mutuatus
414 3142 472 3197 est.
516 3135 630 3197 Vitam
653 3134 774 3217 Velleii
794 3157 858 3219 pro
881 3142 1068 3216 temporum
1088 3137 1216 3198 ratione
1237 3159 1301 3199 ao-

59 3220 266 3283 curatissime
293 3219 438 3303 primum
470 3218 634 3303 disposuit
663 3219 824 3282 Henricus
854 3216 1061 3295 Dodwellus,
1091 3218 1234 3305 Anglus,
1267 3221 1301 3282 in

59 3302 242 3366 Annalibus
264 3301 458 3377 Velleianis,
482 3325 499 3365 e
522 3304 640 3386 quibus
660 3301 741 3364 haec
763 3310 916 3388 excerpta
940 3312 1034 3367 sunt:
1059 3305 1203 3368 Maiores
1219 3302 1302 3365 Vel-

59 3386 119 3449 leii
142 3388 264 3471 partim
294 3388 420 3468 Capua,
449 3388 573 3469 partim
593 3385 732 3460 Asculo,
762 3389 883 3471 partim
904 3385 1043 3471 Neapoli
1065 3396 1157 3451 ortos
1179 3388 1299 3464 fuisse,

62 3468 132 3552 ipse
153 3479 277 3533 narrat.
319 3472 411 3551 Quae
433 3472 501 3532 eius
521 3471 628 3553 patria
649 3469 771 3543 fuerit,
797 3472 980 3554 ignoratur.
1022 3472 1124 3533 Natus
1148 3480 1197 3533 est
1215 3493 1300 3533 anno

63 3554 108 3633 U.
133 3549 206 3639 735.
233 3555 275 3635 Q.
301 3554 456 3617 Lucretio
488 3554 590 3615 Cinna
624 3561 656 3615 et
688 3552 723 3614 (Ξ.
751 3551 865 3615 Sentio
893 3554 1074 3615 Saturnino·
1107 3555 1196 3617 Coss.
1225 3555 1247 3615 i.
1270 3576 1300 3616 e.

65 3656 105 3714 no
137 3658 244 3710 anno,
277 3660 342 3721 quo
374 3637 412 3699 P.
446 3636 608 3723 Virgilius
635 3637 729 3698 Maro
758 3647 898 3699 mortem
921 3635 1026 3709 obiit,
1049 3636 1117 3717 sire
1138 3658 1168 3697 a.
1192 3658 1239 3724 19.
1266 3659 1303 3719 p.

64 3719 144 3782 Chr.
166 3740 199 3790 u.
224 3718 318 3781 Anno
340 3721 383 3782 U.
410 3720 484 3807 749.
507 3729 617 3804 togam
638 3718 767 3781 virilem
790 3721 904 3783 sumsit
927 3727 960 3780 et
986 3719 1099 3782 aetatis
1120 3718 1195 3779 XV.
1216 3741 1302 3783 anuo

62 3801 220 3881 incbqato
242 3802 379 3864 militiae
401 3804 560 3885 equestris
584 3801 775 3865 tirocinium
802 3802 888 3881 iniit.
931 3802 1079 3865 Primum
1108 3803 1305 3886 praefectu-

63 3905 132 3965 ram¹
156 3884 317 3970 subortis,
334 3886 451 3949 deinde
467 3887 670 3949 tribunatum
684 3884 984 3966 accepit‚'adsumto
1003 3884 1179 3967 laticlavio.
1206 3885 1302 3948 Anno

63 3969 108 4029 U.
132 3963 206 4051 753.
225 3970 345 4055 Caium
363 3971 550 4043 Caesarem,
571 3969 675 4031 Iuliae
695 3966 818 4041 filium,
840 3968 875 4030 in
895 3969 1065 4045 Parthiam
1086 3979 1213 4039 secutus
1235 3976 1301 4045 est,
1381 4000 1384 4005 ·

68 4058 100 4111 et
119 4051 253 4135 interfui
258 4060 281 4129 t,
327 4076 405 4135 uum
425 4052 482 4115 ille
496 4075 570 4115 cum
584 4073 660 4139 rege
673 4050 873 4114 Parthorum
887 4052 922 4114 in
935 4044 1113 4135 Euphratis
1127 4054 1198 4135 ripa
1214 4074 1304 4115 cou-

67 4133 258 4218 grederetur
276 4076 356 4219 ¹(ll,
391 4139 488 4219 rou).
531 4134 581 4198 Ex
609 4135 777 4201 tribunatu
802 4134 989 4207 Praefectus
1011 4136 1158 4221 cq'uitum
1177 4138 1303 4211 factus,

69 4233 142 4276 cum
161 4214 313 4303 Tiberio,
337 4220 376 4282 ab
402 4214 548 4305 Angusto
571 4218 727 4303 adoptato
748 4240 779 4279 a.
792 4218 836 4280 U.
854 4215 925 4305 757ss
947 4218 982 4281 in
997 4219 1202 4281 Germaniam
1217 4238 1304 4298 pro-

66 4296 171 4360 fectus
194 4311 243 4366 cst
267 4311 300 4363 et
318 4324 377 4385 per
398 4303 589 4365 continuum
609 4301 803 4363 novennium
829 4308 969 4387 patrono
991 4322 1049 4362 suo
1065 4300 1180 4363 adfuit.
1208 4300 1302 4363 Falsa

64 4382 245 4447 verborum
277 4385 507 4447 coniunctione
538 4385 690 4468 ‹leceptus
720 4384 790 4463 (ll,
819 4388 921 4466 164),
955 4383 1143 4447 Dodwellus
1175 4384 1303 4447 inanem

64 4467 171 4545 movit
204 4470 425 4550 quaestionem
457 4468 497 4529 ‹lc
527 4476 709 4531 castrorum
729 4468 918 4541 tribunatu,
944 4468 998 4550 qui
1022 4466 1128 4531 nullus
1150 4489 1301 4568 umquam

66 4549 202 4611 exstitit.
246 4550 388 4631 Iteratur
411 4551 519 4614 fabula
550 4572 568 4613 a
593 4538 734 4623 Cludio,
759 4546 878 4617 Vellcii
907 4551 1034 4614 editore
1055 4553 1301 4623 recentissimo,
