<?xml version="1.0" encoding="UTF-8"?>
<!DOCTYPE html PUBLIC "-//W3C//DTD XHTML 1.0 Transitional//EN"
    "http://www.w3.org/TR/xhtml1/DTD/xhtml1-transitional.dtd">
<html xmlns="http://www.w3.org/1999/xhtml" xml:lang="en" lang="en">
 <head>
  <title>
</title>
<meta http-equiv="Content-Type" content="text/html;charset=utf-8" />
  <meta name='ocr-system' content='tesseract 3.04.00' />
  <meta name='ocr-capabilities' content='ocr_page ocr_carea ocr_par ocr_line ocrx_word'/>
</head>
<body>
  <div class='ocr_page' id='page_1' title='image "./scriptoreshisto00fiedgoog_0279.png"; bbox 0 0 2850 4958; ppageno 0'>
   <div class='ocr_carea' id='block_1_1' title="bbox 172 264 1129 363">
    <p class='ocr_par' dir='ltr' id='par_1_1' title="bbox 172 264 1129 363">
     <span class='ocr_line' id='line_1_1' title="bbox 172 264 1129 363; baseline -0.016 0"><span class='ocrx_word' id='word_1_1' title='bbox 172 282 248 363; x_wconf 76' lang='lat' dir='ltr'><strong>abo</strong></span> <span class='ocrx_word' id='word_1_2' title='bbox 437 272 636 363; x_wconf 67' lang='lat' dir='ltr'><strong>SEXTUS</strong></span> <span class='ocrx_word' id='word_1_3' title='bbox 661 268 908 351; x_wconf 76' lang='lat' dir='ltr'><strong>AUREUUS</strong></span> <span class='ocrx_word' id='word_1_4' title='bbox 937 264 1129 349; x_wconf 75' lang='lat' dir='ltr'><strong>VlGl&#39;OR</strong></span> 
     </span>
    </p>
   </div>
   <div class='ocr_carea' id='block_1_2' title="bbox 521 434 1087 633">
    <p class='ocr_par' dir='ltr' id='par_1_2' title="bbox 521 434 1087 633">
     <span class='ocr_line' id='line_1_2' title="bbox 579 434 1087 503; baseline -0.004 -2"><span class='ocrx_word' id='word_1_5' title='bbox 579 434 804 502; x_wconf 85' lang='lat' dir='ltr'><strong>CAPUT</strong></span> <span class='ocrx_word' id='word_1_6' title='bbox 846 438 968 503; x_wconf 79' lang='lat' dir='ltr'><strong>mv.</strong></span> <span class='ocrx_word' id='word_1_7' title='bbox 1083 438 1087 447; x_wconf 91' lang='lat'>&#39;</span> 
     </span>
     <span class='ocr_line' id='line_1_3' title="bbox 521 570 1038 633; baseline 0.002 -17"><span class='ocrx_word' id='word_1_8' title='bbox 521 570 738 619; x_wconf 79' lang='lat' dir='ltr'><strong>suasurus</strong></span> <span class='ocrx_word' id='word_1_9' title='bbox 768 570 1038 633; x_wconf 77' lang='lat' dir='ltr'><strong>auuxaspu.</strong></span> 
     </span>
    </p>
   </div>
   <div class='ocr_carea' id='block_1_3' title="bbox 167 698 1374 875">
    <p class='ocr_par' dir='ltr' id='par_1_3' title="bbox 167 698 1374 875">
     <span class='ocr_line' id='line_1_4' title="bbox 208 698 1374 794; baseline -0.003 -24"><span class='ocrx_word' id='word_1_10' title='bbox 208 706 391 794; x_wconf 72' lang='lat' dir='ltr'><strong>Statimque</strong></span> <span class='ocrx_word' id='word_1_11' title='bbox 410 703 547 774; x_wconf 82' lang='lat' dir='ltr'><strong>Aurelio</strong></span> <span class='ocrx_word' id='word_1_12' title='bbox 569 704 773 782; x_wconf 80' lang='lat' dir='ltr'><strong>Alexandro,</strong></span> <span class='ocrx_word' id='word_1_13' title='bbox 794 704 911 790; x_wconf 76' lang='lat' dir='ltr'><strong>Syriae</strong></span> <span class='ocrx_word' id='word_1_14' title='bbox 933 715 1030 782; x_wconf 81' lang='lat' dir='ltr'><strong>orto,</strong></span> <span class='ocrx_word' id='word_1_15' title='bbox 1053 703 1107 767; x_wconf 92' lang='lat' dir='ltr'><strong>cui</strong></span> <span class='ocrx_word' id='word_1_16' title='bbox 1129 698 1278 786; x_wconf 77' lang='lat' dir='ltr'><strong>duplex,</strong></span> <span class='ocrx_word' id='word_1_17' title='bbox 1303 701 1374 767; x_wconf 83' lang='lat' dir='ltr'><strong>Cac-</strong></span> 
     </span>
     <span class='ocr_line' id='line_1_5' title="bbox 167 786 1372 875; baseline -0.004 -21"><span class='ocrx_word' id='word_1_18' title='bbox 167 812 259 856; x_wconf 84' lang='lat' dir='ltr'><strong>sarca</strong></span> <span class='ocrx_word' id='word_1_19' title='bbox 283 803 316 854; x_wconf 89' lang='lat' dir='ltr'><strong>ct</strong></span> <span class='ocrx_word' id='word_1_20' title='bbox 335 793 442 868; x_wconf 87' lang='lat' dir='ltr'><strong>Arca,</strong></span> <span class='ocrx_word' id='word_1_21' title='bbox 463 810 584 853; x_wconf 90' lang='lat' dir='ltr'><strong>nomen</strong></span> <span class='ocrx_word' id='word_1_22' title='bbox 611 798 676 865; x_wconf 85' lang='lat' dir='ltr'><strong>est,</strong></span> <span class='ocrx_word' id='word_1_23' title='bbox 698 788 862 855; x_wconf 86' lang='lat' dir='ltr'><strong>&#39;militibus</strong></span> <span class='ocrx_word' id='word_1_24' title='bbox 881 812 947 875; x_wconf 92' lang='lat' dir='ltr'><strong>quo</strong></span> <span class='ocrx_word' id='word_1_25' title='bbox 974 809 1014 852; x_wconf 92' lang='lat' dir='ltr'><strong>ue</strong></span> <span class='ocrx_word' id='word_1_26' title='bbox 1035 786 1286 861; x_wconf 72' lang='lat' dir='ltr'><strong>adnitentibus,</strong></span> <span class='ocrx_word' id='word_1_27' title='bbox 1307 787 1372 849; x_wconf 86' lang='lat' dir='ltr'><strong>Aa·</strong></span> 
     </span>
    </p>
   </div>
   <div class='ocr_carea' id='block_1_4' title="bbox 127 811 1375 1105">
    <p class='ocr_par' dir='ltr' id='par_1_4' title="bbox 127 811 1375 1105">
     <span class='ocr_line' id='line_1_6' title="bbox 127 811 1372 963; baseline -0.008 -20"><span class='ocrx_word' id='word_1_28' title='bbox 127 876 255 963; x_wconf 69' lang='lat' dir='ltr'><strong>agusti</strong></span> <span class='ocrx_word' id='word_1_29' title='bbox 275 875 424 960; x_wconf 89' lang='lat' dir='ltr'><strong>potentia</strong></span> <span class='ocrx_word' id='word_1_30' title='bbox 445 871 564 936; x_wconf 89' lang='lat' dir='ltr'><strong>delata.</strong></span> <span class='ocrx_word' id='word_1_31' title='bbox 606 871 695 953; x_wconf 89' lang='lat' dir='ltr'><strong>Qui,</strong></span> <span class='ocrx_word' id='word_1_32' title='bbox 717 895 913 959; x_wconf 88' lang='lat' dir='ltr'><strong>quamquam</strong></span> <span class='ocrx_word' id='word_1_33' title='bbox 934 811 1145 947; x_wconf 75' lang='lat' dir='ltr'><strong>adolescens,</strong></span> <span class='ocrx_word' id='word_1_34' title='bbox 1167 871 1303 955; x_wconf 76' lang='lat' dir='ltr'><strong>ingenio</strong></span> <span class='ocrx_word' id='word_1_35' title='bbox 1318 892 1372 933; x_wconf 86' lang='lat' dir='ltr'><strong>su·</strong></span> 
     </span>
     <span class='ocr_line' id='line_1_7' title="bbox 167 953 1375 1105; baseline -0.005 -82"><span class='ocrx_word' id='word_1_36' title='bbox 167 980 228 1105; x_wconf 59' lang='lat' dir='ltr'><strong>ppo</strong></span> <span class='ocrx_word' id='word_1_37' title='bbox 251 981 364 1023; x_wconf 83' lang='lat' dir='ltr'><strong>aarum</strong></span> <span class='ocrx_word' id='word_1_38' title='bbox 388 967 516 1033; x_wconf 89' lang='lat' dir='ltr'><strong>tamen,</strong></span> <span class='ocrx_word' id='word_1_39' title='bbox 547 956 721 1019; x_wconf 90' lang='lat' dir='ltr'><strong>confestim</strong></span> <span class='ocrx_word' id='word_1_40' title='bbox 741 964 900 1042; x_wconf 84' lang='lat' dir='ltr'><strong>apparatu</strong></span> <span class='ocrx_word' id='word_1_41' title='bbox 920 978 1038 1042; x_wconf 79' lang='lat' dir='ltr'><strong>magno</strong></span> <span class='ocrx_word' id='word_1_42' title='bbox 1065 954 1191 1017; x_wconf 89' lang='lat' dir='ltr'><strong>bellum</strong></span> <span class='ocrx_word' id='word_1_43' title='bbox 1215 953 1375 1018; x_wconf 83' lang='lat' dir='ltr'><strong>adversum</strong></span> 
     </span>
    </p>
   </div>
   <div class='ocr_carea' id='block_1_5' title="bbox 44 1036 1419 3298">
    <p class='ocr_par' dir='ltr' id='par_1_5' title="bbox 44 1036 1419 3298">
     <span class='ocr_line' id='line_1_8' title="bbox 200 1036 1378 1126; baseline -0.008 -19"><span class='ocrx_word' id='word_1_44' title='bbox 200 1064 334 1119; x_wconf 85' lang='lat' dir='ltr'><strong>crxem,</strong></span> <span class='ocrx_word' id='word_1_45' title='bbox 355 1040 529 1105; x_wconf 86' lang='lat' dir='ltr'><strong>Persarum</strong></span> <span class='ocrx_word' id='word_1_46' title='bbox 550 1061 677 1124; x_wconf 76' lang='lat' dir='ltr'><strong>regem,</strong></span> <span class='ocrx_word' id='word_1_47' title='bbox 700 1051 827 1105; x_wconf 82' lang='lat' dir='ltr'><strong>movet:</strong></span> <span class='ocrx_word' id='word_1_48' title='bbox 851 1063 917 1126; x_wconf 94' lang='lat' dir='ltr'><strong>quo</strong></span> <span class='ocrx_word' id='word_1_49' title='bbox 939 1042 1012 1104; x_wconf 87' lang='lat' dir='ltr'><strong>fuso</strong></span> <span class='ocrx_word' id='word_1_50' title='bbox 1034 1040 1244 1124; x_wconf 75' lang='lat' dir='ltr'><strong>fugatoque,</strong></span> <span class='ocrx_word' id='word_1_51' title='bbox 1266 1037 1297 1099; x_wconf 89' lang='lat' dir='ltr'><strong>iu</strong></span> <span class='ocrx_word' id='word_1_52' title='bbox 1311 1036 1378 1099; x_wconf 81' lang='lat' dir='ltr'><strong>Gal·</strong></span> 
     </span>
     <span class='ocr_line' id='line_1_9' title="bbox 167 1119 1377 1208; baseline -0.005 -19"><span class='ocrx_word' id='word_1_53' title='bbox 167 1125 246 1189; x_wconf 88' lang='lat' dir='ltr'><strong>liam</strong></span> <span class='ocrx_word' id='word_1_54' title='bbox 283 1124 476 1188; x_wconf 78' lang='lat' dir='ltr'><strong>maturrime</strong></span> <span class='ocrx_word' id='word_1_55' title='bbox 514 1124 705 1200; x_wconf 81' lang='lat' dir='ltr'><strong>contendit,</strong></span> <span class='ocrx_word' id='word_1_56' title='bbox 745 1144 829 1208; x_wconf 89' lang='lat' dir='ltr'><strong>quaa</strong></span> <span class='ocrx_word' id='word_1_57' title='bbox 863 1126 1103 1187; x_wconf 80' lang='lat' dir='ltr'><strong>Germanorum</strong></span> <span class='ocrx_word' id='word_1_58' title='bbox 1139 1119 1377 1205; x_wconf 85' lang='lat' dir='ltr'><strong>direptionibus</strong></span> 
     </span>
     <span class='ocr_line' id='line_1_10' title="bbox 125 1203 1379 1293; baseline -0.003 -22"><span class='ocrx_word' id='word_1_59' title='bbox 125 1206 147 1283; x_wconf 66' lang='grc' dir='ltr'><strong><em>Ε</em></strong></span> <span class='ocrx_word' id='word_1_60' title='bbox 168 1210 365 1272; x_wconf 85' lang='lat' dir='ltr'><strong>tentabatur.</strong></span> <span class='ocrx_word' id='word_1_61' title='bbox 410 1206 462 1269; x_wconf 87' lang='lat' dir='ltr'><strong>Ibi</strong></span> <span class='ocrx_word' id='word_1_62' title='bbox 484 1205 718 1270; x_wconf 74' lang='lat' dir='ltr'><strong>tumultuantes</strong></span> <span class='ocrx_word' id='word_1_63' title='bbox 739 1207 904 1293; x_wconf 82' lang='lat' dir='ltr'><strong>legionum</strong></span> <span class='ocrx_word' id='word_1_64' title='bbox 924 1207 1098 1292; x_wconf 86' lang='lat' dir='ltr'><strong>plerasque</strong></span> <span class='ocrx_word' id='word_1_65' title='bbox 1123 1203 1379 1268; x_wconf 85' lang='lat' dir='ltr'><strong>constantissime</strong></span> 
     </span>
     <span class='ocr_line' id='line_1_11' title="bbox 126 1288 1379 1399; baseline -0.002 -46"><span class='ocrx_word' id='word_1_66' title='bbox 126 1291 305 1399; x_wconf 53' lang='lat' dir='ltr'><strong>&lt;abiecit3</strong></span> <span class='ocrx_word' id='word_1_67' title='bbox 328 1291 418 1376; x_wconf 91' lang='lat' dir='ltr'><strong>quod</strong></span> <span class='ocrx_word' id='word_1_68' title='bbox 440 1291 476 1352; x_wconf 93' lang='lat' dir='ltr'><strong>in</strong></span> <span class='ocrx_word' id='word_1_69' title='bbox 495 1312 648 1376; x_wconf 86' lang='lat' dir='ltr'><strong>praesens</strong></span> <span class='ocrx_word' id='word_1_70' title='bbox 671 1291 809 1376; x_wconf 81' lang='lat' dir='ltr'><strong>gloriae,</strong></span> <span class='ocrx_word' id='word_1_71' title='bbox 831 1313 908 1355; x_wconf 82' lang='lat' dir='ltr'><strong>mox</strong></span> <span class='ocrx_word' id='word_1_72' title='bbox 930 1291 1031 1361; x_wconf 85' lang='lat' dir='ltr'><strong>exitio</strong></span> <span class='ocrx_word' id='word_1_73' title='bbox 1053 1290 1177 1353; x_wconf 87' lang='lat' dir='ltr'><strong>datum.</strong></span> <span class='ocrx_word' id='word_1_74' title='bbox 1211 1288 1296 1349; x_wconf 82' lang='lat' dir='ltr'><strong>Nam</strong></span> <span class='ocrx_word' id='word_1_75' title='bbox 1310 1288 1379 1350; x_wconf 87' lang='lat' dir='ltr'><strong>dum</strong></span> 
     </span>
     <span class='ocr_line' id='line_1_12' title="bbox 166 1370 1378 1473; baseline -0.002 -36"><span class='ocrx_word' id='word_1_76' title='bbox 166 1384 275 1438; x_wconf 90' lang='lat' dir='ltr'><strong>tantae</strong></span> <span class='ocrx_word' id='word_1_77' title='bbox 299 1374 481 1439; x_wconf 83' lang='lat' dir='ltr'><strong>severitatis</strong></span> <span class='ocrx_word' id='word_1_78' title='bbox 508 1375 574 1437; x_wconf 82' lang='lat' dir='ltr'><strong>vim</strong></span> <span class='ocrx_word' id='word_1_79' title='bbox 604 1374 724 1438; x_wconf 88' lang='lat' dir='ltr'><strong>militas</strong></span> <span class='ocrx_word' id='word_1_80' title='bbox 746 1374 999 1451; x_wconf 84' lang='lat' dir='ltr'><strong>inhorrescunt,</strong></span> <span class='ocrx_word' id='word_1_81' title='bbox 1027 1372 1129 1473; x_wconf 71' lang='lat' dir='ltr'><strong>(unde</strong></span> <span class='ocrx_word' id='word_1_82' title='bbox 1150 1371 1257 1472; x_wconf 76' lang='lat' dir='ltr'><strong>etiam</strong></span> <span class='ocrx_word' id='word_1_83' title='bbox 1275 1370 1378 1434; x_wconf 79' lang='lat' dir='ltr'><strong>Severi</strong></span> 
     </span>
     <span class='ocr_line' id='line_1_13' title="bbox 44 1456 1377 1625; baseline -0.003 -20"><span class='ocrx_word' id='word_1_84' title='bbox 44 1534 48 1541; x_wconf 93' lang='lat'><em>·</em></span> <span class='ocrx_word' id='word_1_85' title='bbox 123 1456 1377 1625; x_wconf 57' lang='lat' dir='ltr'><strong>⁵tf?tittttttil‘ttlatttttlitt:“tftftlflltttt</strong></span> 
     </span>
     <span class='ocr_line' id='line_1_14' title="bbox 166 1623 1377 1711; baseline -0.001 -26"><span class='ocrx_word' id='word_1_86' title='bbox 166 1624 283 1689; x_wconf 90' lang='lat' dir='ltr'><strong>simum</strong></span> <span class='ocrx_word' id='word_1_87' title='bbox 305 1626 500 1711; x_wconf 87' lang='lat' dir='ltr'><strong>celebrcque</strong></span> <span class='ocrx_word' id='word_1_88' title='bbox 521 1625 699 1689; x_wconf 81' lang='lat' dir='ltr'><strong>fabricatus</strong></span> <span class='ocrx_word' id='word_1_89' title='bbox 721 1634 788 1703; x_wconf 83' lang='lat' dir='ltr'><strong>cst·,</strong></span> <span class='ocrx_word' id='word_1_90' title='bbox 810 1626 989 1711; x_wconf 87' lang='lat' dir='ltr'><strong>matrisque</strong></span> <span class='ocrx_word' id='word_1_91' title='bbox 1005 1625 1120 1698; x_wconf 85' lang='lat' dir='ltr'><strong>¹cultu,</strong></span> <span class='ocrx_word' id='word_1_92' title='bbox 1144 1643 1235 1709; x_wconf 89' lang='lat' dir='ltr'><strong>quae</strong></span> <span class='ocrx_word' id='word_1_93' title='bbox 1255 1623 1377 1684; x_wconf 90' lang='lat' dir='ltr'><strong>nomina</strong></span> 
     </span>
     <span class='ocr_line' id='line_1_15' title="bbox 123 1705 1376 1794; baseline -0.005 -22"><span class='ocrx_word' id='word_1_94' title='bbox 123 1707 344 1773; x_wconf 75' lang='lat' dir='ltr'><strong>GMammaea</strong></span> <span class='ocrx_word' id='word_1_95' title='bbox 367 1719 455 1784; x_wconf 88' lang='lat' dir='ltr'><strong>erat,</strong></span> <span class='ocrx_word' id='word_1_96' title='bbox 477 1708 550 1792; x_wconf 87' lang='lat' dir='ltr'><strong>plus</strong></span> <span class='ocrx_word' id='word_1_97' title='bbox 572 1724 669 1794; x_wconf 82' lang='lat' dir='ltr'><strong>quam</strong></span> <span class='ocrx_word' id='word_1_98' title='bbox 690 1710 777 1794; x_wconf 87' lang='lat' dir='ltr'><strong>pius.</strong></span> <span class='ocrx_word' id='word_1_99' title='bbox 821 1709 939 1773; x_wconf 88' lang='lat' dir='ltr'><strong>Adhuc</strong></span> <span class='ocrx_word' id='word_1_100' title='bbox 965 1708 1151 1772; x_wconf 84' lang='lat' dir='ltr'><strong>Domitium</strong></span> <span class='ocrx_word' id='word_1_101' title='bbox 1182 1705 1376 1790; x_wconf 85' lang='lat' dir='ltr'><strong>Ulpianum,</strong></span> 
     </span>
     <span class='ocr_line' id='line_1_16' title="bbox 165 1789 1377 1895; baseline -0.004 -41"><span class='ocrx_word' id='word_1_102' title='bbox 165 1814 264 1895; x_wconf 89' lang='lat' dir='ltr'><strong>quem</strong></span> <span class='ocrx_word' id='word_1_103' title='bbox 285 1792 384 1856; x_wconf 89' lang='lat' dir='ltr'><strong>Helio</strong></span> <span class='ocrx_word' id='word_1_104' title='bbox 409 1793 519 1858; x_wconf 84' lang='lat' dir='ltr'><strong>abolus</strong></span> <span class='ocrx_word' id='word_1_105' title='bbox 540 1793 759 1877; x_wconf 85' lang='lat' dir='ltr'><strong>praetorianis</strong></span> <span class='ocrx_word' id='word_1_106' title='bbox 779 1796 1005 1877; x_wconf 81' lang='lat' dir='ltr'><strong>praefecerat,</strong></span> <span class='ocrx_word' id='word_1_107' title='bbox 1031 1791 1145 1855; x_wconf 88' lang='lat' dir='ltr'><strong>eodem</strong></span> <span class='ocrx_word' id='word_1_108' title='bbox 1166 1789 1377 1869; x_wconf 78' lang='lat' dir='ltr'><strong>bonorare·</strong></span> 
     </span>
     <span class='ocr_line' id='line_1_17' title="bbox 88 1815 1419 1961; baseline -0.004 -23"><span class='ocrx_word' id='word_1_109' title='bbox 88 1887 93 1895; x_wconf 87' lang='lat'>&#39;</span> <span class='ocrx_word' id='word_1_110' title='bbox 165 1886 291 1953; x_wconf 80' lang='lat' dir='ltr'><strong>truens,</strong></span> <span class='ocrx_word' id='word_1_111' title='bbox 319 1815 503 1961; x_wconf 77' lang='lat' dir='ltr'><strong>Paulloque</strong></span> <span class='ocrx_word' id='word_1_112' title='bbox 531 1877 619 1939; x_wconf 87' lang='lat' dir='ltr'><strong>inter</strong></span> <span class='ocrx_word' id='word_1_113' title='bbox 642 1878 776 1940; x_wconf 81' lang='lat' dir='ltr'><strong>exordia</strong></span> <span class='ocrx_word' id='word_1_114' title='bbox 799 1878 926 1959; x_wconf 77' lang='lat' dir='ltr'><strong>patriae</strong></span> <span class='ocrx_word' id='word_1_115' title='bbox 947 1872 1100 1951; x_wconf 91' lang='lat' dir='ltr'><strong>reddito,</strong></span> <span class='ocrx_word' id='word_1_116' title='bbox 1122 1872 1210 1935; x_wconf 88' lang='lat' dir='ltr'><strong>iuris</strong></span> <span class='ocrx_word' id='word_1_117' title='bbox 1233 1872 1375 1937; x_wconf 79' lang='lat' dir='ltr'><strong>auuori-</strong></span> <span class='ocrx_word' id='word_1_118' title='bbox 1418 1938 1419 1946; x_wconf 8' lang='grc' dir='ltr'>χ</span> 
     </span>
     <span class='ocr_line' id='line_1_18' title="bbox 165 1955 1419 2045; baseline -0.004 -24"><span class='ocrx_word' id='word_1_119' title='bbox 165 1958 250 2035; x_wconf 92' lang='lat' dir='ltr'><strong>bus,</strong></span> <span class='ocrx_word' id='word_1_120' title='bbox 282 1971 422 2045; x_wconf 88' lang='lat' dir='ltr'><strong>quantus</strong></span> <span class='ocrx_word' id='word_1_121' title='bbox 453 1980 528 2043; x_wconf 75' lang='lat' dir='ltr'><strong>erga</strong></span> <span class='ocrx_word' id='word_1_122' title='bbox 561 1959 714 2041; x_wconf 85' lang='lat' dir='ltr'><strong>optimos.</strong></span> <span class='ocrx_word' id='word_1_123' title='bbox 736 1968 833 2043; x_wconf 87' lang='lat' dir='ltr'><strong>atque</strong></span> <span class='ocrx_word' id='word_1_124' title='bbox 854 1960 949 2044; x_wconf 88' lang='lat' dir='ltr'><strong>aequi</strong></span> <span class='ocrx_word' id='word_1_125' title='bbox 975 1958 1085 2023; x_wconf 90' lang='lat' dir='ltr'><strong>studio</strong></span> <span class='ocrx_word' id='word_1_126' title='bbox 1109 1966 1213 2032; x_wconf 89' lang='lat' dir='ltr'><strong>esset,</strong></span> <span class='ocrx_word' id='word_1_127' title='bbox 1242 1955 1372 2018; x_wconf 86' lang='lat' dir='ltr'><strong>edocuit.</strong></span> <span class='ocrx_word' id='word_1_128' title='bbox 1415 1959 1419 1998; x_wconf 68' lang='lat' dir='ltr'><strong>l</strong></span> 
     </span>
     <span class='ocr_line' id='line_1_19' title="bbox 124 2039 1373 2130; baseline -0.004 -25"><span class='ocrx_word' id='word_1_129' title='bbox 124 2042 282 2130; x_wconf 78' lang='lat' dir='ltr'><strong>piisque</strong></span> <span class='ocrx_word' id='word_1_130' title='bbox 301 2041 386 2106; x_wconf 89' lang='lat' dir='ltr'><strong>ultra</strong></span> <span class='ocrx_word' id='word_1_131' title='bbox 409 2048 511 2105; x_wconf 84' lang='lat' dir='ltr'><strong>annos</strong></span> <span class='ocrx_word' id='word_1_132' title='bbox 532 2044 692 2106; x_wconf 86' lang='lat' dir='ltr'><strong>tredecim</strong></span> <span class='ocrx_word' id='word_1_133' title='bbox 715 2042 856 2123; x_wconf 85' lang='lat' dir='ltr'><strong>imperio</strong></span> <span class='ocrx_word' id='word_1_134' title='bbox 879 2045 1029 2122; x_wconf 81' lang='lat' dir='ltr'><strong>functus,</strong></span> <span class='ocrx_word' id='word_1_135' title='bbox 1050 2039 1301 2126; x_wconf 88' lang='lat' dir='ltr'><strong>Rempublicam</strong></span> <span class='ocrx_word' id='word_1_136' title='bbox 1323 2060 1373 2101; x_wconf 88' lang='lat' dir='ltr'><strong>rc-</strong></span> 
     </span>
     <span class='ocr_line' id='line_1_20' title="bbox 125 2123 1370 2227; baseline -0.005 -37"><span class='ocrx_word' id='word_1_137' title='bbox 125 2126 268 2227; x_wconf 86' lang='lat' dir='ltr'><strong>8liquit</strong></span> <span class='ocrx_word' id='word_1_138' title='bbox 297 2123 457 2188; x_wconf 85' lang='lat' dir='ltr'><strong>firmatum</strong></span> <span class='ocrx_word' id='word_1_139' title='bbox 488 2124 644 2212; x_wconf 89' lang='lat' dir='ltr'><strong>undique.</strong></span> <span class='ocrx_word' id='word_1_140' title='bbox 689 2126 782 2206; x_wconf 87' lang='lat' dir='ltr'><strong>Quae</strong></span> <span class='ocrx_word' id='word_1_141' title='bbox 813 2126 878 2188; x_wconf 86' lang='lat' dir='ltr'><strong>iam</strong></span> <span class='ocrx_word' id='word_1_142' title='bbox 910 2135 978 2189; x_wconf 92' lang='lat' dir='ltr'><strong>tum</strong></span> <span class='ocrx_word' id='word_1_143' title='bbox 1001 2151 1018 2190; x_wconf 88' lang='lat' dir='ltr'><strong>a</strong></span> <span class='ocrx_word' id='word_1_144' title='bbox 1042 2127 1182 2191; x_wconf 82' lang='lat' dir='ltr'><strong>Romulo</strong></span> <span class='ocrx_word' id='word_1_145' title='bbox 1207 2123 1248 2186; x_wconf 92' lang='lat' dir='ltr'><strong>ad</strong></span> <span class='ocrx_word' id='word_1_146' title='bbox 1269 2123 1370 2206; x_wconf 88' lang='lat' dir='ltr'><strong>Septi·</strong></span> 
     </span>
     <span class='ocr_line' id='line_1_21' title="bbox 169 2208 1406 2284; baseline -0.003 -14"><span class='ocrx_word' id='word_1_147' title='bbox 169 2230 271 2271; x_wconf 76' lang='lat' dir='ltr'><strong>mium</strong></span> <span class='ocrx_word' id='word_1_148' title='bbox 298 2208 448 2271; x_wconf 86' lang='lat' dir='ltr'><strong>certatim</strong></span> <span class='ocrx_word' id='word_1_149' title='bbox 473 2208 604 2274; x_wconf 84' lang='lat' dir='ltr'><strong>evolans</strong></span> <span class='ocrx_word' id='word_1_150' title='bbox 633 2210 776 2272; x_wconf 75' lang='lat' dir='ltr'><strong>Bassiani</strong></span> <span class='ocrx_word' id='word_1_151' title='bbox 802 2210 969 2284; x_wconf 88' lang='lat' dir='ltr'><strong>consiliis,</strong></span> <span class='ocrx_word' id='word_1_152' title='bbox 999 2220 1061 2273; x_wconf 90' lang='lat' dir='ltr'><strong>tam</strong></span> <span class='ocrx_word' id='word_1_153' title='bbox 1088 2231 1161 2274; x_wconf 89' lang='lat' dir='ltr'><strong>uam</strong></span> <span class='ocrx_word' id='word_1_154' title='bbox 1192 2208 1229 2269; x_wconf 91' lang='lat' dir='ltr'><strong>in</strong></span> <span class='ocrx_word' id='word_1_155' title='bbox 1259 2225 1406 2269; x_wconf 57' lang='lat' dir='ltr'><strong>sumno¹&gt;</strong></span> 
     </span>
     <span class='ocr_line' id='line_1_22' title="bbox 126 2233 1370 2378; baseline -0.003 -25"><span class='ocrx_word' id='word_1_156' title='bbox 126 2291 328 2378; x_wconf 75' lang='lat' dir='ltr'><strong>qconstitit.</strong></span> <span class='ocrx_word' id='word_1_157' title='bbox 372 2292 447 2372; x_wconf 91' lang='lat' dir='ltr'><strong>Quo</strong></span> <span class='ocrx_word' id='word_1_158' title='bbox 469 2312 509 2353; x_wconf 91' lang='lat' dir='ltr'><strong>ne</strong></span> <span class='ocrx_word' id='word_1_159' title='bbox 530 2292 702 2357; x_wconf 80' lang='lat' dir='ltr'><strong>confestim</strong></span> <span class='ocrx_word' id='word_1_160' title='bbox 724 2292 912 2369; x_wconf 86' lang='lat' dir='ltr'><strong>laberetur,</strong></span> <span class='ocrx_word' id='word_1_161' title='bbox 935 2233 1111 2358; x_wconf 77' lang='lat' dir='ltr'><strong>Alexandri</strong></span> <span class='ocrx_word' id='word_1_162' title='bbox 1132 2294 1211 2375; x_wconf 85' lang='lat' dir='ltr'><strong>fuit.</strong></span> <span class='ocrx_word' id='word_1_163' title='bbox 1256 2290 1370 2352; x_wconf 78' lang='lat' dir='ltr'><strong>Abhinc</strong></span> 
     </span>
     <span class='ocr_line' id='line_1_23' title="bbox 168 2373 1372 2462; baseline -0.004 -23"><span class='ocrx_word' id='word_1_164' title='bbox 168 2375 245 2439; x_wconf 88' lang='lat' dir='ltr'><strong>dum</strong></span> <span class='ocrx_word' id='word_1_165' title='bbox 276 2373 468 2437; x_wconf 88' lang='lat' dir='ltr'><strong>dominandi</strong></span> <span class='ocrx_word' id='word_1_166' title='bbox 498 2375 583 2453; x_wconf 88' lang='lat' dir='ltr'><strong>suis,</strong></span> <span class='ocrx_word' id='word_1_167' title='bbox 619 2398 714 2462; x_wconf 89' lang='lat' dir='ltr'><strong>quam</strong></span> <span class='ocrx_word' id='word_1_168' title='bbox 747 2376 918 2461; x_wconf 79' lang='lat' dir='ltr'><strong>subigendi</strong></span> <span class='ocrx_word' id='word_1_169' title='bbox 952 2387 1122 2453; x_wconf 82' lang='lat' dir='ltr'><strong>externos,</strong></span> <span class='ocrx_word' id='word_1_170' title='bbox 1160 2374 1372 2458; x_wconf 82' lang='lat' dir='ltr'><strong>cupientiores</strong></span> 
     </span>
     <span class='ocr_line' id='line_1_24' title="bbox 168 2455 1419 2545; baseline -0.002 -22"><span class='ocrx_word' id='word_1_171' title='bbox 168 2469 267 2534; x_wconf 88' lang='lat' dir='ltr'><strong>snut,</strong></span> <span class='ocrx_word' id='word_1_172' title='bbox 301 2468 398 2541; x_wconf 88' lang='lat' dir='ltr'><strong>atque</strong></span> <span class='ocrx_word' id='word_1_173' title='bbox 420 2459 508 2541; x_wconf 89' lang='lat' dir='ltr'><strong>inter</strong></span> <span class='ocrx_word' id='word_1_174' title='bbox 528 2479 562 2523; x_wconf 88' lang='lat' dir='ltr'><strong>se</strong></span> <span class='ocrx_word' id='word_1_175' title='bbox 583 2469 752 2525; x_wconf 85' lang='lat' dir='ltr'><strong>armantur</strong></span> <span class='ocrx_word' id='word_1_176' title='bbox 763 2507 772 2535; x_wconf 90' lang='lat'><strong>,</strong></span> <span class='ocrx_word' id='word_1_177' title='bbox 804 2463 904 2545; x_wconf 81' lang='lat' dir='ltr'><strong>magis</strong></span> <span class='ocrx_word' id='word_1_178' title='bbox 934 2462 1115 2523; x_wconf 82' lang='lat' dir='ltr'><strong>Romanum</strong></span> <span class='ocrx_word' id='word_1_179' title='bbox 1145 2468 1270 2523; x_wconf 84' lang='lat' dir='ltr'><strong>statum</strong></span> <span class='ocrx_word' id='word_1_180' title='bbox 1292 2455 1372 2538; x_wconf 88' lang='lat' dir='ltr'><strong>quasi</strong></span> <span class='ocrx_word' id='word_1_181' title='bbox 1414 2463 1419 2521; x_wconf 92' lang='grc' dir='ltr'>Ι</span> 
     </span>
     <span class='ocr_line' id='line_1_25' title="bbox 168 2539 1419 2628; baseline 0.001 -23"><span class='ocrx_word' id='word_1_182' title='bbox 168 2544 310 2626; x_wconf 89' lang='lat' dir='ltr'><strong>abrupto</strong></span> <span class='ocrx_word' id='word_1_183' title='bbox 333 2541 604 2626; x_wconf 81' lang='lat' dir='ltr'><strong>praecipitavere,</strong></span> <span class='ocrx_word' id='word_1_184' title='bbox 628 2543 827 2627; x_wconf 89' lang='lat' dir='ltr'><strong>immissiqua</strong></span> <span class='ocrx_word' id='word_1_185' title='bbox 850 2545 882 2606; x_wconf 91' lang='lat' dir='ltr'><strong>in</strong></span> <span class='ocrx_word' id='word_1_186' title='bbox 905 2546 1079 2628; x_wconf 89' lang='lat' dir='ltr'><strong>imperium</strong></span> <span class='ocrx_word' id='word_1_187' title='bbox 1093 2547 1284 2628; x_wconf 86' lang='lat' dir='ltr'><strong>promiscue</strong></span> <span class='ocrx_word' id='word_1_188' title='bbox 1301 2539 1372 2603; x_wconf 87' lang='lat' dir='ltr'><strong>boni</strong></span> <span class='ocrx_word' id='word_1_189' title='bbox 1414 2546 1419 2606; x_wconf 85' lang='lat' dir='ltr'><strong>l</strong></span> 
     </span>
     <span class='ocr_line' id='line_1_26' title="bbox 127 2625 1419 2711; baseline 0 -21"><span class='ocrx_word' id='word_1_190' title='bbox 127 2627 339 2710; x_wconf 76' lang='lat' dir='ltr'><strong>aemulique,</strong></span> <span class='ocrx_word' id='word_1_191' title='bbox 358 2625 486 2696; x_wconf 86' lang='lat' dir='ltr'><strong>nobiles¹</strong></span> <span class='ocrx_word' id='word_1_192' title='bbox 509 2638 606 2711; x_wconf 86' lang='lat' dir='ltr'><strong>atque</strong></span> <span class='ocrx_word' id='word_1_193' title='bbox 628 2627 810 2710; x_wconf 78' lang='lat' dir='ltr'><strong>ignobiles,</strong></span> <span class='ocrx_word' id='word_1_194' title='bbox 840 2650 878 2690; x_wconf 85' lang='lat' dir='ltr'><strong>ac</strong></span> <span class='ocrx_word' id='word_1_195' title='bbox 897 2630 1071 2692; x_wconf 84' lang='lat' dir='ltr'><strong>barbariae</strong></span> <span class='ocrx_word' id='word_1_196' title='bbox 1099 2629 1209 2691; x_wconf 89' lang='lat' dir='ltr'><strong>multi.</strong></span> <span class='ocrx_word' id='word_1_197' title='bbox 1255 2626 1372 2708; x_wconf 82' lang='lat' dir='ltr'><strong>Quippe</strong></span> <span class='ocrx_word' id='word_1_198' title='bbox 1414 2637 1419 2690; x_wconf 83' lang='lat' dir='ltr'><strong>t</strong></span> 
     </span>
     <span class='ocr_line' id='line_1_27' title="bbox 167 2708 1419 2794; baseline -0.002 -22"><span class='ocrx_word' id='word_1_199' title='bbox 167 2710 224 2772; x_wconf 87' lang='lat' dir='ltr'><strong>ubi</strong></span> <span class='ocrx_word' id='word_1_200' title='bbox 245 2710 364 2791; x_wconf 87' lang='lat' dir='ltr'><strong>passim</strong></span> <span class='ocrx_word' id='word_1_201' title='bbox 385 2711 586 2794; x_wconf 81' lang='lat' dir='ltr'><strong>confusaque</strong></span> <span class='ocrx_word' id='word_1_202' title='bbox 611 2711 741 2785; x_wconf 88' lang='lat' dir='ltr'><strong>omnia,</strong></span> <span class='ocrx_word' id='word_1_203' title='bbox 769 2732 877 2794; x_wconf 86' lang='lat' dir='ltr'><strong>neque</strong></span> <span class='ocrx_word' id='word_1_204' title='bbox 897 2734 956 2774; x_wconf 90' lang='lat' dir='ltr'><strong>suo</strong></span> <span class='ocrx_word' id='word_1_205' title='bbox 980 2715 1132 2775; x_wconf 89' lang='lat' dir='ltr'><strong>feruntur</strong></span> <span class='ocrx_word' id='word_1_206' title='bbox 1154 2709 1279 2784; x_wconf 90' lang='lat' dir='ltr'><strong>modo,</strong></span> <span class='ocrx_word' id='word_1_207' title='bbox 1302 2708 1372 2793; x_wconf 84' lang='lat' dir='ltr'><strong>qui·</strong></span> <span class='ocrx_word' id='word_1_208' title='bbox 1416 2716 1419 2724; x_wconf 66' lang='lat'><strong>⁴</strong></span> 
     </span>
     <span class='ocr_line' id='line_1_28' title="bbox 168 2793 1373 2878; baseline 0.001 -25"><span class='ocrx_word' id='word_1_209' title='bbox 168 2814 232 2876; x_wconf 91' lang='lat' dir='ltr'><strong>que</strong></span> <span class='ocrx_word' id='word_1_210' title='bbox 253 2795 300 2855; x_wconf 87' lang='lat' dir='ltr'><strong>fas</strong></span> <span class='ocrx_word' id='word_1_211' title='bbox 320 2801 460 2875; x_wconf 88' lang='lat' dir='ltr'><strong>putant,</strong></span> <span class='ocrx_word' id='word_1_212' title='bbox 482 2795 531 2856; x_wconf 92' lang='lat' dir='ltr'><strong>uti</strong></span> <span class='ocrx_word' id='word_1_213' title='bbox 552 2815 614 2877; x_wconf 89' lang='lat' dir='ltr'><strong>per</strong></span> <span class='ocrx_word' id='word_1_214' title='bbox 634 2793 788 2869; x_wconf 87' lang='lat' dir='ltr'><strong>turbam,</strong></span> <span class='ocrx_word' id='word_1_215' title='bbox 810 2816 926 2878; x_wconf 87' lang='lat' dir='ltr'><strong>rapere</strong></span> <span class='ocrx_word' id='word_1_216' title='bbox 947 2794 1051 2859; x_wconf 87' lang='lat' dir='ltr'><strong>aliana</strong></span> <span class='ocrx_word' id='word_1_217' title='bbox 1073 2795 1199 2870; x_wconf 89' lang='lat' dir='ltr'><strong>officia,</strong></span> <span class='ocrx_word' id='word_1_218' title='bbox 1222 2814 1310 2878; x_wconf 88' lang='lat' dir='ltr'><strong>quae</strong></span> <span class='ocrx_word' id='word_1_219' title='bbox 1330 2812 1373 2854; x_wconf 81' lang='lat' dir='ltr'><strong>rr·</strong></span> 
     </span>
     <span class='ocr_line' id='line_1_29' title="bbox 167 2875 1374 2960; baseline -0.002 -23"><span class='ocrx_word' id='word_1_220' title='bbox 167 2896 244 2956; x_wconf 76' lang='lat' dir='ltr'><strong>gere</strong></span> <span class='ocrx_word' id='word_1_221' title='bbox 265 2884 442 2959; x_wconf 92' lang='lat' dir='ltr'><strong>nequeunt,</strong></span> <span class='ocrx_word' id='word_1_222' title='bbox 465 2885 498 2938; x_wconf 88' lang='lat' dir='ltr'><strong>et</strong></span> <span class='ocrx_word' id='word_1_223' title='bbox 518 2876 687 2941; x_wconf 81' lang='lat' dir='ltr'><strong>inscientia</strong></span> <span class='ocrx_word' id='word_1_224' title='bbox 709 2875 870 2941; x_wconf 86' lang='lat' dir='ltr'><strong>bonarum</strong></span> <span class='ocrx_word' id='word_1_225' title='bbox 892 2881 1012 2942; x_wconf 86' lang='lat' dir='ltr'><strong>artium</strong></span> <span class='ocrx_word' id='word_1_226' title='bbox 1032 2879 1129 2941; x_wconf 90' lang='lat' dir='ltr'><strong>foede</strong></span> <span class='ocrx_word' id='word_1_227' title='bbox 1151 2883 1374 2960; x_wconf 82' lang='lat' dir='ltr'><strong>corrumpunt.</strong></span> 
     </span>
     <span class='ocr_line' id='line_1_30' title="bbox 128 2959 1374 3045; baseline -0.003 -22"><span class='ocrx_word' id='word_1_228' title='bbox 128 2961 218 3023; x_wconf 78' lang='lat' dir='ltr'><strong>trita</strong></span> <span class='ocrx_word' id='word_1_229' title='bbox 239 2961 392 3023; x_wconf 83' lang='lat' dir='ltr'><strong>fortunae</strong></span> <span class='ocrx_word' id='word_1_230' title='bbox 412 2960 480 3033; x_wconf 82' lang='lat' dir='ltr'><strong>vis,</strong></span> <span class='ocrx_word' id='word_1_231' title='bbox 509 2961 674 3022; x_wconf 78' lang='lat' dir='ltr'><strong>licentiam</strong></span> <span class='ocrx_word' id='word_1_232' title='bbox 697 2970 812 3036; x_wconf 88' lang='lat' dir='ltr'><strong>nacta,</strong></span> <span class='ocrx_word' id='word_1_233' title='bbox 844 2963 1030 3045; x_wconf 88' lang='lat' dir='ltr'><strong>perniciosa</strong></span> <span class='ocrx_word' id='word_1_234' title='bbox 1056 2961 1200 3027; x_wconf 88' lang='lat' dir='ltr'><strong>libidine</strong></span> <span class='ocrx_word' id='word_1_235' title='bbox 1228 2959 1374 3024; x_wconf 85' lang='lat' dir='ltr'><strong>mortales</strong></span> 
     </span>
     <span class='ocr_line' id='line_1_31' title="bbox 167 3040 1372 3130; baseline -0.001 -25"><span class='ocrx_word' id='word_1_236' title='bbox 167 3043 254 3127; x_wconf 77' lang='lat' dir='ltr'><strong>agit:</strong></span> <span class='ocrx_word' id='word_1_237' title='bbox 289 3065 392 3129; x_wconf 88' lang='lat' dir='ltr'><strong>quaa,</strong></span> <span class='ocrx_word' id='word_1_238' title='bbox 421 3042 478 3104; x_wconf 90' lang='lat' dir='ltr'><strong>diu</strong></span> <span class='ocrx_word' id='word_1_239' title='bbox 503 3044 634 3127; x_wconf 79' lang='lat' dir='ltr'><strong>quidem</strong></span> <span class='ocrx_word' id='word_1_240' title='bbox 665 3046 809 3118; x_wconf 81' lang='lat' dir='ltr'><strong>virtute,</strong></span> <span class='ocrx_word' id='word_1_241' title='bbox 841 3044 1031 3119; x_wconf 80' lang='lat' dir='ltr'><strong>utimum,</strong></span> <span class='ocrx_word' id='word_1_242' title='bbox 1062 3045 1261 3130; x_wconf 86' lang='lat' dir='ltr'><strong>prohibita,</strong></span> <span class='ocrx_word' id='word_1_243' title='bbox 1285 3040 1372 3128; x_wconf 83' lang='lat' dir='ltr'><strong>post·</strong></span> 
     </span>
     <span class='ocr_line' id='line_1_32' title="bbox 168 3126 1374 3218; baseline 0.004 -31"><span class='ocrx_word' id='word_1_244' title='bbox 168 3148 265 3210; x_wconf 89' lang='lat' dir='ltr'><strong>quam</strong></span> <span class='ocrx_word' id='word_1_245' title='bbox 295 3146 398 3209; x_wconf 82' lang='lat' dir='ltr'><strong>paene</strong></span> <span class='ocrx_word' id='word_1_246' title='bbox 426 3147 536 3190; x_wconf 83' lang='lat' dir='ltr'><strong>onanes</strong></span> <span class='ocrx_word' id='word_1_247' title='bbox 559 3127 690 3212; x_wconf 80' lang='lat' dir='ltr'><strong>flagitiis</strong></span> <span class='ocrx_word' id='word_1_248' title='bbox 711 3129 838 3192; x_wconf 78' lang='lat' dir='ltr'><strong>subacti</strong></span> <span class='ocrx_word' id='word_1_249' title='bbox 858 3139 951 3207; x_wconf 82' lang='lat' dir='ltr'><strong>sunt,</strong></span> <span class='ocrx_word' id='word_1_250' title='bbox 982 3129 1081 3195; x_wconf 82' lang='lat' dir='ltr'><strong>etiem</strong></span> <span class='ocrx_word' id='word_1_251' title='bbox 1101 3126 1244 3193; x_wconf 75' lang='lat' dir='ltr'><strong>infirmis</strong></span> <span class='ocrx_word' id='word_1_252' title='bbox 1266 3142 1374 3218; x_wconf 71' lang='lat' dir='ltr'><strong>genart</strong></span> 
     </span>
     <span class='ocr_line' id='line_1_33' title="bbox 167 3207 719 3298; baseline 0.002 -26"><span class='ocrx_word' id='word_1_253' title='bbox 167 3210 385 3298; x_wconf 85' lang='lat' dir='ltr'><strong>institutoque</strong></span> <span class='ocrx_word' id='word_1_254' title='bbox 403 3207 540 3295; x_wconf 78' lang='lat' dir='ltr'><strong>publius</strong></span> <span class='ocrx_word' id='word_1_255' title='bbox 557 3213 719 3298; x_wconf 87' lang='lat' dir='ltr'><strong>permisit.</strong></span> 
     </span>
    </p>
   </div>
   <div class='ocr_carea' id='block_1_6' title="bbox 588 3389 962 3456">
    <p class='ocr_par' dir='ltr' id='par_1_6' title="bbox 588 3389 962 3456">
     <span class='ocr_line' id='line_1_34' title="bbox 588 3389 962 3456; baseline 0.003 -1"><span class='ocrx_word' id='word_1_256' title='bbox 588 3389 815 3455; x_wconf 84' lang='lat' dir='ltr'><strong>CAPUT</strong></span> <span class='ocrx_word' id='word_1_257' title='bbox 849 3392 962 3456; x_wconf 71' lang='lat' dir='ltr'><strong>XXV.</strong></span> 
     </span>
    </p>
   </div>
   <div class='ocr_carea' id='block_1_7' title="bbox 561 3525 998 3572">
    <p class='ocr_par' dir='ltr' id='par_1_7' title="bbox 561 3525 998 3572">
     <span class='ocr_line' id='line_1_35' title="bbox 561 3525 998 3572; baseline 0.005 -4"><span class='ocrx_word' id='word_1_258' title='bbox 561 3525 653 3572; x_wconf 68' lang='lat' dir='ltr'><strong>mlii·</strong></span> <span class='ocrx_word' id='word_1_259' title='bbox 676 3525 781 3570; x_wconf 74' lang='lat' dir='ltr'><strong>sumus</strong></span> <span class='ocrx_word' id='word_1_260' title='bbox 803 3526 998 3571; x_wconf 66' lang='lat' dir='ltr'><strong>mmmmd-</strong></span> 
     </span>
    </p>
   </div>
   <div class='ocr_carea' id='block_1_8' title="bbox 124 3654 1375 4079">
    <p class='ocr_par' dir='ltr' id='par_1_8' title="bbox 124 3654 1375 4079">
     <span class='ocr_line' id='line_1_36' title="bbox 206 3654 1374 3750; baseline 0.008 -30"><span class='ocrx_word' id='word_1_261' title='bbox 206 3656 354 3745; x_wconf 81' lang='lat' dir='ltr'><strong>Namque</strong></span> <span class='ocrx_word' id='word_1_262' title='bbox 375 3658 471 3722; x_wconf 84' lang='lat' dir='ltr'><strong>Caius</strong></span> <span class='ocrx_word' id='word_1_263' title='bbox 491 3654 594 3721; x_wconf 85' lang='lat' dir='ltr'><strong>Iulius</strong></span> <span class='ocrx_word' id='word_1_264' title='bbox 615 3656 830 3735; x_wconf 84' lang='lat' dir='ltr'><strong>Maximinus,</strong></span> <span class='ocrx_word' id='word_1_265' title='bbox 852 3657 1042 3745; x_wconf 85' lang='lat' dir='ltr'><strong>praesidens</strong></span> <span class='ocrx_word' id='word_1_266' title='bbox 1064 3658 1114 3723; x_wconf 90' lang='lat' dir='ltr'><strong>rei</strong></span> <span class='ocrx_word' id='word_1_267' title='bbox 1133 3657 1290 3742; x_wconf 81' lang='lat' dir='ltr'><strong>bellicae,</strong></span> <span class='ocrx_word' id='word_1_268' title='bbox 1311 3664 1374 3750; x_wconf 80' lang='lat' dir='ltr'><strong>pri·</strong></span> 
     </span>
     <span class='ocr_line' id='line_1_37' title="bbox 167 3740 1375 3830; baseline 0.004 -21"><span class='ocrx_word' id='word_1_269' title='bbox 167 3764 239 3815; x_wconf 80' lang='lat' dir='ltr'><strong>mus</strong></span> <span class='ocrx_word' id='word_1_270' title='bbox 260 3765 278 3807; x_wconf 88' lang='lat' dir='ltr'><strong>e</strong></span> <span class='ocrx_word' id='word_1_271' title='bbox 298 3743 516 3819; x_wconf 84' lang='lat' dir='ltr'><strong>militaribus,</strong></span> <span class='ocrx_word' id='word_1_272' title='bbox 544 3740 735 3813; x_wconf 86' lang='lat' dir='ltr'><strong>litterarum·</strong></span> <span class='ocrx_word' id='word_1_273' title='bbox 754 3744 826 3807; x_wconf 90' lang='lat' dir='ltr'><strong>fere</strong></span> <span class='ocrx_word' id='word_1_274' title='bbox 848 3744 959 3819; x_wconf 82' lang='lat' dir='ltr'><strong>sudis,</strong></span> <span class='ocrx_word' id='word_1_275' title='bbox 986 3744 1169 3827; x_wconf 86' lang='lat' dir='ltr'><strong>potentiam</strong></span> <span class='ocrx_word' id='word_1_276' title='bbox 1193 3750 1286 3830; x_wconf 88' lang='lat' dir='ltr'><strong>cepit</strong></span> <span class='ocrx_word' id='word_1_277' title='bbox 1306 3751 1375 3813; x_wconf 83' lang='lat' dir='ltr'><strong>suf-</strong></span> 
     </span>
     <span class='ocr_line' id='line_1_38' title="bbox 124 3823 1370 3913; baseline 0.002 -25"><span class='ocrx_word' id='word_1_278' title='bbox 124 3841 145 3888; x_wconf 76' lang='lat' dir='ltr'><strong>s</strong></span> <span class='ocrx_word' id='word_1_279' title='bbox 165 3826 278 3909; x_wconf 81' lang='lat' dir='ltr'><strong>fragiis</strong></span> <span class='ocrx_word' id='word_1_280' title='bbox 298 3828 477 3913; x_wconf 80' lang='lat' dir='ltr'><strong>legionum.</strong></span> <span class='ocrx_word' id='word_1_281' title='bbox 522 3823 621 3907; x_wconf 89' lang='lat' dir='ltr'><strong>Quod</strong></span> <span class='ocrx_word' id='word_1_282' title='bbox 642 3835 751 3888; x_wconf 89' lang='lat' dir='ltr'><strong>tamen</strong></span> <span class='ocrx_word' id='word_1_283' title='bbox 772 3827 872 3891; x_wconf 87' lang='lat' dir='ltr'><strong>etism</strong></span> <span class='ocrx_word' id='word_1_284' title='bbox 891 3828 1027 3902; x_wconf 84' lang='lat' dir='ltr'><strong>Patres,</strong></span> <span class='ocrx_word' id='word_1_285' title='bbox 1057 3827 1135 3893; x_wconf 86' lang='lat' dir='ltr'><strong>dum</strong></span> <span class='ocrx_word' id='word_1_286' title='bbox 1154 3830 1370 3912; x_wconf 86' lang='lat' dir='ltr'><strong>periculosum</strong></span> 
     </span>
     <span class='ocr_line' id='line_1_39' title="bbox 166 3908 1372 4000; baseline 0.007 -34"><span class='ocrx_word' id='word_1_287' title='bbox 166 3908 351 3975; x_wconf 83' lang='lat' dir='ltr'><strong>existimant</strong></span> <span class='ocrx_word' id='word_1_288' title='bbox 379 3912 526 3974; x_wconf 87' lang='lat' dir='ltr'><strong>inermes.</strong></span> <span class='ocrx_word' id='word_1_289' title='bbox 549 3919 674 3972; x_wconf 86' lang='lat' dir='ltr'><strong>armato</strong></span> <span class='ocrx_word' id='word_1_290' title='bbox 705 3909 880 3987; x_wconf 85' lang='lat' dir='ltr'><strong>resistere,</strong></span> <span class='ocrx_word' id='word_1_291' title='bbox 907 3908 1212 3996; x_wconf 58' lang='lat' dir='ltr'><strong>approbaverunt?</strong></span> <span class='ocrx_word' id='word_1_292' title='bbox 1230 3915 1372 4000; x_wconf 85' lang='lat' dir='ltr'><strong>filiusque</strong></span> 
     </span>
     <span class='ocr_line' id='line_1_40' title="bbox 166 3987 1311 4079; baseline 0.006 -25"><span class='ocrx_word' id='word_1_293' title='bbox 166 3987 235 4057; x_wconf 85' lang='lat' dir='ltr'><strong>cius</strong></span> <span class='ocrx_word' id='word_1_294' title='bbox 255 3993 330 4079; x_wconf 87' lang='lat' dir='ltr'><strong>puri</strong></span> <span class='ocrx_word' id='word_1_295' title='bbox 350 3994 484 4059; x_wconf 84' lang='lat' dir='ltr'><strong>nomine</strong></span> <span class='ocrx_word' id='word_1_296' title='bbox 505 3993 601 4059; x_wconf 85' lang='lat' dir='ltr'><strong>Caius</strong></span> <span class='ocrx_word' id='word_1_297' title='bbox 621 3993 727 4061; x_wconf 84' lang='lat' dir='ltr'><strong>Iulius</strong></span> <span class='ocrx_word' id='word_1_298' title='bbox 746 3994 943 4059; x_wconf 78' lang='lat' dir='ltr'><strong>Maximinus</strong></span> <span class='ocrx_word' id='word_1_299' title='bbox 965 3997 1083 4060; x_wconf 76' lang='lat' dir='ltr'><strong>Cacsar</strong></span> <span class='ocrx_word' id='word_1_300' title='bbox 1101 3997 1212 4077; x_wconf 82' lang='lat' dir='ltr'><strong>fuctus</strong></span> <span class='ocrx_word' id='word_1_301' title='bbox 1232 4009 1311 4068; x_wconf 79' lang='lat' dir='ltr'><strong>est.-</strong></span> 
     </span>
    </p>
   </div>
   <div class='ocr_carea' id='block_1_9' title="bbox 452 4173 1172 4354">
    <p class='ocr_par' dir='ltr' id='par_1_9' title="bbox 452 4173 1172 4354">
     <span class='ocr_line' id='line_1_41' title="bbox 452 4173 969 4241; baseline 0.004 -2"><span class='ocrx_word' id='word_1_302' title='bbox 452 4214 456 4219; x_wconf 96' lang='lat'><em>-</em></span> <span class='ocrx_word' id='word_1_303' title='bbox 576 4176 601 4239; x_wconf 86' lang='lat' dir='ltr'>C</span> <span class='ocrx_word' id='word_1_304' title='bbox 622 4174 651 4238; x_wconf 84' lang='lat' dir='ltr'><strong>A</strong></span> <span class='ocrx_word' id='word_1_305' title='bbox 671 4173 698 4236; x_wconf 85' lang='lat' dir='ltr'><strong>P</strong></span> <span class='ocrx_word' id='word_1_306' title='bbox 720 4175 753 4237; x_wconf 90' lang='lat' dir='ltr'>U</span> <span class='ocrx_word' id='word_1_307' title='bbox 774 4174 809 4237; x_wconf 89' lang='grc' dir='ltr'><strong>Τ·</strong></span> <span class='ocrx_word' id='word_1_308' title='bbox 845 4177 969 4241; x_wconf 83' lang='lat' dir='ltr'>XXVI.</span> 
     </span>
     <span class='ocr_line' id='line_1_42' title="bbox 476 4292 1172 4354; baseline 0.006 -11"><span class='ocrx_word' id='word_1_309' title='bbox 476 4300 672 4354; x_wconf 82' lang='lat' dir='ltr'><strong>coanrsnus,</strong></span> <span class='ocrx_word' id='word_1_310' title='bbox 696 4297 847 4345; x_wconf 78' lang='lat' dir='ltr'><strong>rnrrmns</strong></span> <span class='ocrx_word' id='word_1_311' title='bbox 872 4304 911 4346; x_wconf 82' lang='lat' dir='ltr'><strong>ar</strong></span> <span class='ocrx_word' id='word_1_312' title='bbox 932 4303 1090 4348; x_wconf 73' lang='lat' dir='ltr'><strong>summus.</strong></span> <span class='ocrx_word' id='word_1_313' title='bbox 1166 4292 1172 4307; x_wconf 83' lang='lat'>&#39;</span> 
     </span>
    </p>
   </div>
   <div class='ocr_carea' id='block_1_10' title="bbox 28 4390 1377 4694">
    <p class='ocr_par' dir='ltr' id='par_1_10' title="bbox 28 4390 1377 4694">
     <span class='ocr_line' id='line_1_43' title="bbox 28 4390 1377 4524; baseline 0.007 -29"><span class='ocrx_word' id='word_1_314' title='bbox 28 4516 33 4523; x_wconf 28' lang='lat'>,</span> <span class='ocrx_word' id='word_1_315' title='bbox 153 4390 156 4395; x_wconf 25' lang='grc' dir='ltr'>Ι</span> <span class='ocrx_word' id='word_1_316' title='bbox 204 4431 306 4512; x_wconf 88' lang='lat' dir='ltr'><strong>Queis</strong></span> <span class='ocrx_word' id='word_1_317' title='bbox 325 4429 494 4497; x_wconf 87' lang='lat' dir='ltr'><strong>biennium</strong></span> <span class='ocrx_word' id='word_1_318' title='bbox 516 4431 648 4495; x_wconf 84' lang='lat' dir='ltr'><strong>summis</strong></span> <span class='ocrx_word' id='word_1_319' title='bbox 665 4434 803 4517; x_wconf 89' lang='lat' dir='ltr'><strong>potitis,</strong></span> <span class='ocrx_word' id='word_1_320' title='bbox 825 4431 913 4496; x_wconf 90' lang='lat' dir='ltr'><strong>baud</strong></span> <span class='ocrx_word' id='word_1_321' title='bbox 936 4432 1144 4501; x_wconf 89' lang='lat' dir='ltr'><strong>incommode</strong></span> <span class='ocrx_word' id='word_1_322' title='bbox 1163 4437 1300 4515; x_wconf 83' lang='lat' dir='ltr'><strong>proelio</strong></span> <span class='ocrx_word' id='word_1_323' title='bbox 1322 4459 1377 4524; x_wconf 73' lang='lat' dir='ltr'><strong>ga·</strong></span> 
     </span>
     <span class='ocr_line' id='line_1_44' title="bbox 161 4517 1377 4599; baseline 0.007 -24"><span class='ocrx_word' id='word_1_324' title='bbox 161 4520 220 4585; x_wconf 83' lang='lat' dir='ltr'><strong>sto.</strong></span> <span class='ocrx_word' id='word_1_325' title='bbox 236 4525 351 4583; x_wconf 76' lang='lat' dir='ltr'><strong>contra</strong></span> <span class='ocrx_word' id='word_1_326' title='bbox 373 4518 565 4584; x_wconf 83' lang='lat' dir='ltr'><strong>Germanos,</strong></span> <span class='ocrx_word' id='word_1_327' title='bbox 588 4527 724 4599; x_wconf 88' lang='lat' dir='ltr'><strong>repente</strong></span> <span class='ocrx_word' id='word_1_328' title='bbox 742 4517 927 4580; x_wconf 77' lang='lat' dir='ltr'><strong>Antoninus</strong></span> <span class='ocrx_word' id='word_1_329' title='bbox 948 4518 1135 4583; x_wconf 80' lang='lat' dir='ltr'><strong>Gordianus</strong></span> <span class='ocrx_word' id='word_1_330' title='bbox 1149 4518 1286 4586; x_wconf 88' lang='lat' dir='ltr'><strong>Africae</strong></span> <span class='ocrx_word' id='word_1_331' title='bbox 1297 4523 1377 4587; x_wconf 86' lang='lat' dir='ltr'><strong>Pro·</strong></span> 
     </span>
     <span class='ocr_line' id='line_1_45' title="bbox 148 4597 1374 4694; baseline 0.007 -36"><span class='ocrx_word' id='word_1_332' title='bbox 148 4599 289 4679; x_wconf 86' lang='lat' dir='ltr'><strong>consul,</strong></span> <span class='ocrx_word' id='word_1_333' title='bbox 313 4600 358 4666; x_wconf 85' lang='lat' dir='ltr'><strong>ab</strong></span> <span class='ocrx_word' id='word_1_334' title='bbox 379 4597 530 4668; x_wconf 80' lang='lat' dir='ltr'><strong>exercitu</strong></span> <span class='ocrx_word' id='word_1_335' title='bbox 550 4598 711 4689; x_wconf 85' lang='lat' dir='ltr'><strong>Princeps</strong></span> <span class='ocrx_word' id='word_1_336' title='bbox 734 4599 824 4689; x_wconf 83' lang='lat' dir='ltr'><strong>apud</strong></span> <span class='ocrx_word' id='word_1_337' title='bbox 848 4599 980 4687; x_wconf 66' lang='lat' dir='ltr'><strong>&#39;tuydri</strong></span> <span class='ocrx_word' id='word_1_338' title='bbox 1005 4603 1167 4694; x_wconf 73' lang='lat' dir='ltr'><strong>oppidum</strong></span> <span class='ocrx_word' id='word_1_339' title='bbox 1190 4606 1306 4675; x_wconf 72' lang='grc' dir='ltr'><strong>ὼοω</strong></span> <span class='ocrx_word' id='word_1_340' title='bbox 1326 4606 1374 4670; x_wconf 73' lang='lat' dir='ltr'><strong>tt,</strong></span> 
     </span>
    </p>
   </div>
   <div class='ocr_carea' id='block_1_11' title="bbox 0 0 1438 4958">
    <p class='ocr_par' dir='ltr' id='par_1_11' title="bbox 0 0 1438 4958">
     <span class='ocr_line' id='line_1_46' title="bbox 0 0 1438 4958; baseline 0 0"><span class='ocrx_word' id='word_1_341' title='bbox 0 0 1438 4958; x_wconf 95' lang='lat' dir='ltr'><strong> </strong></span> 
     </span>
    </p>
   </div>
  </div>
 </body>
</html>
