2850 4958
95 250 147 345 46
614 249 813 335 vaauen

96 437 191 479 versa
217 413 303 497 his,
321 434 409 501 quae
434 414 508 487 eliis
535 413 728 500 placebant,
762 414 922 490 dicendo,
954 424 1058 479 totam
1083 415 1264 481 victoriam
1291 426 1328 479 ut

96 521 190 563 enam
213 498 512 583 interpretaretur:
538 499 745 585 audebatque
764 500 958 567 denuntiare
982 500 1130 574 Caesari,
1150 498 1330 565 excederet

96 584 220 648 sieilia.
271 582 347 645 Nou
379 582 420 645 ab
454 580 690 666 Scipionibus,
726 582 864 667 aliisque
893 584 1059 649 veteribus
1095 584 1332 661 Romanorum

98 664 239 741 ducum,
273 664 455 751 quidquam
484 688 599 730 ausum
626 675 860 751 patratumque
889 668 1028 741 fortius,
1064 689 1162 751 quam
1195 677 1281 730 tunc
1310 688 1333 731 a

98 750 246 813 Caesare.
290 751 425 835 Quippe
445 772 548 834 quum
570 750 704 821 inermis
729 760 761 813 et
785 752 969 814 lacernatus
992 759 1086 825 esset,
1108 760 1247 834 praeter
1261 772 1334 813 no..

96 854 174 896 men
194 830 280 897 nibil
300 832 456 908 trahens,
478 836 641 918 ingressus
662 843 768 897 castre
789 834 928 919 Lepidi,
952 834 1101 908 evitatis,
1124 856 1210 917 quae
1236 835 1332 905 iussn

96 914 243 981 bominis
263 918 450 1001 pravissimi
472 918 538 983 tela
560 918 594 979 in
619 940 694 981 eum
720 927 792 979 actu
821 925 935 995 erant,
968 940 1069 1001 quum
1099 916 1233 983 lacerna
1256 918 1333 985 eius

97 1001 269 1083 perforata
291 1009 374 1063 esset
393 998 524 1077 lancea,
547 1001 692 1085 aquilam
711 1001 851 1086 legionis
873 1022 992 1083 rupere
1023 1023 1119 1063 ausus
1139 1010 1198 1063 est.
1245 1000 1333 1063 Sci·

98 1082 152 1149 s‘es
182 1082 263 1168 quid
294 1084 466 1149 interesset
490 1085 578 1153 inter
607 1085 717 1149 duces.
761 1085 889 1147 Armati
918 1085 1076 1155 inermem
1098 1085 1203 1149 secuti
1227 1094 1330 1155 sunta

99 1164 295 1252 decimoque
324 1190 430 1243 anno,
461 1190 560 1253 quam
586 1167 627 1231 ad
659 1166 908 1231 dissimillimam
928 1169 1015 1229 vitae
1041 1190 1118 1237 suae
1138 1169 1333 1251 potentiam
1372 1166 1374 1243 l

98 1260 312 1334 perseuerat,
333 1251 476 1334 Lepidus
500 1260 532 1315 et
554 1274 572 1313 a
592 1251 753 1315 militibus
776 1261 809 1314 et
825 1276 844 1313 a
864 1254 999 1314 fortuna
1020 1250 1186 1322 desertum,
1209 1250 1333 1335 pullo-

100 1354 165 1417 que
188 1334 313 1399 velatus
340 1336 507 1410 amiculo,
537 1335 625 1399 inter
655 1333 804 1397 ultimam
830 1333 1066 1402 confluentium
1092 1333 1133 1396 ad
1156 1336 1334 1399 Caesarem

99 1417 232 1481 turbam
255 1416 377 1494 latens,
401 1419 538 1503 genibus
556 1419 627 1484 eius
648 1417 820 1482 advolutus
842 1427 902 1493 est,
951 1418 1030 1482 Vita
1051 1439 1232 1502 rerumque
1251 1418 1334 1481 sual·

100 1522 175 1565 rum
197 1501 382 1647 dogninium
403 1524 556 1565 concessa
578 1502 609 1567 ci
630 1511 725 1578 sunu,
747 1501 911 1587 spoliata,
934 1522 1033 1597 quam
1059 1502 1146 1569 tueri
1166 1524 1238 1567 uon
1260 1524 1335 1587 po·-

101 1591 211 1659 terat,
265 1585 395 1649 initas.

142 1608 297 1731 Lxxxli
320 1667 438 1733 Subita
463 1666 582 1731 deinde
607 1668 769 1732 exercitus
791 1666 910 1729 seditio
935 1666 1008 1748 (qui
1031 1665 1231 1750 pierumque
1245 1688 1334 1735 cou-

101 1751 276 1835 templatus
307 1751 527 1837 frequentiam
556 1773 670 1827 suem,
702 1775 720 1813 a
745 1750 919 1833 discipline
950 1750 1123 1825 desciscit,
1138 1760 1202 1824 et,
1237 1748 1333 1835 quod

102 1856 223 1919 cogere
245 1858 280 1899 se
301 1843 398 1918 putat
424 1856 538 1917 posse,
568 1856 688 1919 rogare
710 1857 778 1896 non
806 1835 956 1914 sustinet)
983 1834 1106 1916 partim
1129 1836 1332 1909 severitate,

101 1918 225 2002 partim
261 1917 460 1981 liberalitate
493 1916 635 1979 discussa
672 1916 851 2001 Principis.
905 1915 1165 2000 Speciosamque
1199 1940 1265 2000 per
1296 1915 1333 1981 id

55 2034 59 2045 ·
102 2010 234 2083 tempus
257 2000 421 2064 adiectum
446 1999 708 2083 supplementum
735 2002 916 2082 Campanae
943 2000 1114 2063 Coloniae.
1157 1999 1240 2085 Agri
1262 2002 1333 2065 eius

103 2082 213 2147 relicti
238 2092 332 2147 erent
349 2082 498 2168 publici:
523 2105 586 2165 pro
609 2082 662 2145 bis
685 2083 784 2167 longe
808 2082 980 2144 uberiores
1000 2084 1127 2147 reditus
1152 2083 1337 2151 duodecies.

106 2166 172 2231 IIS.
195 2167 229 2228 in
255 2168 351 2231 Crete
377 2164 481 2229 insula
508 2166 653 2240 redditi,
677 2175 711 2228 et
734 2188 817 2250 aqua
842 2167 1019 2249 permissa,
1046 2189 1140 2250 quae·
1158 2165 1330 2253 hodieque

105 2248 270 2353 singulare
299 2258 332 2314 et
359 2249 561 2315 salubritatis
592 2249 695 2313 instar
720 2257 752 2312 et
779 2250 987 2313 amoenitatis
1010 2261 1240 2320 ornamentum
1269 2259 1331 2315 est.

104 2334 238 2420 Insigne
258 2354 404 2397 coronae
424 2328 598 2407 classicae,
627 2354 694 2416 quo
720 2354 816 2394 nemo
842 2355 997 2415 umquem
1016 2334 1241 2399 Romanorum
1266 2333 1334 2397 do-

105 2427 200 2481 natus
225 2425 317 2491 crat,
340 2415 407 2480 boc
430 2414 519 2479 bello
545 2415 873 2501 Agrippa'singulari
895 2419 1020 2482 virtute
1043 2418 1176 2479 meruit.
1212 2417 1334 2481 Victor

107 2500 227 2571 deiude
251 2501 368 2563 Caesar
391 2518 540 2568 reversus
566 2499 600 2562 in
620 2500 768 2574 Urbem,
794 2508 979 2565 contractas
1005 2501 1204 2563 emtionibus
1228 2522 1331 2565 com-

107 2584 220 2668 plures
241 2582 358 2653 domcs
370 2604 440 2729 per
459 2591 718 2665 procuratores,
742 2604 808 2665 quo
830 2582 939 2646 laxior
960 2584 1055 2647 fieret
1077 2584 1196 2667 ipsius,
1216 2584 1336 2666 publi-

109 2668 156 2729 cis
180 2689 214 2730 se
236 2666 348 2729 usibus
393 2667 532 2729 estinare
553 2668 720 2751 professus
743 2675 808 2740 est;
842 2666 1066 2752 templumque
1095 2667 1268 2749 Apollini,
1300 2676 1334 2731 et

109 2752 199 2813 circa
219 2750 391 2834 porticus,
413 2751 579 2815 facturum
597 2748 773 2837 promisit,
797 2748 888 2833 quod
909 2752 949 2815 ab
973 2773 1012 2815 eo
1035 2751 1193 2836 singulari
1216 2761 1336 2815 exbu-

110 2844 201 2901 ctum
222 2833 445 2897 munificentia
466 2841 525 2895 est.
860 2834 863 2838 ’

153 2918 317 2980 LXXXII.
350 2917 423 2997 Qua
445 2914 566 2981 aestate
588 2916 705 2979 Caesar
725 2924 791 2975 tam
812 2937 972 2999 prospere
991 2914 1152 2996 Lepidum
1168 2917 1202 2979 in
1216 2914 1333 2979 Sicilie

112 3000 306 3075 debellavit,
327 3002 461 3063 fertum
484 3001 517 3064 in
540 2999 675 3063 Caesare
698 3008 731 3062 et
752 2999 931 3082 Republica
955 2998 1110 3061 militavit
1136 2998 1177 3061 ad
1207 2998 1342 3063 Orien-2.

112 3094 191 3151 tem.
234 3085 367 3169 Quippe
396 3084 560 3147 Antonius
591 3103 666 3147 cum
697 3083 779 3145 XIII
810 3084 920 3163 [xvi]
949 3082 1137 3164 legionibus
1166 3083 1332 3167 ingressus

113 3167 323 3244 Armeniam,
347 3191 384 3231 ac
406 3167 523 3230 deinde
544 3168 705 3241 Mediam,
728 3174 761 3228 et
781 3187 842 3249 per
864 3186 915 3226 eas
937 3167 1087 3249 regiones
1107 3165 1251 3229 Partbos
1270 3188 1335 3250 pe-

113 3261 204 3328 tens,
231 3252 350 3315 habuit
377 3273 488 3335 regem
518 3272 633 3313 eorum
660 3250 806 3312 obvium.
849 3247 1030 3332 Primoque
1061 3247 1140 3313 duas
1160 3248 1333 3334 legiones,

114 3356 189 3399 cum
227 3330 379 3397 omuibus
409 3332 651 3432 impedimentis
684 3329 924 3414 tormentisque
959 3339 993 3395 et
1025 3330 1173 3402 Statiano
1210 3335 1335 3418 Legato

115 3417 246 3480 amisit:
279 3437 357 3477 mox
379 3434 506 3497 saepius
527 3415 620 3497 ipse,
643 3436 717 3475 eum
739 3434 866 3475 summo
894 3413 998 3478 totius
1021 3417 1183 3481 exercitus
1204 3416 1335 3483 discri-

114 3499 216 3570 mine,
239 3519 276 3561 ea
297 3497 380 3559 adiit
400 3494 559 3582 pericula,
582 3517 599 3559 e
621 3496 740 3579 quibus
761 3496 884 3559 servari
906 3518 940 3561 se
960 3519 1057 3583 posse
1080 3498 1334 3584 desperaveram

117 3580 298 3666 amissaque
324 3603 392 3644 non
418 3580 527 3641 miuus
552 3589 668 3662 quarta
694 3586 790 3663 parte
810 3579 975 3656 militum,
997 3582 1118 3669 captivi
1141 3583 1335 3659 cuiusdam,

117 3665 175 3729 'sed
195 3664 351 3742 Romani,
373 3662 514 3729 consilio
534 3683 572 3724 ac
594 3660 657 3725 fide
677 3673 842 3727 servatur:
869 3664 926 3748 qui
947 3664 1040 3730 clade
1062 3667 1223 3731 Crassiani
1244 3688 1339 3731 exer·

119 3750 204 3825 citus
233 3772 271 3812 ca
295 3758 370 3824 tus,
401 3770 503 3833 quum
529 3747 714 3824 fortunam,
743 3770 809 3811 non
831 3751 975 3813 animum
995 3759 1170 3825 mutasset,
1198 3750 1337 3815 accessit

119 3842 218 3898 nocte
239 3773 293 3911 ad)
307 3832 482 3895 stationem
503 3829 701 3907 Romanam3
732 3831 973 3918 praedixitque,
995 3857 1036 3897 ne
1056 3833 1248 3896 detractum
1269 3838 1336 3897 iter

116 3927 283 4000 peterent,
314 3916 372 3978 sed
394 3914 519 3979 daberso
540 3916 740 3998 silvestrique
755 3916 978 3998 pentaderent.
1021 3918 1096 3980 Hoc
1117 3919 1163 3979 Μ.
1185 3914 1333 3980 Antonio

122 4021 166 4067 ae·
181 4007 233 4061 tot
251 3999 317 4063 illis
336 3994 523 4084 legionibus
544 3997 640 4062 saluti
661 4000 742 4063 suit:
762 3999 806 4063 de
827 4001 946 4084 quibus
967 4010 1095 4075 tamen,
1115 4009 1256 4084 totoque
1273 4018 1337 4065 ex·

123 4074 252 4171 eruitis,
273 4081 363 4146 haud
384 4080 490 4145 minus
509 4103 586 4166 pars
607 4091 741 4166 quarta,
775 4092 811 4145 ut
832 4085 1069 4167 praediximus,
1097 4084 1251 4160 militum,
1275 4106 1336 4147 cu-

122 4164 237 4231 lonum
267 4164 459 4251 servitiique
489 4164 669 4229 desiderata
700 4168 798 4228 tertia
831 4176 898 4241 est,
937 4166 1247 4249 impedimentorum
1279 4167 1336 4231 vix

124 4240 191 4313 ulla
211 4249 385 4334 superfuit.
427 4250 520 4314 Hane
547 4257 654 4327 umen
678 4246 841 4311 Antonius
866 4252 975 4332 fugam
1002 4270 1113 4326 suam,
1142 4252 1218 4334 quia
1240 4252 1335 4315 visus

122 4328 269 4409 brirrat,
297 4331 471 4398 victoriam
496 4331 645 4401 uocabat.
689 4331 753 4411 Q'ui
774 4332 873 4393 tertia
895 4340 1014 4395 aestate
1035 4355 1182 4403 resersus
1204 4334 1238 4397 in
1259 4335 1336 4399 Ar-

122 4416 286 4494 meniam,
308 4416 509 4501 regemeius
530 4412 877 4489 eruissem-fraude
898 4414 1082 4496 deceptum,
1103 4418 1238 4493 catenis,
1262 4421 1335 4497 sed,

125 4523 166 4569 ne
196 4498 276 4587 quid
306 4499 429 4563 bonosi
461 4497 607 4571 deesset,
634 4496 742 4561 aureis
775 4496 891 4560 vinxit.
945 4500 1116 4563 Crescente
1151 4500 1268 4565 deinde
1301 4512 1338 4571 et

128 4580 248 4657 amoris
270 4583 302 4649 in
326 4582 530 4667 Cleopatram
557 4579 727 4656 incendio,
759 4581 989 4658 etsitiorum,
1022 4605 1105 4668 quae
1125 4605 1253 4671 semper
1273 4590 1336 4652 fa..
