2850 4958
447 269 543 345 utu.
569 269 632 344 111.
646 262 767 344 ··ctP.
799 272 879 348 Vll.
1093 312 1097 319 ·
1199 298 1264 354 111

63 444 196 498 ctarere
216 442 397 511 certamen,
422 456 488 497 non
510 454 549 497 ex
570 434 705 507 fiducia,
730 432 786 495 sed
807 437 883 519 quia
904 441 1049 519 oppressi
1067 448 1178 511 erant,
1204 442 1271 501 ausi
1366 480 1369 491 ·

62 519 271 581 videbantur.
315 518 378 580 Sed
407 518 493 580 nihil
525 526 630 580 tamen
661 517 819 599 amplius,
856 542 951 602 quam
988 531 1023 582 ut
1056 522 1096 581 ad
1130 524 1272 604 primum

64 606 168 665 ictum
189 612 436 663 concurrerent.
479 604 557 662 Mox
579 602 636 663 ubi
658 602 853 664 circumfusa
875 603 1019 685 undique
1042 614 1149 667 rostra
1173 606 1315 673 vide-13

64 694 164 757 runt,
193 685 328 745 abiectis
348 686 457 745 statim
477 684 550 746 telis
574 686 759 767 remisque,
779 684 894 767 plausu
918 688 1061 771 undique
1078 689 1163 770 pari,
1184 688 1273 772 quod

63 768 319 853 supplicantium
342 768 469 851 signum
490 769 571 843 tuit,
592 770 693 830 vitam
711 769 909 851 petiverunt.
944 770 1019 831 Non
1041 772 1119 834 alias
1138 774 1315 853 tamin-14

62 861 202 917 cruenta
221 852 372 913 victoria·
382 853 431 912 usi
447 874 598 934 umquam
611 872 740 926 sumus;
763 850 820 912 sed
840 874 900 913 neo
914 850 1044 916 tldelior
1058 856 1091 916 in
1105 864 1273 938 posterum

61 944 195 1018 reperta
218 954 295 1019 gens
314 934 381 996 nlla
402 942 461 996 est.
503 935 608 1018 quue
627 942 837 1018 prospectum
858 936 1014 1019 singulari
1036 938 1174 1001 consilio
1202 937 1272 1000 du-

64 1020 137 1091 cis,
160 1018 216 1100 qui
243 1020 441 1079 maritimum
461 1039 560 1102 genus
581 1042 598 1077 a
621 1026 797 1101 conspectu
823 1019 921 1102 longe
939 1021 1082 1082 removit
1101 1021 1227 1094 maris,¹
1241 1030 1273 1083 et

64 1102 314 1163 mediterraneis
335 1102 419 1184 agris
440 1101 720 1183 quasistbligavit.
760 1101 949 1184 Eodemque
970 1113 1120 1185 tempore
1135 1113 1168 1164 et
1182 1103 1314 1168 usum15

64 1185 165 1247 maris
184 1184 319 1245 naribus
341 1186 558 1266 recuperavit,
580 1194 611 1245 et
631 1194 738 1245 terrae
751 1185 901 1251 homines
916 1207 991 1247 suos
1006 1186 1161 1248 reddidit.
1186 1188 1274 1266 Quid

63 1269 157 1350 prins
179 1268 211 1327 in
231 1267 293 1328 hac
318 1268 438 1329 mirere
456 1264 620 1329 victorin?
663 1266 893 1340 Velocitatem,
916 1268 1005 1351 quod
1026 1270 1271 1353 quadragesimo

65 1352 120 1412 die
144 1359 238 1432 parta
258 1361 325 1413 estt
361 1374 401 1417 an
426 1349 631 1424 felicitatem,
653 1349 742 1433 quod
762 1372 802 1410 ne
824 1374 885 1412 una
906 1351 1038 1435 quidem
1060 1354 1148 1413 navis
1169 1354 1273 1413 amis-

64 1457 97 1495 sa
131 1442 198 1494 est?
241 1456 281 1495 an
317 1455 396 1497 veru
433 1434 705 1518 perpetuitatem,
747 1433 838 1517 quod
872 1425 1011 1519 amplius
1047 1437 1173 1520 piratae
1207 1458 1274 1497 non

64 1520 220 1581 fuerunt)
944 1546 951 1558 ¹
1247 1542 1251 1553 “

500 1694 725 1758 CAPUT
767 1693 847 1758 Vll.

454 1830 624 1875 tantun
654 1828 889 1873 curtenai.

109 1962 273 2025 Creticum
292 1961 427 2042 bellum,
449 1964 475 2024 si
496 1982 573 2023 vera
597 1959 746 2023 volumus
771 1962 950 2043 [noscere]‚
971 1982 1031 2023 nos
1054 1962 1201 2039 fecimus,
1225 1984 1277 2028 so·
1300 1985 1316 2029 r

68 2048 100 2109 la
121 2045 270 2107 vincendi
293 2046 438 2107 nobilem
466 2045 602 2108 insulam
624 2043 817 2125 cupiditate.
861 2048 989 2107 Favisse
1016 2046 1200 2109 Mithridati
1221 2050 1276 2110 vi-

67 2132 229 2201 debatur,
262 2128 328 2189 hoc
354 2127 479 2211 placuit
505 2128 604 2190 armis
628 2126 806 2189 vindicare.
848 2128 980 2191 Primus
1002 2130 1117 2192 invasit
1140 2131 1318 2196 insulamn

68 2216 198 2274 Marcus
222 2210 404 2285 Antonius,
428 2233 501 2274 cum
524 2210 647 2295 ingenti
669 2208 801 2292 quidem
822 2212 982 2274 victoriae
996 2234 1053 2295 spe
1072 2223 1169 2296 atque
1191 2214 1278 2276 fidu-

67 2299 137 2369 cia,
161 2296 264 2368 adeo,
287 2303 324 2355 ut
339 2295 451 2379 plures
473 2303 601 2357 catenas
626 2294 660 2354 iu
682 2293 837 2367 naribus,
861 2317 957 2379 quam
978 2317 1089 2368 arma,
1116 2307 1275 2375 portaret.

66 2381 167 2441 Dedit
184 2381 294 2462 itaque
314 2400 435 2461 poenas
456 2377 641 2441 vecordiae.
677 2376 759 2437 Nam
775 2377 948 2464 plorasque
962 2399 1057 2439 naves
1074 2381 1278 2462 intercepere
1297 2380 1320 2442 5

65 2463 196 2536 hostcs3
221 2464 413 2545 captivaque
436 2480 580 2544 corpora
606 2457 742 2542 religata
765 2459 846 2522 velis
867 2483 904 2523 ae
924 2462 1057 2523 funibus
1070 2463 1276 2546 pependere:

66 2569 104 2606 ae
124 2546 171 2607 sic
192 2544 388 2607 velificantes
409 2542 683 2625 triumphantium
707 2540 740 2603 in
767 2543 900 2605 modum
916 2545 1026 2623 Cretes
1039 2547 1194 2629 portibus
1213 2547 1279 2608 suis

66 2628 358 2712 adremigaverunt.
401 2626 551 2689 Metellus
584 2620 701 2685 deinde
731 2631 835 2687 totam
866 2626 1000 2689 insulam
1026 2626 1093 2713 igni
1122 2632 1319 2715 ferroqueal

10 2762 12 2767 .
65 2710 263 2793 populatus,
287 2710 372 2771 intra
398 2708 528 2772 castella
553 2716 586 2769 et
610 2705 707 2768 urbes
733 2708 880 2793 redegit,
903 2719 935 2772 et
949 2712 1110 2788 Gnosson,
1135 2722 1168 2775 et
1188 2714 1277 2797 Ery-

65 2797 235 2865 thraeam,
261 2802 310 2868 et,
331 2802 369 2853 ut
388 2790 506 2855 Graeci
531 2789 640 2851 dicere
659 2786 787 2862 solent,
811 2793 935 2852 urbatum
957 2806 1094 2854 matrem
1118 2796 1276 2879 Cydone-

10 2920 14 2929 .
67 2896 141 2935 ana:
166 2875 312 2954 adeoque
333 2896 425 2936 saeve
451 2875 483 2935 in
505 2874 650 2955 captivos
675 2872 923 2945 consulebatur,
950 2883 987 2935 ut
1007 2896 1129 2937 veneno
1148 2900 1182 2939 se
1201 2872 1319 2963 ple-5

66 2962 163 3042 rique
188 2958 408 3030 conficerent3
431 2957 485 3018 alii
506 2955 706 3017 deditionem
728 2966 816 3014 'suam
838 2956 878 3015 ad
896 2956 1092 3038 Pompeium
1115 2960 1277 3023 absentem

66 3046 246 3103 mitterent.
287 3040 329 3100 Et
343 3062 451 3123 quum
471 3038 528 3099 illc
553 3058 605 3101 res
626 3038 658 3097 in
678 3035 754 3097 Asia
776 3057 909 3121 gerens,
929 3060 968 3099 eo
988 3058 1120 3120 quoque
1136 3040 1277 3111 Praese·
1297 3041 1319 3106 6

67 3138 152 3187 etum
177 3125 315 3185 misisset
336 3123 537 3195 Antonium,
562 3122 595 3183 in
622 3120 723 3181 aliena
744 3142 916 3202 provincia
938 3129 1052 3181 irritus
1072 3123 1153 3183 fuit:
1174 3143 1280 3208 eoque

66 3207 217 3271 infestior
238 3206 387 3269 Metellus
409 3207 442 3267 in
461 3206 573 3267 hostes
603 3205 651 3264 ins
669 3202 805 3264 victoris
825 3204 992 3279 exercuit3
1023 3202 1182 3289 victisque
1212 3210 1278 3271 La-

61 3295 177 3353 sthene
198 3299 230 3352 et
250 3292 388 3361 Panare,
409 3290 582 3371 Cydoneae
600 3286 749 3361 ducibus,
769 3288 878 3349 victur
894 3286 992 3350 redit.
1013 3286 1080 3349 Nec
1098 3288 1278 3374 quidquam

50 3376 204 3458 'amplius
232 3384 338 3435 tamen
363 3373 403 3434 de
427 3382 492 3434 tam
519 3374 642 3434 famosa
664 3369 825 3445 victoria,
856 3393 954 3457 quam
976 3392 1157 3459 cognomen
1189 3378 1289 3439 Cre-⁵

61 3465 168 3521 tristam
195 3458 388 3542 reportavit.
1254 3456 1259 3471 ¹

405 3634 408 3641 '
490 3632 717 3697 CAPUT
758 3634 856 3701 v111.

436 3788 603 3830 stannus
630 3787 948 3833 namneum·
1182 3788 1196 3799 ’“
1255 3780 1259 3845 J

103 3924 291 4005 [Quatenus
315 3916 439 3981 Metelli
455 3918 659 3982 Macedonici
680 3919 794 3980 domus
813 3917 940 3981 bellicis
953 3922 1141 3984 nominihus
1155 3916 1273 3985 adsue·
1296 3941 1310 3984 1

55 4017 178 4080 verat,
201 4006 304 4068 altero
327 4024 367 4064 ex
384 4002 498 4064 liberis
523 4003 591 4064 eius
611 4004 740 4066 Cretico
763 4005 874 4074 facto,
895 4022 988 4065 mora
1010 4007 1171 4080 nonfuit,
1193 4007 1281 4090 quin*

55 4092 151 4155 alter
175 4110 308 4173 quoque
327 4086 520 4151 Balearicus
538 4086 740 4167 vocaretur]
774 4084 923 4145 Baleares
938 4108 1001 4167 per
1020 4088 1063 4149 id·
1075 4097 1201 4173 tempus
1215 4091 1273 4149 in·
1294 4107 1315 4152 a

57 4176 160 4239 sulae
185 4173 323 4255 piratica
353 4171 446 4233 rabie
477 4170 579 4231 maria
609 4178 836 4252 corruperant.
865 4167 1037 4233 ¹Homines
1063 4174 1152 4234 ieros
1176 4182 1274 4255 atque

54 4261 231 4324 silvestres
255 4255 386 4318 mireris
409 4274 539 4315 ausosa
560 4254 704 4337 seopulis
728 4255 794 4315 suis
813 4249 927 4315 saltem
951 4256 1053 4315 maria
1072 4256 1274 4337 prospicere.

57 4340 276 4405 Adscendere
300 4340 398 4402 etiam
419 4336 600 4400 inconditus
626 4348 723 4409 rates,
739 4347 772 4395 et
787 4334 920 4421 praeter
936 4337 1120 4420 navigantes
1140 4336 1276 4403 subinde
1294 4334 1316 4399 ὅ

58 4424 241 4507 inopinato
267 4425 390 4505 impetu
414 4431 574 4483 terruere.
617 4420 681 4482 Sed
712 4442 812 4501 quum
837 4421 1018 4480 venientem
1042 4420 1083 4482 ab
1111 4421 1176 4483 alto
1198 4420 1316 4496 llo-d

59 4529 195 4571 maneam
217 4505 345 4568 classem
359 4506 623 4589 prospexissent,
644 4504 798 4586 praedam
819 4511 987 4582 putantem
1009 4504 1076 4565 ausi
1097 4507 1196 4567 etiam
1215 4524 1280 4564 oc-

60 4611 224 4655 currere:
258 4600 290 4651 et
311 4592 419 4677 primo
431 4634 435 4641 -
445 4592 590 4673 impetu,
614 4589 737 4674 ingenti
763 4586 913 4676 lapidum
930 4604 1161 4674 saxorumque
1175 4587 1302 4651 nimbo
