2834 4950
149 296 201 379 η
284 291 287 295 ·
535 274 581 353 u
603 255 970 355 musar-raom

147 440 297 525 qua-mais
311 445 510 521 parantem,
531 436 691 507 aemulan
711 445 843 510 umen,
865 434 992 508 diruit,
1016 452 1117 579 quum
1137 433 1239 517 paisa-
1255 450 1356 495 omnes

109 572 112 579 .
150 544 230 607 opes
252 522 344 585 urbis
365 523 538 607 ipsumque
555 520 720 607 populum
740 521 879 585 Romam
898 525 1025 582 transtu
1040 518 1117 579 isset
1128 533 1143 579 ι·
1165 536 1307 600 prorsus
1329 525 1358 577 at

150 609 391 690 consanguinea
413 606 528 671 ciuitas
551 628 622 671 non
647 603 794 691 perisse,
823 601 881 667 sed
907 605 943 668 in
965 623 1063 665 suum
1092 621 1217 686 corpus
1246 599 1359 664 redisse

108 752 111 761 .
146 710 260 757 rursm
279 689 459 757 rideretur.

577 864 807 933 GAPUT
864 864 927 929 tv.

575 1040 578 1047 ,
605 1006 648 1049 ΒΕ
668 1000 749 1047 ditm
771 1002 907 1047 nancto.

112 1160 127 1202 1
192 1136 300 1200 Ancus
322 1136 441 1202 deinde
460 1137 626 1213 Marcius,
647 1156 751 1219 nepos
771 1133 931 1220 Pompilii
955 1148 993 1197 e'x
1015 1133 1104 1210 filia,
1125 1136 1199 1218 pari
1222 1132 1361 1221 ingenia.
1406 1130 1413 1141 ”

112 1243 133 1285 n
153 1223 216 1285 Hic
239 1223 343 1304 igitur
364 1231 396 1284 et
416 1244 513 1284 muro
536 1221 665 1284 moenia
687 1218 853 1301 amplexus
876 1227 942 1295 est,
965 1226 998 1281 ct
1018 1219 1264 1281 interfluentem
1290 1218 1362 1295 [Ur-

154 1307 204 1386 bi]
228 1306 378 1368 Tiberim
398 1315 501 1389 ponte
520 1302 703 1376 commisit,
728 1298 920 1386 Ostiamque
933 1303 976 1364 'in
996 1301 1068 1383 ipso
1089 1302 1190 1364 maris
1211 1300 1363 1364 fluminis·
1406 1354 1413 1375 ‚

120 1452 123 1457 Α
154 1411 220 1475 que
252 1389 395 1451 confinio
428 1389 592 1453 coloniam
621 1386 751 1471 posuit:
784 1387 850 1447 iam
882 1396 951 1450 tum
981 1385 1137 1449 videlicet
1162 1383 1364 1469 praesagiens
1408 1382 1413 1431 ἶ

152 1466 284 1546 animo,
305 1474 472 1547 futurum,
494 1481 534 1534 'ut
554 1470 657 1533 totius
678 1467 792 1531 mundi
813 1490 893 1553 opes
914 1478 948 1533 et
967 1477 1167 1533 commeatus
1188 1469 1250 1533 illo
1273 1462 1366 1533 veluti

149 1556 318 1639 maritimo
340 1556 443 1623 Urbis
463 1554 613 1641 hospitio
635 1552 876 1674 reciperentnp
913 1568 918 1575 ’

593 1732 829 1799 CAPUT
874 1732 921 1797 V.

558 1868 599 1910 aa
629 1868 806 1923 ranoumo
839 1868 966 1912 narseo.

117 2023 133 2067 1
198 1999 399 2087 Tarquinius
428 2005 544 2084 postea
571 1999 726 2077 Priscus,
762 2001 910 2085 quamvis
939 1994 1176 2063 transmarinae
1210 1995 1369 2083 originis,

156 2105 314 2167 regnum,
337 2085 427 2147 ultro
447 2092 582 2166 petens,
604 2086 746 2167 accipit,
771 2086 814 2147 ob
837 2084 1033 2147 industriam
1048 2089 1146 2164 atque
1160 2077 1369 2163 elegantiam

158 2172 282 2252 quippe
304 2169 361 2250 qui
384 2165 542 2230 oriundus
565 2168 746 2240 Corintho,
773 2169 935 2231 Graecum
957 2165 1125 2251 ingenium
1144 2163 1273 2226 Italicis
1294 2162 1372 2225 arti-

113 2271 138 2317 Β
158 2253 220 2314 hus
248 2251 443 2312 miscuisset.
485 2251 549 2311 Hic
581 2257 615 2312 et
641 2252 778 2313 Senatus
801 2253 1001 2314 maiestatem
1023 2268 1161 2310 numero
1185 2246 1370 2330 ampliavit,

157 2333 371 2398 et'oanturiis
392 2333 500 2395 tribus
520 2335 628 2410 auxit,
653 2344 816 2418 quatenus
843 2336 953 2397 Attius
973 2334 1093 2395 Navius
1114 2352 1291 2393 numeram
1312 2352 1372 2392 en·

160 2420 231 2505 geri
252 2417 472 2501 prohibebat,
496 2417 548 2478 vir
569 2439 711 2483 summus
734 2419 890 2503 augurio:
923 2440 1020 2502 quem
1041 2436 1099 2477 rex
1121 2414 1154 2475 in
1176 2415 1375 2497 experimen·

162 2510 233 2563 tum
253 2501 416 2584 rogavit,
431 2504 562 2561 Fierine
583 2514 710 2584 posset,
738 2502 826 2588 quod
842 2509 909 2585 r'pse
928 2512 1033 2562 mente
1057 2500 1279 2579 conceperat?
1318 2496 1374 2561 Illa

119 2585 232 2650 brem
265 2591 416 2666 expertus
447 2585 610 2666 augurio,
638 2608 748 2667 poree,
782 2585 965 2670 respondit.
1008 2585 1114 2666 Atqui
1131 2578 1213 2655 hoc,
1247 2580 1373 2664 inquit,

159 2673 349 2748 agitaram,
390 2689 434 2728 an
465 2679 570 2728 cotem
600 2670 693 2729 illam
720 2690 832 2732 secure
859 2668 1020 2733 novacula
1045 2666 1196 2746 ptnsem?
1238 2662 1373 2746 Augur,

159 2757 261 2813 Potes
287 2771 387 2831 ergo,
420 2749 547 2832 inquit:
582 2761 615 2814 et
633 2751 749 2816 secuit.
791 2753 872 2815 Inde
891 2749 1046 2814 Romanis
1073 2767 1164 2809 sacer
1184 2756 1373 2830 auguratus.

118 2834 274 2915 dNeque
303 2853 385 2919 pace
415 2832 636 2917 Tarquinius,
667 2857 765 2918 qnam
794 2835 908 2909 hello,
939 2832 1142 2918 promptior.
1189 2828 1375 2893 Duodecim

159 2936 301 3001 namque
323 2916 462 2978 Tusciae
482 2916 625 3005 populos
651 2920 880 3002 frequentibus
907 2917 1006 2981 armis
1028 2914 1168 2997 subegit.
1213 2912 1300 2973 lude
1321 2914 1374 2974 fa-

159 3021 250 3075 sces,
271 2999 428 3075 trabeae,
451 3003 602 3078 ournlat',
637 3003 748 3078 anuli,
787 3003 958 3086 phalerae,
991 2997 1236 3083 paludamenta,
1275 3016 1376 3077 ΡΜ

159 3093 289 3158 textae3
322 3082 419 3159 inde,
452 3084 543 3169 quod
569 3108 669 3149 aureo
702 3109 802 3149 curru
833 3095 977 3171 quatuor
1006 3082 1097 3166 equis
1129 3078 1375 3159 triumphatum

160 3174 257 3249 togae
287 3166 413 3251 pictae,
446 3170 641 3268 tunicaeque
669 3169 846 3252 palmatae,
881 3167 991 3229 omnia
1020 3164 1161 3249 denique
1195 3162 1320 3226 decora
1348 3172 1378 3228 et

159 3249 322 3339 insignia,
346 3250 465 3337 quibus
487 3252 621 3337 imp'erri
645 3251 786 3339 dignitus
804 3251 942 3315 eminet.

619 3428 925 3493 CAPUT'VI.

593 3548 635 3589 DE
669 3550 782 3591 SRVIO
819 3551 948 3594 'rtrum-

121 3700 141 3747 ι
204 3672 338 3743 Servius
358 3674 487 3743 Tullius
504 3676 662 3761 deinceps
681 3679 903 3766 gubernacula
923 3678 1027 3746 Urbis
1048 3678 1182 3745 invadit.
1220 3682 1292 3745 Neo
1314 3674 1381 3743 ob-

122 3764 301 3827 nscuritas
322 3763 488 3839 inhibuit,
510 3766 657 3845 quamuis
678 3774 783 3827 matre
803 3787 895 3827 serva
920 3773 1078 3828 meatum.
1120 3764 1204 3827 Nam
1229 3762 1379 3829 eximin
1411 3764 1413 3795 ¹

163 3846 309 3910 indolem
329 3868 415 3909 uxor
435 3846 608 3929 Tarquinii
630 3848 792 3933 Tanaquil
810 3848 1032 3911 liberabilitcr
1053 3848 1229 3909 educarat:
1254 3858 1290 3911 et
1307 3842 1379 3909 ab·

122 3928 238 3992 buum
258 3932 352 4006 fore,
374 3931 442 4001 risa
463 3930 551 3993 cirea
571 3941 672 4017 eaput
692 3932 819 3995 flamma
840 3932 1047 4014 promiserat.
1080 3932 1169 4012 Ergo
1192 3931 1283 3996 inter
1296 3930 1381 3991 Tar-

163 4011 270 4097 quinii
299 4022 456 4094 mortam,
488 4014 656 4081 annitente
683 4017 816 4100 regina,
848 4015 1044 4077 substitutus
1069 4015 1103 4077 in
1131 4015 1244 4077 locum
1273 4012 1379 4099 regit,

164 4096 257 4178 quasi
288 4097 322 4158 in
354 4105 505 4181 tempas,
536 4118 674 4183 regnum
703 4099 782 4162 dolo
812 4108 945 4183 partum
969 4099 1016 4161 sic
1046 4098 1113 4181 egit
1137 4097 1324 4171 industrie,
1345 4100 1381 4157 ut

121 4178 237 4256 diune
268 4178 403 4262 adeptus
433 4180 612 4245 videretur.
658 4183 708 4244 Ah
739 4183 806 4245 hoc
835 4181 979 4265 populus
1008 4182 1173 4243 Romanus
1203 4182 1328 4243 relatus
1347 4178 1378 4241 in

167 4282 317 4337 censum,
340 4263 483 4347 digestus
505 4265 539 4327 in
567 4266 701 4341 classem
734 4265 878 4330 decuriis
914 4274 1012 4347 atque
1042 4263 1188 4348 collegiis
1214 4262 1379 4327 distribu-

164 4353 238 4406 tus:
275 4366 464 4431 summaque
488 4349 578 4430 ceute
605 4347 740 4413 solertia
768 4350 815 4412 ita
845 4356 895 4411 est
926 4346 1081 4411 ordinata·
1107 4346 1324 4430 Respublica,
1343 4350 1378 4407 nl

164 4427 273 4489 omnia
294 4430 509 4512 patrimonii,
530 4432 711 4513 diguitatis,
732 4434 858 4506 aetatis,
885 4431 1006 4493 artium
1028 4430 1279 4515 officiorumque
1306 4428 1377 4491 dis-

167 4511 306 4571 crimina
335 4512 368 4573 in
398 4514 525 4587 tabulas
545 4516 771 4592 referrentur,
802 4538 841 4581 ac
861 4514 909 4580 sio
929 4514 1070 4585 maxima
1088 4514 1204 4582 civitas
1226 4514 1377 4579 minime

167 4591 284 4659 domus
305 4592 475 4681 diligentia
497 4597 736 4673 contineretur.
