2850 4958
463 267 586 349 nlsT.
610 267 733 350 ROM.
759 268 850 347 ΜΒ.
880 269 929 347 ΙΙ.
1255 266 1309 355 6ι.

83 429 391 517 τνιιοῖᾰαῑανωηᾳιιε
410 431 574 515 legionum
595 437 695 505 tratum
715 432 917 519 totidemque·
931 434 1063 503 alarum
1074 474 1084 505 ,
1109 442 1143 492 et
1167 452 1228 496 sex
1249 455 1311 495 eo-.

87 514 315 581 hart1am***.·
336 514 425 579 velut
447 518 481 578 in
500 514 567 577 hoe
587 516 723 579 salutem
744 518 971 599 tantummodo
992 514 1089 584 nobis
1120 514 1311 601 indulgente

86 600 259 671 Fortuna,
290 608 527 685 ne·oocnpato
560 598 643 671 duce
662 604 737 665 Μ.
780 600 846 673 Sul
875 624 985 667 caussa
1014 610 1046 665 st
1067 619 1208 687 persona
1232 623 1310 663 mo·

85 706 159 749 ram
183 682 294 767 exigit.

131 768 241 831 Varus
264 766 487 845 Quinctilius,
515 768 621 833 nobili
642 766 762 852 magis,
786 790 883 853 quam
906 766 1025 833 illustri
1048 779 1141 839 ortus
1161 770 1308 845 familia,

83 849 141 912 vir
163 851 294 934 ingenio
317 851 425 925 mitis,
449 856 597 917 moribus
619 852 768 938 quietus,
793 860 829 913 ut
851 874 1015 935 corpore,
1039 855 1084 917 ita
1105 852 1213 918 animo
1238 855 1309 917 im-

81 934 266 1015 mobilior,
292 934 362 995 otio
386 936 487 1020 magis
509 948 704 1010 castrorum,
729 959 826 1021 quam
839 936 977 999 bellicae
992 938 1142 1001 adsuetus
1157 939 1308 1018 militiae,

81 1019 248 1100 peculiiae
269 1038 347 1079 vero
371 1040 467 1101 quam
490 1044 557 1083 non
578 1029 784 1095 contemtor,
807 1020 923 1103 Syria,
947 1021 1000 1083 cui
1021 1026 1227 1108 praefuerat,
1248 1022 1311 1083 de-

81 1102 246 1175 elaravit3
271 1123 368 1184 quam
388 1124 516 1187 pauper
536 1105 671 1169 divitem
694 1104 877 1187 ingressus,
906 1103 996 1168 dives
1024 1128 1204 1189 pauperem
1226 1104 1311 1168 reli-

82 1188 174 1271 quit.
218 1184 249 1244 Is
273 1207 374 1267 quum
396 1190 578 1264 exercitui,
600 1189 657 1290 qui
679 1196 750 1249 erat
770 1186 806 1249 in
827 1188 1013 1260 Germania,
1035 1198 1211 1273 praeesset,
1233 1211 1312 1251 com

81 1270 179 1353 cepit
202 1289 269 1329 esse
291 1269 450 1344 homines,
475 1274 531 1357 qui
552 1272 636 1335 nilnl
650 1272 783 1357 praeter
796 1293 911 1335 vocem
925 1272 1136 1357 membraque
1150 1273 1312 1337 haberent
1367 1293 1370 1300 ’

80 1350 285 1427 bominum,
307 1353 430 1436 quique
451 1356 567 1437 gladiis
588 1355 715 1418 domari
736 1376 803 1417 non
823 1364 989 1441 poterant,
1011 1378 1108 1437 posse
1129 1358 1203 1419 iure
1221 1356 1312 1420 mul-

81 1437 170 1525 prri.
215 1437 290 1515 Quo
312 1439 488 1521 proposito
511 1440 650 1502 mediam
673 1440 834 1522 ingressus
861 1441 1089 1515 Germaniam,
1112 1441 1203 1505 velut
1223 1441 1311 1508 iuter

81 1520 179 1581 viros
200 1520 487 1609 pacis-gaudentes
509 1522 700 1597 dulcedine,
722 1522 1007 1588 iurisdictionibus
1028 1523 1220 1609 agendoque
1242 1546 1308 1607 pro

82 1602 248 1673 tribunali
272 1606 410 1683 ordine,
434 1606 587 1669 trahebat
607 1606 739 1674 aestiva.
1190 1681 1193 1686 ,

86 1682 90 1689 ’
132 1682 287 1749 CXVIII.
319 1688 363 1748 At
390 1684 461 1760 illi,
490 1688 580 1774 quod
610 1689 674 1751 nisi
701 1696 855 1770 expertus
881 1688 937 1750 vix
963 1688 1097 1764 eredat,
1130 1691 1166 1753 in
1186 1710 1311 1751 summu

84 1769 223 1830 feritate
244 1771 470 1849 versutissimi,
494 1782 672 1856 natumque
693 1772 863 1833 mendacio
885 1793 999 1857 genus,
1017 1771 1204 1835 simulantes
1219 1772 1310 1832 fictas

82 1850 200 1935 litium
226 1854 344 1931 series,
378 1862 410 1917 et
439 1878 525 1925 nuuc
552 1864 770 1939 provocantes
792 1853 875 1916 alter
897 1854 1035 1917 alterum
1058 1857 1199 1931 iniuria,
1222 1876 1310 1917 nune

86 1945 223 2023 agentes
244 1940 381 2022 gratias,
408 1940 498 2023 quod
520 1962 572 2001 eas
591 1941 735 2005 Romana
760 1938 883 2000 iustitia
905 1939 1026 2013 finiret,
1049 1941 1228 2023 feritasque
1252 1961 1310 1999 sua

85 2021 250 2100 suavitate
272 2023 458 2107 incognitae
490 2022 682 2106 discipliuae
705 2023 906 2097 mitesceret,
939 2031 972 2083 et
995 2020 1092 2085 solita
1114 2026 1213 2087 armis
1234 2021 1310 2090 dis'f

85 2105 182 2178 cerni
218 2105 291 2166 iure
325 2106 600 2179 terminarentur,
638 2108 671 2179 in
708 2127 865 2167 summam
901 2105 1088 2173 socordiam
1123 2107 1310 2191 perduxere

86 2186 333 2265 Quinctilium3
363 2212 465 2273 usque
497 2212 557 2264 eo,
592 2199 627 2252 nt
654 2211 688 2249 se
708 2190 899 2251 Praetorem
922 2189 1083 2254 urbanum
1105 2190 1236 2260 infore
1260 2191 1310 2251 ius

85 2270 221 2345 dicere,
244 2294 311 2333 non
334 2273 366 2334 in
388 2272 503 2335 mediis
526 2273 719 2335 Germaniae
742 2272 860 2337 finibus
883 2272 1041 2334 exercitui
1064 2295 1224 2356 praeesse,
1241 2294 1311 2335 cro·

86 2354 195 2414 deret.
242 2356 326 2425 Tum
359 2357 483 2420 iuvenis
511 2360 629 2441 genere
657 2353 795 2430 nobilis,
829 2377 925 2419 manu
948 2356 1065 2429 fortis,
1086 2378 1180 2418 sensu
1203 2355 1309 2429 celer,

86 2436 176 2503 ultra
206 2437 383 2501 barbarum
409 2450 560 2528 promtus
586 2440 741 2523 ingenio,
772 2440 907 2501 nomine
932 2440 1122 2513 Arminius,
1154 2436 1310 2525 Sigimeri

84 2521 253 2605 principis
267 2524 379 2607 'gentis
402 2525 471 2596 eius
492 2524 589 2598 filius,
612 2522 768 2597 ardorem¹
785 2522 886 2589 animi
908 2520 1001 2585 vultu
1019 2522 1189 2607 oculisque
1209 2543 1311 2605 prae-

84 2608 199 2671 ferens
211 2650 220 2679 ,
243 2607 388 2668 assiduus
410 2606 547 2677 militiae
568 2616 701 2671 nostrae
720 2606 845 2689 prioris
866 2627 996 2681 eomes,
1020 2608 1126 2691 [oum]
1149 2609 1221 2669 inre
1242 2605 1311 2667 eti,

83 2708 142 2749 am
165 2688 306 2749 civitatis
327 2690 450 2753 Romae
472 2690 521 2751 ius
540 2691 700 2775 equestris
722 2698 914 2759 consecutus
936 2688 1066 2773 gradus,
1089 2692 1227 2773 segnitia
1245 2687 1311 2750 du-

83 2772 138 2835 eis
161 2772 195 2829 in
218 2772 422 2833 occasionem
443 2773 574 2836 sceleris
596 2794 671 2835 usus
693 2781 759 2834 est:
787 2770 877 2840 haud
899 2772 1124 2853 imprudenter
1151 2772 1309 2858 specula-

80 2864 162 2925 tus,
184 2855 345 2915 neminenr
367 2853 505 2921 celerius
527 2856 693 2939 opprimi,
717 2855 892 2939 quam'qui
914 2856 1000 2917 nihil
1019 2856 1172 2933 timeret3
1197 2867 1230 2919 et
1243 2858 1310 2917 ire.

83 2938 340 3023 quentissimum
362 2937 492 2999 initium
516 2960 583 2999 esse
605 2937 814 3010 calamitatis,
834 2939 1056 3009 securitatem.
1099 2940 1214 3002 Primo
1236 2938 1310 3019 igi-

82 3031 145 3095 tur
166 3042 311 3103 paucos,
334 3042 411 3092 mox
433 3020 543 3103 plures
565 3020 598 3081 in
620 3020 810 3081 societatem
835 3020 965 3082 consilii
988 3022 1129 3105 recipit:
1164 3021 1312 3104 opprimi

83 3126 186 3189 posse
207 3105 372 3166 Romanos
394 3114 427 3167 et
449 3104 531 3165 dicit
553 3114 584 3165 et
604 3102 795 3188 persuadet3
819 3100 960 3165 decretis
974 3105 1060 3165 facta
1074 3104 1201 3187 iungit3
1225 3113 1312 3167 tern-

112 3210 150 3249 us
174 3187 365 3249 insidiarum
389 3189 573 3259 constituit.
618 3186 656 3252 ld
680 3186 771 3248 Varo
793 3206 856 3269 per
870 3185 983 3247 uirum
1005 3185 1074 3250 eius
1095 3189 1200 3272 gentis
1221 3188 1311 3263 fide-‚s

84 3212 153 3335 lem
183 3271 330 3355 clarique
359 3272 523 3353 nominis,
555 3273 730 3356 Segesten,
766 3268 943 3345 iudicatur.
984 3268 1049 3331 Sed
1079 3269 1312 3354 praevalebant

86 3358 153 3417 iana
178 3356 242 3415 fatu
265 3354 430 3429 consiliis;
457 3376 652 3439 omnemque
674 3353 774 3417 animi
797 3352 866 3421 eius
890 3352 992 3420 aciem
1014 3355 1307 3437 praestrinxerantt

85 3436 223 3522 Quippe
245 3437 290 3499 ita
310 3458 344 3500 se
365 3460 416 3502 res
436 3438 554 3514 babet,
578 3448 616 3501 ut
636 3436 830 3520 plerumque
850 3439 1018 3500 fortunam
1039 3447 1223 3506 mutaturus
1236 3442 1310 3504 Des·

85 3544 128 3589 us
161 3520 298 3583 consilia
325 3530 533 3603 corrumpat,
565 3521 762 3607 efficiatque,
785 3520 876 3603 quod
897 3521 1133 3584 misserrirnnm
1158 3532 1225 3600 est,
1249 3533 1307 3599 ut,

88 3603 181 3689 quod
203 3604 341 3677 accidit,
374 3604 407 3667 id
435 3608 532 3677 etium
558 3605 677 3669 merito
707 3604 863 3669 accidisse
894 3604 1063 3678 videatur,
1097 3615 1129 3665 st
1157 3627 1250 3669 casus
1271 3607 1307 3670 iu

86 3686 220 3769 culpam
242 3696 395 3757 transeat.
428 3690 533 3775 Negat
553 3688 665 3773 itaque
685 3709 719 3754 se
739 3688 886 3760 credere,
901 3707 1057 3771 spemque
1072 3686 1106 3747 in
1120 3708 1154 3748 se
1167 3688 1309 3749 benevo-

84 3770 211 3835 lentiae
232 3794 270 3833 ex
292 3772 411 3839 merito
434 3772 604 3843 aestimare
624 3771 814 3855 profitetur.
857 3772 926 3835 Nec
953 3769 1099 3843 diutius,
1125 3779 1203 3853 post
1226 3772 1307 3854 pri-

85 3878 180 3925 mum
204 3856 367 3928 indicem,
391 3854 533 3921 seeundo
557 3855 693 3919 relictus
713 3853 818 3915 locus.

96 3934 99 3941 '
135 3940 250 4000 CXIX.
289 3938 449 4001 Ordinem
479 3938 702 4004 atrocissimae
738 3935 949 4011 calamitatis,
986 3958 1050 4020 qua
1085 3936 1196 4011 nulla,
1231 3946 1308 4020 post

87 4023 197 4095 Crassi
219 4024 252 4089 ln
273 4022 405 4084 Parthis
427 4022 598 4097 damnum,
629 4021 662 4082 in
684 4020 805 4084 exteris
825 4019 974 4101 gentibus
996 4019 1130 4103 gravior
1151 4021 1305 4085 Romanis

84 4108 176 4180 fuit,
209 4106 300 4175 lustls
327 4106 567 4180 voluminibus,
597 4113 633 4167 ut
655 4103 733 4177 alii,
761 4103 806 4163 ita
826 4121 886 4161 nos
908 4104 1101 4166 conabimur
1122 4125 1305 4185 exponere:

85 4212 178 4253 nunc
202 4212 324 4265 summa
346 4188 491 4252 dessenda
516 4200 576 4251 est.
618 4186 791 4258 Exercitus
818 4183 964 4249 omnium
990 4186 1206 4260 fortissimus,
1237 4186 1308 4249 dtu„

86 4271 231 4355 ciplina,
261 4296 380 4348 manu,
411 4271 678 4355 experientiaque
706 4268 870 4330 bellorum
895 4267 980 4327 inter
1001 4269 1166 4332 Romanos
1187 4268 1307 4335 milites

85 4358 266 4441 princeps,
298 4377 449 4423 maroore
479 4355 588 4429 ducis,
620 4352 759 4438 pertidia
790 4350 915 4427 hostis,
953 4350 1125 4435 iniquitate
1154 4355 1308 4421 fortunae

87 4440 353 4515 circumventus,
372 4442 486 4523 (quum
508 4460 550 4500 ne
570 4434 740 4526 pugnandi
760 4432 892 4519 quidem
914 4441 969 4497 aut
990 4434 1176 4517 egrediemli
1202 4458 1309 4502 ocos-f

87 4524 197 4595 sicile,
219 4522 252 4588 ln
273 4533 429 4606 quantum
450 4521 634 4597 voluerant,
652 4522 728 4591 data
748 4526 831 4581 esset
844 4516 1007 4593 immunis,
1029 4520 1193 4605 castigatis
1208 4522 1310 4588 etiam

90 4604 287 4693 ‹quiliusdnm
313 4607 405 4695 gnari
431 4629 562 4701 poena,
591 4606 670 4695 quia
692 4600 847 4689 Romanis
877 4608 910 4663 el
934 4602 1033 4684 ermis
1061 4611 1094 4667 et
1120 4603 1241 4676 nuituis
1257 4604 1308 4694 usi
