2850 4958
191 266 261 347 136
569 264 612 345 t.
636 262 820 341 tunam
844 266 991 343 FLOR!

141 437 354 519 routrinsqus
373 430 458 498 coeli
478 429 586 495 subita
605 430 745 495 mantio
765 452 830 515 pro
853 428 1040 514 pestilentia
1059 429 1133 495 tute
1170 428 1229 494 sto
1250 432 1307 497 six
1320 440 1379 499 ter·

180 524 227 584 tia
280 526 351 583 arte
379 516 421 579 de
449 514 590 577 sedecim
618 513 802 598 legionibus
831 514 975 596 reliqua,
999 536 1100 597 quum
1120 524 1298 601 argentum
1321 520 1379 591 eins

180 624 300 691 passam
321 598 466 662 dolabris
487 597 733 659 concideretur:
756 605 789 658 et
808 598 946 659 subinde
966 597 1053 658 inter
1072 618 1182 660 moras
1202 611 1380 665 mortemn

180 686 363 771 gladiatore
393 703 451 743 suo
484 681 656 765 flagitasset
680 681 835 765 egregius·
858 680 1065 763 Imperator:
1087 681 1220 743 taudem
1244 686 1381 769 perfugit

179 774 215 834 in
242 768 381 852 Syriam.
429 764 481 825 Ibi
512 762 699 825 incredibili
731 763 868 861 quadam
905 765 1023 824 mentis
1052 764 1209 843 vecordia
1242 770 1380 833 ferocior

179 854 345 937 eliquanto
366 852 471 912 iactus
492 856 558 911 est:
582 846 673 931 quasi
693 847 840 922 vicisset,
863 846 939 931 quia
961 855 1115 909 evaserat.

613 978 839 1043 CAPUT
880 982 938 1045 XI.

458 1086 579 1129 neuun
601 1084 668 1129 GU!
689 1086 824 1125 All'l'olllo
847 1088 885 1127 Η·
908 1082 1098 1129 ettotam·

139 1206 156 1247 r
219 1181 330 1245 Furor
358 1177 516 1249 Antonii,
548 1188 705 1263 qnatenus
732 1200 794 1261 per
824 1180 981 1241 ambitum
1003 1202 1070 1241 non
1092 1178 1291 1256 interierat,
1313 1164 1377 1245 ludu

180 1276 213 1329 et
232 1265 370 1329 libidine
401 1263 576 1325 exstinctus
607 1272 666 1324 cst.
708 1264 841 1345 Quippe
867 1274 945 1345 post
964 1264 1126 1336 Parthos,
1149 1286 1255 1346 quum
1278 1284 1377 1327 exosus

179 1372 268 1411 arma
291 1351 323 1410 in
347 1348 416 1409 otio
438 1354 566 1429 ageret,
595 1354 709 1428 captus
727 1366 840 1406 amore
868 1348 1081 1429 Cleopatrae,
1112 1348 1205 1429 quasi
1227 1347 1376 1429 benege·
1415 1394 1417 1415 .

138 1453 159 1495 a
179 1435 237 1495 stis
258 1433 375 1505 rebus,
406 1430 441 1490 in
472 1430 564 1511 regio
586 1449 619 1490 se
640 1430 713 1489 sinu
733 1428 912 1492 reficiebat.
955 1431 1044 1491 Haec
1078 1429 1199 1491 mulier
1230 1430 1375 1515 Aegypti!
1411 1458 1417 1498 t

180 1517 220 1578 ab
250 1516 343 1578 ebrio
376 1515 579 1595 Imperatore
612 1514 756 1593 pretium
787 1510 961 1575 libidinum
997 1513 1177 1574 Romanum
1216 1512 1374 1597 imperiur
1405 1538 1417 1579 t

178 1600 274 1684 petit.
317 1596 360 1657 Et
379 1595 533 1679 promisit
552 1596 734 1659 Antonius:
758 1597 850 1675 quasi
870 1596 1003 1658 facilior
1024 1606 1106 1657 esset
1125 1595 1253 1659 Partlro
1269 1600 1373 1661 nons-

137 1682 159 1744 3
178 1705 250 1745 nus.
293 1682 400 1765 Igitur
420 1678 676 1739 dominationem
696 1698 834 1762 parare,
855 1700 916 1741 nee
936 1679 1055 1753 tacite3
1078 1679 1135 1741 sed
1154 1681 1301 1761 patriae,
1323 1700 1371 1743 ue·
1400 1685 1417 1745 tl

179 1766 288 1838 minis,
311 1772 418 1847 togae,
441 1760 576 1822 fascium
599 1761 733 1835 oblitus,
758 1766 846 1823 totus
866 1763 901 1823 in
922 1771 1104 1824 monstrum
1123 1760 1205 1824 illud
1221 1770 1367 1833 utmente,
1398 1782 1414 1825 n

179 1849 224 1910 ita
246 1848 353 1907 animo
377 1845 532 1927 cultuque
558 1843 749 1906 desciverat.
795 1845 938 1906 Aureum
962 1846 996 1905 in
1025 1868 1124 1907 manu
1144 1840 1367 1923 baculum3tl
1396 1852 1412 1908 la

178 1931 263 1993 latus
293 1929 459 2001 acinaces·,
496 1948 662 2008 purpurea
694 1929 792 1989 vestis
821 1927 1007 2011 ingentibus
1039 1928 1198 1992 obstricta
1235 1928 1364 2015 gemmist
1393 1948 1417 2009 po

138 2015 161 2092 4
180 2013 325 2075 diadema
347 2010 458 2072 deerat
473 2009 627 2091 [aderat],
650 2019 688 2071 ut
708 2011 818 2095 regina
841 2032 899 2071 rex
921 2021 953 2073 et
967 2012 1036 2095 ipse
1050 2015 1230 2095 frueretur.
1259 2008 1365 2095 Adpri·
1393 2014 1415 2073 td

177 2116 262 2157 mam
292 2114 453 2155 navorum
485 2101 632 2153 motuum
664 2095 784 2157 famam
815 2094 933 2157 Cacsar
956 2117 973 2155 a
995 2093 1171 2157 Brundisio
1192 2098 1363 2171 traiecerat,
1393 2104 1417 2157 ut

177 2176 376 2241 utnenienti
397 2175 483 2235 bello
505 2185 718 2236 occurreret:
745 2178 928 2261 positisque
948 2179 1062 2241 castris
1082 2178 1116 2241 in
1137 2178 1265 2262 Epiro,
1295 2180 1362 2241 bea·
1391 2190 1417 2240 et

176 2261 286 2324 cadem
310 2259 446 2321 insulam
466 2267 675 2340 montemque
695 2260 855 2322 Leucaten
882 2268 914 2322 et
934 2259 1101 2323 Ambracii
1125 2263 1214 2323 sinus
1242 2282 1362 2335 cornus,
1392 2280 1415 2339 pe

136 2342 156 2406 b
178 2345 293 2407 infesta
315 2342 414 2404 classe
434 2341 648 2404 succinxerat.
692 2343 797 2405 Nobis
828 2343 1083 2429 quadringentae
1110 2345 1251 2427 amplius
1271 2364 1363 2417 naret,

179 2427 336 2490 ducentae
355 2447 422 2486 non
443 2424 548 2485 minus
572 2422 738 2500 hostium3
772 2426 828 2487 sed
858 2448 1031 2489 numerum
1057 2429 1250 2507 magnitudo
1270 2448 1364 2512 pensu*
1391 2447 1417 2507 pr

177 2506 255 2573 bat.¹
289 2509 420 2591 Quippe
442 2528 459 2567 a
480 2508 564 2567 senis
595 2508 628 2567 in
660 2530 806 2571 novenos
836 2528 1003 2571 remorum
1037 2510 1228 2587 ordinibus,
1259 2513 1298 2574 ad
1319 2512 1364 2575 bot
1391 2526 1417 2570 tn

177 2594 344 2665 turribus,
367 2600 464 2673 atque
485 2588 638 2651 tabulatis
664 2590 837 2665 allevatus,
861 2593 1066 2655 castellorum
1088 2592 1139 2655 vel
1159 2595 1292 2659 urbium
1311 2600 1366 2679 sps·
1390 2608 1416 2655 to

178 2679 251 2750 cie,
280 2697 346 2736 non
370 2675 440 2735 sine
471 2676 594 2757 gemitu
623 2677 743 2750 maris,
777 2685 810 2736 et
840 2675 957 2737 labore
980 2686 1153 2739 uentorum
1176 2680 1365 2741 ferebantur:
1391 2687 1415 2737 tt

137 2762 157 2825 6
179 2780 261 2842 quae
284 2756 414 2839 quidem
437 2756 506 2839 ipsa
526 2757 629 2817 moles
652 2760 754 2820 exitio
775 2759 851 2821 fuit.
890 2760 1034 2823 Caesaris
1054 2782 1152 2821 naves
1167 2782 1184 2822 a
1199 2762 1368 2824 triremibrt
1402 2784 1417 2819 c

179 2844 213 2905 in
244 2862 357 2912 senos,
386 2860 447 2901 nee
479 2840 617 2923 amplius
650 2840 783 2904 ordines
815 2853 996 2905 creverant.
1047 2845 1163 2926 ltaque
1192 2845 1319 2907 habiles
1346 2844 1369 2907 it
1393 2841 1416 2903 ia

179 2926 299 2998 omnia,
316 2946 398 3008 qnae
412 2944 487 2984 usus
508 2933 672 3005 posceret,
692 2923 733 2985 ad
754 2925 893 3005 impetus
915 2935 948 2986 et
968 2948 1118 2989 recursus
1138 2928 1305 3012 flexusque
1325 2948 1369 2989 cs·
1395 2948 1417 3008 p

134 3084 138 3091 Ι
179 3006 338 3093 piendos,
361 3007 431 3069 illas
453 3028 565 3083 graves
602 3015 634 3067 et
661 3006 701 3068 ad
725 3010 834 3071 omnia
854 3012 1081 3093 praepeditas,
1109 3008 1251 3095 singulas
1279 3012 1371 3095 plura
1399 3030 1417 3075 te

179 3090 334 3164 adortae,
357 3088 532 3152 missilibus
554 3090 650 3151 simul
670 3092 809 3167 rostris,
829 3092 875 3154 ed
896 3092 962 3155 boc
982 3093 1112 3179 ignibus
1131 3094 1226 3158 iactis
1249 3095 1306 3175 [ad
1326 3114 1372 3157 ar·
1403 3106 1405 3113 '

138 3174 335 3275 7bitrium]
364 3173 571 3273 dissipavere.
624 3173 693 3235 Nec
721 3174 788 3235 ulla
820 3196 863 3275 re·
884 3176 987 3259 magis
1016 3176 1186 3239 hostilium
1218 3178 1374 3265 copiam
1406 3186 1417 3243 't

177 3256 1376 3431 titii?titillabit,iiiiii?‘'stitit-'titium
1406 3262 1417 3433 i

135 3448 139 3461 ·
178 3433 212 3486 et
233 3422 454 3494 Sabaeorum,
477 3428 510 3481 et
530 3420 620 3483 mille
644 3421 782 3483 aliarum
808 3424 952 3504 gentium
978 3424 1073 3487 Asiae
1093 3426 1377 3515 spolia,-purpu·
1409 3430 1417 3495 l

176 3526 246 3568 ram
268 3522 447 3585 aurumque
468 3501 501 3563 in
522 3503 628 3584 ripam
650 3504 778 3566 assidue
799 3514 888 3567 mota
908 3509 1013 3571 ventis
1034 3513 1137 3572 maria
1161 3515 1376 3577 resumebant·-
1410 3538 1417 3578 t

136 3582 286 3653 8Prin'tn
307 3584 373 3646 dux
393 3588 488 3669 fugae
509 3586 651 3663 regina,
669 3607 743 3647 enm
773 3609 871 3650 aurea
893 3612 1024 3677 puppe,
1054 3592 1196 3676 veloque
1217 3614 1377 3679 purpurea
1413 3610 1417 3662 .’

134 3666 151 3693 ’·
175 3668 210 3733 in
231 3668 332 3731 altum
352 3690 386 3731 se
406 3668 508 3731 dedit.
552 3670 630 3729 Mox
651 3679 780 3734 secutus
801 3673 983 3736 Antonius:
1011 3677 1067 3737 sed
1096 3677 1219 3739 instare
1244 3680 1377 3765 vestigiis
1412 3707 1417 3747 a

139 3756 313 3841 9Caesar.-
350 3752 464 3835 ltaque
493 3771 555 3812 nec
583 3762 777 3841 praeparata
806 3757 840 3818 in
872 3756 1039 3821 Oceanum
1056 3754 1246 3844 'fuga,·nec
1266 3762 1377 3824 mnnita
1414 3768 1417 3829 i

177 3834 350 3921 praesidiis
369 3836 507 3925 utruque
529 3833 669 3919 Aegypti
692 3854 827 3927 cornua,
848 3836 1080 3904 Paraetonium
1095 3842 1193 3927 atque
1207 3844 1375 3917 Pelusium,
1415 3874 1417 3909 t

136 3939 142 3949 ·
176 3922 353 4004 proluere:
373 3939 480 4002 prope
500 3920 596 3980 manu
618 3923 839 3985 tenebamur.-
866 3920 967 3987 Prior
987 3928 1110 3988 ferrum
1128 3932 1304 4010 occupavit
1314 3928 1378 3989 dn-
1416 3964 1417 3971 κ

176 4003 301 4064 tonius·-
344 4000 465 4086 Regina
480 4000 527 4061 -ad
548 4003 647 4085 pedes
668 4006 1010 4087 Caesarisproroluts
1029 4014 1167 4071 tentavit
1189 4012 1304 4075 oculos
1322 4006 1379 4075 ta'-

161 4087 240 4171 scis.¹
275 4086 431 4159 erasmae,
462 4106 545 4145 nam·
564 4087 889 4169 pulchritudo-infra
910 4092 1106 4174 pudicitiam
1125 4095 1291 4177 principis
1311 4094 1378 4159 fuit

140 4170 250 4232 roNeo'
263 4166 333 4229 illa·
344 4168 384 4229 de
398 4169 489 4243 ¹ritu,
511 4190 594 4250 quae
616 4170 824 4244 offerebatur,
847 4173 902 4234 sed
915 4175 964 4236 de
984 4186 1078 4257 parte
1092 4179 1184 4260 regni
1199 4176 1377 4243 laborabat.

133 4256 136 4263 '
175 4250 361 4332 Quodubi:
377 4251 559 4334 desperavit
580 4274 598 4312 n
618 4253 789 4337 principc‘,
822 4258 1011 4341 servarique
1029 4272 1065 4320 se
1085 4262 1259 4341 triumphu
1281 4262 1378 4335 vidit,

44 4368 49 4399 t
177 4332 400 4397 incautiorem·
413 4336 505 4397 nacta
517 4334 714 4411 custodiam,
738 4344 772 4400 in
790 4338 995 4402 Mausoleum
1010 4364 1043 4404 se
1056 4342 1246 4425 (sepulchra
1272 4362 1379 4431 repam

139 4419 229 4481 arsic'
246 4420 379 4497 vocent)
393 4418 527 4500 recipit·
563 4417 630 4480 'lbi'
644 4421 826 4496 maximos,
845 4430 885 4483 -nt
908 4424 1055 4500 solebat,
1078 4427 1192 4488 induta
1214 4428 1378 4505 antennis

178 4503 308 4565 differto
330 4494 494 4565 nidoribus
504 4499 609 4575 tolio,
625 4503 715 4563 iusta
736 4508 829 4566 sunm
851 4527 885 4567 se
897 4505 1083 4570 collocarit
1099 4509 1279 4575 Antonium
1292 4536 1302 4589 3
1314 4508 1380 4575 'at-

166 4584 341 4668 'motis'qns
352 4583 507 4653 uenena
519 4582 738 4673 serpentibus,
753 4589 805 4653 sic·
814 4588 935 4665 morte,-
949 4590 1043 4676 qnasi
1055 4592 1187 4671 sunnon
1198 4597 1310 4663 soluts
1324 4590 1378 4661 et
