2834 4950
230 263 395 343 eruco·
418 259 599 343 cauus
624 262 749 339 acu.
776 204 1040 365 cae..s10·-
1187 291 1259 371 ¹97
1296 370 1304 395 ἱ

57 429 128 493 ὑπὸ
148 434 214 489 τοῦ
233 434 372 511 πεινᾷν,
403 423 493 507 quod
523 423 677 487 videlieet
707 425 829 502 ieiuni,
860 448 898 488 ae
916 449 978 510 per
997 428 1064 491 hoc
1089 432 1267 495 esurientes

57 514 101 575 ab
132 511 294 573 eiusmodi
325 510 493 573 sacrificiis
523 507 700 570 discedant.
741 510 838 590 Isque
866 532 937 572 mos
965 514 1144 594 permansit
1164 537 1264 598 usque
1284 519 1308 597 4
1332 518 1337 529 ‘

59 594 205 677 Appium
237 594 408 656 Claudium
437 594 627 667 Censorem,
658 601 696 653 ut
720 593 854 653 Potitiis
875 614 965 655 sacra
986 596 1178 659 facientibus
1200 623 1261 661 ve·
1328 638 1331 642 ·

57 680 289 759 mentibusque
319 677 359 738 de
386 697 425 737 eo
456 675 562 750 hove,
588 696 683 758 quem
705 676 971 752 immolaverant,
993 677 1166 761 postquam
1187 684 1263 745 inde

58 760 144 823 nihil
165 761 392 841 reliquissent,
414 758 539 820 Pinarii
560 759 677 820 deiude
697 759 958 821 admitterentur.
1004 763 1126 823 Verum
1150 763 1304 845 postea5

59 842 187 927 Appius
209 844 382 917 Claudius,
410 851 542 921 accepta
563 843 722 923 pecunia,
751 843 892 905 Potitios
914 843 1035 919 illexit,
1059 855 1095 906 ut
1115 845 1262 910 admini-

62 928 251 989 strationem
283 949 451 992 saerorum
482 924 633 986 Herculis
664 946 774 988 servos
803 927 955 1006 publicos
977 928 1185 1004 edocerent,
1203 951 1264 993 nec

64 1013 246 1073 sanctiam
267 1011 420 1071 mulieres
441 1007 660 1076 admitterent.
700 1011 774 1088 Quo
796 1015 883 1072 facto
907 1011 997 1071 aiunt
1017 1013 1102 1072 intra
1117 1011 1185 1073 dies
1199 1016 1265 1076 tri·
1283 1013 1305 1080 6

68 1092 151 1173 'ginta
172 1114 301 1157 omnem
322 1092 478 1154 familiam
497 1091 721 1166 Potitiorum,
752 1115 834 1176 quae
854 1093 950 1175 prior
971 1094 1005 1155 in
1033 1095 1132 1156 sacris
1160 1095 1267 1158 habe·
1301 1118 1309 1169 '.

66 1170 176 1251 batur,
208 1178 414 1239 exstinctam:
445 1182 542 1256 atque
573 1176 619 1237 ita
651 1197 741 1237 sacra
770 1197 868 1259 penes
902 1177 1053 1238 Pinarius
1082 1178 1262 1256 resedisse,

72 1278 200 1342 easque,
228 1269 295 1319 tam
324 1258 485 1342 religione
514 1280 611 1340 quam
641 1260 738 1321 etiam
767 1260 890 1342 pietate
920 1259 1075 1336 edoctos,
1106 1264 1263 1344 mysteria

76 1340 223 1405 eiusmodi
246 1341 389 1405 fideliter
409 1340 598 1405 custodisse.
1115 1377 1118 1381 .
1332 1338 1335 1344 ’

107 1426 160 1489 ΙΧ.
190 1425 272 1487 Post
295 1425 442 1485 Faunum
463 1424 597 1498 Latino,
619 1425 687 1486 eius
709 1424 799 1499 filio,
825 1425 860 1485 in
879 1423 973 1485 Italia
994 1436 1167 1509 regnante,
1189 1427 1265 1489 Ae-

72 1526 159 1582 neas,
187 1508 252 1571 llio
282 1506 416 1569 Achivis
439 1507 580 1586 prodito
611 1508 651 1569 ab
682 1508 847 1570 Antenore
878 1507 1014 1588 aliisque
1034 1509 1263 1590 principibus,

71 1610 181 1673 quam,
209 1612 289 1674 prae
316 1612 351 1653 se
377 1591 455 1652 deos
476 1590 611 1650 Penates
634 1600 825 1673 patremque
846 1589 1008 1651 Anchisen
1031 1591 1176 1653 humeris
1197 1615 1263 1676 ge·
1300 1612 1304 1619 ·

67 1680 162 1748 stans,
182 1696 244 1735 uec
263 1695 328 1735 non
351 1683 384 1737 et
402 1673 574 1756 parvulum
596 1671 696 1734 filium
718 1696 815 1734 manu
836 1672 978 1745 trahens,
1000 1684 1100 1735 noctu
1122 1678 1260 1738 excede-

65 1766 127 1831 ret,
147 1766 220 1819 orta
239 1756 312 1821 luce
332 1756 544 1841 cognitusab
566 1756 727 1829 hostibus,
750 1777 789 1817 eo
811 1755 897 1839 quod
921 1764 1009 1815 tanta
1034 1768 1167 1819 onustus
1187 1761 1264 1842 pie-

62 1840 139 1901 tatis
156 1839 281 1901 sarcina
303 1850 394 1913 erat,
417 1861 484 1901 non
504 1839 646 1901 modo-s
665 1839 755 1901 nullo
779 1837 1022 1918 interpellatus,
1045 1841 1101 1903 sed
1122 1845 1219 1903 etiam
1243 1866 1263 1907 a

58 1936 139 2008 rege
157 1922 418 2006 Agamemnone,
441 1945 507 2004 quo
529 1922 626 1983 vellet
637 1968 646 1997 ,
670 1924 718 1984 ire
737 1923 932 2003 permissus,
956 1922 1048 1983 Idam
1065 1925 1169 2004 petit:
1193 1927 1263 1987 ihi-

58 2020 128 2085 que
144 2006 279 2068 navibus
298 2007 487 2079 fabricatis,
514 2028 584 2066 cum
608 2005 718 2067 multis
739 2005 856 2066 diversi
880 2026 972 2067 sexus
993 2006 1118 2068 oraculi
1139 2008 1262 2069 admo-

57 2089 134 2151 uisu
163 2088 290 2151 ltaliam
320 2090 422 2171 petit3
455 2097 493 2149 ut
521 2089 618 2150 docet
647 2087 828 2152 Alexander
853 2087 1012 2168 Ephesius
1038 2088 1097 2150 lib.
1125 2091 1153 2152 Ι.
1181 2091 1261 2154 belli

57 2160 205 2235 Marsici.
246 2172 290 2232 At
313 2192 397 2234 vvero
428 2172 575 2233 Lutatius
605 2193 673 2239 non
702 2171 802 2232 modo
833 2171 1054 2244 Antenorem,
1086 2173 1262 2237 sedetiam
1281 2191 1302 2232 e

57 2242 74 2311 Ι
102 2278 169 2319 sum
187 2256 328 2317 Aeneam
347 2255 554 2336 proditorem
574 2256 699 2336 patriae
718 2256 816 2317 fnisse
830 2252 951 2315 tradit:
974 2253 1027 2316 eui
1042 2275 1142 2335 quum
1155 2280 1172 2317 a
1184 2252 1305 2341 rege5

57 2272 303 2423 qumemnoue
321 2339 513 2420 permissum
536 2346 618 2400 esset
639 2338 708 2410 ire,
729 2360 794 2421 quo
816 2337 935 2410 vellet,
962 2348 995 2399 et
1013 2337 1157 2400 humeris
1176 2342 1261 2415 suis,

57 2422 153 2563 ffrod
170 2421 376 2504 potissimum
396 2428 548 2502 putaret,
576 2419 642 2481 hoe
662 2421 782 2493 ferret3
809 2421 894 2482 nihil
914 2419 1005 2482 illum
1026 2431 1158 2500 praeter
1184 2422 1264 2485 deos
1295 2468 1299 2477 -

93 2514 198 2569 anates
219 2514 253 2567 et
272 2513 396 2581 patrem
419 2504 566 2585 duosque
585 2501 738 2582 parvulos
761 2502 865 2576 filios,
900 2512 937 2563 ut
958 2504 1089 2585 quidam
1110 2503 1261 2581 uadunt,

57 2598 103 2651 ut
125 2610 203 2651 sero
223 2586 322 2663 ,alii,·
346 2608 467 2661 unum,
499 2586 552 2648 cui
582 2586 655 2649 Iulo
688 2606 887 2671 cognomen,
908 2595 984 2667 post
1004 2586 1101 2646 etiam
1122 2587 1260 2651 Ascanio

57 2664 173 2747 faerit,
194 2691 303 2733 secum
324 2669 497 2740 extulisse:
521 2692 584 2751 qua
604 2669 726 2748 pietate
746 2678 853 2731 motos
874 2668 1074 2730 Achivorum
1089 2671 1260 2753 principes
1280 2672 1304 2750 4

57 2756 245 2827 misisse,
276 2763 313 2817 ut
343 2762 563 2815 reverteretur
594 2751 747 2826 domum,
780 2762 877 2832 atque
904 2752 980 2812 inde
1002 2752 1108 2814 omnia
1130 2776 1260 2831 secum,

57 2856 146 2923 quse
166 2837 280 2912 vellet,
303 2839 458 2899 auferret.
500 2837 615 2918 Itaque
636 2856 709 2896 eum
730 2837 852 2917 magnis
874 2855 947 2895 oum
969 2835 1085 2916 opibus
1098 2836 1263 2916 pluribus·

57 2942 128 3007 qus
146 2922 245 2985 sociis
269 2920 439 3002 utriusque
459 2940 551 2980 sexus
565 2940 583 2979 a
598 2918 699 2979 Troia
720 2917 910 3001 digressum,
931 2916 1031 2998 longo
1052 2920 1133 2979 mari
1149 2942 1263 2991 emen-¹

57 3024 122 3080 Ιο,
147 3026 211 3089 per
238 3003 379 3065 diversas
409 3010 671 3063 terrarum-oras
700 3000 735 3060 in
764 3000 892 3061 ltaliam
914 2998 1099 3075 devenisse,
1129 3024 1166 3059 ac
1186 3003 1262 3078 pri-

57 3106 152 3153 suusss
181 3086 356 3149 Thraciam
386 3084 579 3168 appulsum,
610 3085 736 3144 Aenum
766 3105 805 3145 ex
831 3105 888 3144 suo
911 3083 1043 3142 nomine
1064 3082 1259 3147 condidisse.

57 3170 170 3242 Dein,
200 3168 332 3253 cognita
357 3164 616 3251 Polymnestoris
643 3164 782 3247 perfidia
812 3187 851 3245 ex
878 3164 1039 3246 Polydori
1061 3186 1159 3241 nece,
1187 3159 1301 3229 inde5

58 3252 241 3339 digressum
259 3263 513 3334 pervectumque
534 3249 574 3311 ad
596 3248 732 3310 insulam
753 3248 890 3323 Delum,
922 3257 1019 3330 atque
1048 3246 1138 3309 illinc
1158 3250 1199 3312 ab
1221 3271 1260 3313 ec

57 3334 249 3409 laviniam,
270 3335 346 3396 Anii
366 3334 544 3399 sacerdotis
562 3331 726 3414 Apollinis
746 3332 861 3406 filiam,
883 3333 916 3394 in
937 3331 1181 3394 matrimonium
1201 3330 1263 3394 ad·
1290 3388 1294 3393 .

57 3420 195 3493 scitam,
218 3440 257 3480 ex
278 3418 369 3480 euius
388 3419 521 3481 nomine
540 3420 680 3481 tanim
698 3416 800 3476 litora
821 3414 992 3498 appellata.
1025 3414 1204 3498 Postquam
1222 3417 1261 3493 is,
1282 3402 1304 3476 d

58 3502 165 3567 multa
185 3500 288 3563 maria
309 3523 513 3579 permensus,
543 3497 696 3582 appulsus
715 3500 758 3559 sit
778 3499 818 3561 ad
839 3499 953 3561 ltaliae
973 3500 1262 3579 promontorium,

58 3582 153 3667 qaod
174 3594 222 3647 est
243 3585 277 3645 in
298 3585 439 3658 Baiano,
470 3585 557 3645 circa
584 3582 705 3645 Averni
725 3583 847 3657 lacum,
878 3580 991 3664 ibique
1011 3581 1264 3663 gubernatorem

58 3666 224 3733 lisanum
254 3668 374 3729 morbo
403 3669 603 3741 absumtum‚
629 3664 791 3747 sepultum
811 3666 852 3727 ab
874 3684 935 3737 eo;
959 3664 1109 3729 exenius
1129 3666 1262 3726 nomine

57 3750 179 3817 urbem
200 3750 348 3811 Misenon
370 3750 583 3831 appellatam,
603 3757 642 3808 ut
666 3748 762 3807 etiam
781 3748 897 3810 scribit
918 3747 1051 3820 Caesar,
1072 3746 1260 3808 Pontifica-

57 3834 143 3905 lium
164 3830 226 3895 lib.
247 3834 290 3906 1.,
312 3832 369 3914 qui
389 3841 496 3893 tamen
514 3831 602 3893 hunc
628 3829 788 3890 Misenum
816 3853 882 3892 non
903 3828 1177 3914 gubernatorem,
1206 3828 1263 3892 sed

57 3917 242 3983 tubicinern
263 3917 362 3978 fuisse
382 3914 496 3976 tradit.
536 3912 617 3973 lude
636 3934 704 3975 non
722 3910 909 3989 immerito,
931 3920 1101 3997 utramque
1122 3912 1262 3998 opinio-
1282 3931 1305 3999 7

57 4009 308 4073 moecatus,
330 4001 423 4060 Maro
445 3998 492 4059 sie
515 3995 646 4057 intulit:

101 4088 154 4149 At
168 4088 244 4161 pius
264 4087 392 4144 Aeneas
411 4084 538 4162 sisgeuts'
554 4080 637 4139 mule
656 4076 836 4158 sepulerum

104 4170 265 4244 triponis,
287 4186 407 4247 ‚suaque
427 4184 522 4237 arma
539 4167 627 4233 vire,
649 4180 831 4241 remumque
851 4157 1042 4242 tubamque.-

60 4250 233 4333 quamsis,
255 4257 390 4308 auctore
412 4247 580 4317 Homero,
603 4241 734 4323 quidam
755 4241 915 4316 adserunt,
938 4242 1038 4304 tubae
1060 4261 1152 4305 usum
1171 4242 1264 4304 Tro-
1283 4237 1304 4301 8

60 4330 148 4395 ienis
167 4332 373 4411 temporibus
394 4330 490 4389 etiam
512 4328 589 4387 tu'nc
608 4328 807 4406 ignoratum.
902 4364 905 4371 ·

103 4414 147 4477 X.
179 4414 312 4475 Addunt
340 4421 510 4491 praeterea
541 4408 693 4490 quidam,
726 4406 864 4469 Aeneam
894 4407 926 4469 in
958 4426 996 4469 eo
1023 4405 1124 4468 litore
1145 4405 1265 4485 Euxiqi

59 4496 232 4565 cuiusdam
252 4497 383 4557 consitis
403 4502 550 4559 matrem,
574 4490 689 4552 ultimo
708 4490 821 4550 aetatis
835 4490 990 4564 effectam,
1005 4489 1091 4551 ‹tiroa
1106 4498 1265 4566 stagnum,

62 4578 155 4665 qaod
177 4588 228 4643 est
249 4581 336 4645 inter
355 4580 503 4641 Misenon
522 4576 767 4658 Avernumque,
789 4573 962 4649 extulisse,
984 4581 1081 4657 atque
1103 4574 1177 4635 iude
1190 4570 1266 4635 loco
