2850 4958
5 898 11 915 .
100 850 160 911 sub
182 848 308 908 duobus
329 846 460 930 regibus
481 845 567 907 haud

97 273 172 353 308
454 255 677 409 11138Δὲ1
704 268 957 350 cervinus

101 396 350 500 distendatur.
394 432 468 496 Hoc
490 399 665 518 regnante,
686 430 727 498 ds
749 435 846 498 Creta
868 452 942 497 eum
961 453 1060 496 mann
1081 430 1298 497 electissimod

99 541 175 583 rum
204 521 354 580 iuvenum
382 518 471 579 forte
498 515 577 583 novi
608 517 700 600 regni
730 518 816 600 fama
845 517 1010 579 concitum
1043 517 1232 592 Teucrum,
1261 518 1298 580 ad

97 602 294 685 Phrygiam,
318 599 434 682 patriis
454 596 583 660 sedibus
604 597 792 679 expulsum,
808 599 940 660 ‘dicitur
962 601 1178 661 convenisse:
1206 601 1259 684 qui
1280 624 1297 662 a

99 686 275 757 Dardano,
301 691 334 749 st
351 682 466 743 dextra
490 691 523 743 et
544 681 609 749 fide
626 680 721 756 data,
747 683 781 743 in
802 690 895 762 perte
917 683 1008 765 regni
1031 700 1175 744 consors
1195 703 1298 744 susce-

98 777 174 850 ptus
200 774 265 838 est,
291 773 328 827 ut
349 763 574 827 numerosiore
589 760 723 905 popuio
745 782 830 827 nora
851 763 1067 845 implerentur
1079 767 1224 826 moenia.
1250 767 1296 825 lta

613 847 868 928 increpantibus,
889 845 1073 918 Dardania,
1094 848 1245 929 potentia
1267 856 1296 906 et

100 930 321 1014 magnitudine
339 937 453 1000 aucta,
498 927 607 1009 acilics
627 927 834 1010 aliquamdiu,
849 929 950 989 stetit.
990 928 1096 989 Huius
1111 926 1245 991 ‘Teucri
1268 929 1299 990 iu

100 1013 244 1098 regendo
267 1019 301 1072 et
320 1009 552 1094 rempublicam
572 1008 869 1091 augendo'bonitas
889 1006 1092 1092 comitasque
1117 1020 1207 1072 tanta
1227 1010 1298 1083 fuit,

100 1106 198 1158 uteo
221 1095 391 1166 defuncto,
412 1092 585 1175 superstite
604 1093 780 1165 Dardano,
808 1094 851 1154 ob
880 1092 981 1174 ipsius
1002 1092 1150 1175 inclytae
1172 1115 1299 1154 memo-

100 1180 171 1241 riae
205 1176 474 1260 gloricsissimum
507 1173 625 1255 decus,
669 1175 726 1259 qui
765 1174 971 1237 Dardanidae
1006 1177 1299 1254 nuncupabantur,

102 1260 253 1341 deinceps
269 1258 388 1320 Teucri
402 1258 721 1341 cognominarentur,
737 1266 773 1318 ut
788 1256 947 1339 Virgilius
963 1258 1056 1318 Maro
1080 1260 1166 1333 [Aen.
1176 1262 1298 1338 vt,645]:

224 1345 288 1403 Hie
304 1362 405 1421 genus
424 1345 590 1422 antiquum
616 1345 747 1412 Teucri,
764 1339 985 1438 ptdcberrima
998 1340 1123 1422 proles.-

140 1425 204 1490 lv.
240 1423 410 1484 Dardanus
440 1422 543 1483 lilium
572 1419 688 1483 habuit
717 1420 987 1495 Erichthonium,
1007 1441 1118 1504 quem
1148 1431 1228 1502 post
1257 1421 1298 1482 sui

103 1507 229 1569 obitum
260 1514 452 1589 regnantem·
475 1503 620 1585 reliquit.
660 1503 895 1566 Erichthonius
921 1505 1046 1565 Troum
1067 1504 1206 1586 genuit3
1231 1505 1294 1586 qui,

102 1591 226 1651 iustitis
257 1599 290 1648 et
320 1587 441 1668 pietate
472 1586 779 1667 insignissmntsto
811 1587 993 1655 Dardaniae
1024 1587 1180 1657 nomine,
1215 1607 1253 1646 ex
1271 1607 1298 1646 se

101 1675 218 1734 urbem
240 1670 373 1731 Troiam
394 1669 555 1730 nominari
576 1670 735 1751 permisit.
778 1671 863 1731 Hinc
889 1669 1067 1730 Troianum
1096 1688 1221 1728 nemen
1238 1691 1297 1729 ur-

102 1763 184 1825 tam.
227 1757 319 1823 Duos
349 1751 434 1814 filios
465 1751 573 1815 Trous
603 1751 738 1825 habuit,
769 1752 854 1815 Ilum
884 1751 1010 1813 scilicet
1036 1759 1068 1813 et
1097 1751 1295 1814 Assaracum.

101 1836 169 1899 Ilus
189 1858 289 1911 vero,
316 1836 393 1916 quia
418 1835 524 1896 maior
544 1843 641 1909 natu,
673 1835 825 1896 defuncto
847 1843 956 1917 patre,
980 1853 1118 1916 regnum
1140 1833 1295 1907 obtinuit,

104 1929 137 1981 et
158 1921 242 1980 intra
262 1917 353 1980 urbis
373 1917 499 1979 moenia
520 1914 614 1977 illam¹
628 1917 910 1979 eminentissimam
924 1925 1020 1998 atque
1033 1914 1295 1998 gloriosissimam

103 2022 211 2063 arcem
240 1999 360 2073 edidit,
387 2019 470 2081 quae
492 1999 600 2060 exsui
621 2000 752 2060 nomine
772 1998 869 2059 Ilium
890 2007 1098 2078 nuncupata:
1133 2002 1222 2060 unde
1241 1998 1295 2059 lli·

105 2104 193 2144 enses
216 2081 353 2144 Troiani
374 2080 465 2142 dicti.
509 2081 539 2140 ls
559 2078 811 2142 Laomedontem
844 2080 944 2144 filium
967 2079 1123 2162 reliquit:
1154 2101 1224 2162 quo
1245 2101 1294 2142 re-

103 2173 245 2256 gnante,
264 2164 361 2223 lason
384 2170 416 2224 et
436 2160 612 2236 Hercules,
638 2162 912 2224 solidissimorum
932 2163 1082 2223 iuvenum
1104 2163 1294 2224 Graecorum

105 2247 283 2320 comitatu,
306 2267 405 2328 quum
426 2245 467 2306 ad
488 2245 628 2307 Colchos
649 2244 690 2306 ob
712 2244 840 2307 velleris
862 2247 951 2306 aurei
973 2245 1161 2328 cupidinem
1192 2253 1292 2306 trans·
1317 2302 1321 2313 ‚

103 2329 272 2402 meterent,
288 2350 306 2388 a
320 2328 483 2390 maritimo
501 2326 631 2388 fastidio
647 2349 680 2388 se
694 2326 860 2389 recreandi
876 2329 978 2410 gratia
993 2328 1026 2388 in
1040 2327 1223 2410 Phrygiam
1236 2337 1292 2388 ter·

105 2431 176 2472 ram
195 2410 354 2494 legerunt,
377 2431 458 2494 quos
478 2409 674 2480 Laomedon,
696 2409 747 2470 vel
760 2410 808 2470 sui
824 2411 987 2491 superbia,
1005 2394 1056 2470 rel
1070 2410 1291 2471 famosissimae

41 2548 44 2553 .
104 2493 209 2580 gentis
231 2503 359 2554 terrore
380 2493 535 2566 concitus,
557 2493 674 2553 minaci
695 2493 808 2553 nuntio
831 2491 991 2574 extemplo
1013 2491 1107 2553 abire
1125 2493 1290 2575 praecepit.

146 2576 190 2636 V.
221 2576 264 2636 Hi
283 2597 382 2658 quum
403 2575 467 2635 alio
490 2574 741 2647 contenderent,
763 2595 822 2635 nec
843 2576 945 2648 vires,
967 2595 1027 2636 nec
1048 2595 1138 2634 arma
1161 2574 1203 2633 ad
1221 2575 1291 2634 resi·
1334 2606 1336 2619 ι

106 2657 253 2719 stendum
272 2656 450 2729 habereut,
472 2657 514 2717 ob
537 2657 661 2717 illatum
684 2656 821 2717 dedecus
843 2657 1020 2738 indignati,
1052 2656 1215 2717 excidium
1237 2680 1291 2716 aa·

105 2741 257 2801 sterrimo
278 2741 346 2816 regi
370 2741 524 2799 continuo
547 2740 750 2811 minitantes,
780 2739 1044 2821 obtemperavere
1065 2738 1243 2799 mandatis:
1263 2759 1291 2798 ac

104 2823 252 2902 perfecto
277 2820 571 2902 vellerisnegotio,
595 2822 651 2882 ubi
673 2822 715 2881 in·
728 2821 896 2882 Graeciam
915 2820 1110 2894 rediissent,
1133 2821 1289 2893 Hercules,
1328 2831 1334 2841 '

104 2903 241 2986 Phrygii
267 2906 352 2988 regis
384 2903 557 2983 opprobrii
588 2925 654 2964 non
682 2902 871 2978 immemor,
902 2904 1119 2964 maximorum
1152 2905 1291 2965 iuvenum

107 3009 145 3048 ac
165 2987 351 3069 principum
378 2986 576 3048 Graecorum
603 3008 697 3046 manu
729 2995 849 3048 armata
871 2985 989 3059 classe,
1013 2985 1052 3047 ad
1075 2986 1213 3047 Troiam
1234 2985 1290 3045 vela

106 3090 278 3152 remosque
304 3068 441 3140 direxit;
479 3078 532 3140 et,
564 3066 596 3126 iu
625 3067 739 3128 littore
768 3068 922 3150 expositis
953 3069 1070 3142 armis,
1104 3068 1144 3129 ad
1178 3069 1291 3130 moenia

107 3154 288 3234 impetuose
319 3144 496 3212 contendit.
540 3148 637 3227 Quod
669 3150 723 3211 ubi
746 3153 894 3212 sensisset
914 3150 1120 3221 Laomedon,
1151 3152 1292 3211 audacter

107 3234 229 3316 magis,
252 3254 347 3318 quam
368 3241 471 3306 caute,
489 3231 675 3293 inbrdinato
698 3234 822 3314 agmine
844 3243 933 3295 extra
956 3235 1081 3293 moenia
1103 3228 1218 3294 hostili
1240 3235 1292 3296 in-

108 3325 187 3398 petu
217 3337 311 3377 ausus
341 3313 517 3398 congredi,
549 3313 673 3376 insidiis
704 3316 923 3397 interceptus,
955 3315 1087 3377 fortiter
1119 3315 1292 3376 dimicando

112 3399 285 3465 exstinctus
307 3407 373 3472 est,
394 3418 526 3458 suorum
549 3396 643 3478 parte
666 3399 801 3462 maxima
823 3398 873 3458 vel
894 3407 1008 3479 capta,
1031 3397 1081 3459 vel
1102 3407 1257 3479 peremta.

150 3482 212 3546 Vl.
250 3481 336 3542 Hinc
362 3479 402 3540 ad
434 3480 588 3542 exterrita
617 3480 743 3543 moenia
778 3480 933 3541 Hercules
964 3480 1183 3554 contendens,
1214 3479 1294 3540 nullo
1333 3526 1336 3539 .

112 3563 244 3626 custode
266 3563 378 3624 necin
402 3563 522 3634 muris,
552 3581 611 3621 nec
641 3560 675 3620 in
699 3562 804 3642 portis
830 3562 998 3636 obstante,
1028 3563 1144 3623 introit
1170 3565 1294 3632 urben,
1334 3554 1336 3563 '

113 3657 164 3722 et,
187 3648 260 3728 igne
281 3667 317 3706 ac
345 3646 432 3705 ferro
456 3643 604 3706 omnibus
624 3644 821 3716 consumtis,
853 3645 1047 3718 Hesionam,
1074 3645 1297 3706 Laomedontis

7 3783 21 3815 -.
112 3751 280 3802 sororem,
304 3726 489 3799 Telamoni,
510 3723 687 3786 Salaminae
707 3727 788 3809 regi,
812 3729 886 3808 quia
908 3749 1018 3791 muros
1038 3729 1161 3788 Troiae
1183 3729 1296 3811 primus

117 3812 293 3882 invaserat,
315 3831 351 3871 ac
371 3809 405 3868 in
424 3818 534 3890 portas
556 3807 737 3887 irruperat,
759 3809 860 3871 dedit.
902 3809 949 3872 Ex
969 3832 1031 3890 qua
1053 3819 1146 3871 natus
1163 3821 1212 3872 est
1226 3810 1294 3870 altar

118 3891 174 3953 ille
195 3895 336 3964 Teucer,
359 3891 414 3973 qui
434 3891 539 3974 patria
558 3893 726 3971 profugus,
747 3891 781 3954 in
801 3891 933 3954 Sidonia
955 3893 1089 3953 alteram
1109 3890 1297 3955 Salaminam

116 3976 282 4125 gondidit:
294 3973 361 4116 Ide6
376 3994 439 4055 quo
469 3971 627 4057 Virgilius
646 3982 771 4047 noster,
795 3974 949 4038 inducens
967 3975 1132 4038 Didonem
1154 3977 1245 4047 effari
1263 3971 1301 4035 ad

148 4078 256 4126 eneam
280 4061 321 4134 [,
367 4081 377 4116 1
405 4059 444 4134 .]:
883 4093 884 4099 κ

195 4144 303 4222 Atque
323 4077 464 4220 equidem
490 4143 642 4200 Teucrum
662 4141 791 4203 memini
805 4138 922 4200 Sidone
940 4145 1043 4204 venire
1054 4186 1063 4214 ,

193 4221 322 4284 Finibus
342 4221 507 4301 expulsum
523 4226 661 4301 patricis,
683 4242 765 4282 noua
785 4243 885 4301 regna
900 4236 1070 4304 petentem,

114 4303 162 4364 Ex
181 4302 398 4366 Laomedonte
418 4311 576 4381 superstes
599 4302 681 4362 filius
702 4304 763 4362 fuit
783 4302 942 4378 Priamus,
964 4307 1020 4387 qui
1041 4315 1111 4366 tum
1133 4308 1226 4369 forte
1243 4304 1299 4365 alio

115 4388 148 4449 in
168 4389 265 4454 armis
285 4385 406 4453 aberat.
450 4385 481 4445 ls
503 4393 534 4443 et
553 4385 655 4464 patris
677 4393 709 4444 et
729 4386 852 4465 patriae
873 4390 999 4467 encidio
1022 4390 1172 4471 cognito,
1191 4389 1298 4456 rediit,

114 4468 317 4559 dirutumque
344 4468 456 4535 urbem
484 4465 626 4547 impensa
651 4474 682 4525 et
702 4488 801 4547 opere
828 4462 908 4533 adeo
930 4493 1082 4554 reparare
1106 4470 1250 4543 institit,
1270 4477 1300 4530 ut

111 4551 201 4613 brevi
234 4549 421 4616 marmoreis
452 4549 637 4631 saxosisque
666 4551 830 4622 turribus,
861 4563 894 4614 et
921 4554 1077 4619 aediliciis
1105 4555 1300 4639 publicisne

109 4635 265 4719 privatis,
288 4633 505 4717 augustiorem
526 4634 743 4715 tutioremque
764 4633 924 4698 redderet.
