2850 4958
167 267 237 347 us
538 265 598 338 J..
622 218 806 339 aaran
833 258 980 337 raom

157 431 237 513 pio,
267 430 300 491 in
322 430 475 491 Senatum
498 429 623 511 impetu
645 430 753 503 Iacto,
786 448 860 489 reos
881 426 1022 487 ambitus
1042 423 1205 487 Securum
1232 434 1267 487 et
1289 424 1377 503 Pbi0·¹

117 510 304 597 Glippum,
327 513 494 596 principes
514 510 718 586 nobilitatis,
742 510 850 595 elegit.
895 510 954 569 His
975 508 1120 570 motibus
1141 518 1179 570 ut
1204 509 1368 573 resisteret

157 601 305 671 Drusus,
327 596 456 681 plebem
477 594 573 656 adse
593 594 791 657 Gracchanis
814 592 953 677 legibus,
977 591 1098 654 eisdem
1112 592 1225 654 socios
1244 591 1287 653 ad
1302 592 1369 676 ple-

158 681 235 742 bem
255 701 311 762 spe
332 679 472 741 civitatis
500 679 615 739 erexit.
658 678 771 739 Exstat
789 698 854 739 vox
876 676 997 757 ipsius:
1034 673 1128 736 Nihil
1143 698 1179 737 re
1200 675 1252 735 ad
1267 677 1369 759 largi-

159 768 279 825 tionem
311 763 372 823 ulli
402 762 588 843 reliquisse,
619 766 685 822 nesi
705 767 737 822 si
757 765 828 844 ques
853 770 912 819 aut
934 779 1068 820 coenum
1091 757 1235 822 dividere
1257 760 1369 835 vellet,

119 856 219 929 peut
241 845 377 906 coelum.
420 844 542 906 Aderat
571 844 802 929 promulgandi
830 842 921 916 dies3
951 863 1051 925 quum
1079 840 1188 902 subito
1214 844 1368 907 tartaris

160 926 332 990 bominum
351 928 496 1010 undique
517 928 686 1011 apparuit,
716 936 753 989 ut
773 926 920 987 bostium
943 927 1081 988 adventu
1106 925 1240 985 obsessa
1262 925 1367 989 civia·

120 1008 141 1073 8
161 1011 340 1074 videretur.
382 1012 487 1072 Ausus
508 1019 615 1071 tamen
635 1011 797 1094 obrogare
818 1008 945 1091 legibus
961 1007 1081 1070 Consul
1095 1007 1298 1089 Philippus:
1323 1010 1369 1071 sed

162 1095 399 1178 apprehensum
421 1090 568 1155 faucibus
588 1095 698 1156 viator
718 1116 785 1155 non
807 1102 881 1152 ante
902 1090 1047 1165 dimisit,
1069 1112 1166 1173 quam
1187 1092 1324 1175 sanguis
1342 1090 1383 1155 iu'

121 1199 200 1265 gos
223 1187 255 1238 ct
277 1177 390 1238 oculos
416 1176 626 1240 redundaret.
668 1175 723 1239 Sic
752 1198 814 1259 per
842 1175 908 1235 vim
933 1174 1036 1247 latae,
1069 1176 1243 1256 iussaeque
1269 1175 1370 1258 leges:

163 1260 220 1322 sed
240 1261 383 1343 pretium
408 1261 589 1343 rogationis
611 1260 721 1321 statim
744 1259 826 1321 socii
849 1257 1053 1339 flagitavere,
1070 1279 1185 1339 qaum
1210 1257 1371 1339 [interim]

163 1344 322 1424 imparem
350 1345 493 1404 Drusum
520 1364 718 1427 aegrumque
744 1364 856 1404 rerum
884 1348 1006 1404 temere
1034 1348 1198 1401 motarum
1231 1350 1372 1415 matura,

163 1434 202 1487 ut
222 1426 256 1487 in
276 1425 334 1487 tali
356 1425 562 1500 discrimine,
584 1447 674 1488 mors
695 1425 840 1488 abstulit.
881 1424 949 1486 Nec
972 1425 1045 1485 ideo
1067 1424 1173 1484 minus
1193 1424 1281 1484 socii
1298 1446 1373 1509 pro·

163 1509 259 1571 missa
277 1506 378 1574 Drusi
400 1534 419 1571 a
439 1507 565 1597 populo
586 1508 735 1571 Romano
758 1529 932 1594 reposcere
953 1507 1052 1571 aruris
1075 1505 1258 1572 desierunt.

566 1707 793 1772 CAPUT
835 1709 963 1773 XVIII.

626 1864 749 1906 stabunt
771 1863 913 1904 sectans.

128 2008 144 2055 t
208 1992 335 2056 Sociale
355 1992 478 2056 bellum
497 2003 636 2055 vocetur
654 1993 755 2067 licet,
777 2001 814 2053 ut
835 2000 1042 2054 extenuemus
1064 1991 1246 2072 invidiam:
1268 1991 1299 2053 si
1321 2012 1377 2057 ve-

166 2096 240 2138 rum
266 2087 373 2138 tamen
403 2075 573 2151 volumus,
606 2076 689 2138 illud
720 2075 816 2137 civile
848 2076 973 2138 bellum
998 2080 1072 2138 fuit.
1115 2076 1254 2159 Quippe
1281 2097 1378 2157 quum

165 2160 308 2243 populus
327 2160 490 2221 Romanus
510 2159 677 2233 Etruscos,
700 2158 833 2220 Latinos
854 2160 1056 2243 Sabinosque
1071 2160 1133 2220 sibi
1149 2161 1336 2232 miscuerit,
1350 2166 1378 2221 et

165 2264 267 2304 unum
289 2264 328 2305 ex
349 2243 499 2305 omnibus
524 2247 712 2326 sanguinem
743 2242 841 2304 ducat
853 2267 872 2329 ς,
894 2264 1014 2323 corpus
1040 2244 1121 2304 fecit
1141 2264 1180 2303 ex
1201 2242 1378 2317 membris,

127 2348 148 2390 2
170 2334 202 2387 et
224 2346 262 2388 ex
284 2326 434 2388 omnibus
459 2348 541 2387 unus
563 2336 621 2390 est.
664 2328 732 2387 Nec
753 2325 882 2386 minore
897 2326 1022 2410 flagitio
1038 2326 1120 2387 socii
1136 2325 1377 2399 intra-Italiam,

126 2411 148 2474 5
168 2431 265 2495 quam
285 2410 372 2471 intra
392 2409 518 2471 Urbem
539 2410 624 2471 cives
646 2407 858 2471 rebellabant.
890 2406 1005 2493 ltaque
1027 2432 1128 2491 quum
1149 2408 1199 2470 ius
1224 2408 1376 2479 civitatis,

170 2516 269 2577 quam
289 2493 414 2554 viribus
435 2502 612 2566 auxerant,
636 2492 748 2571 [socii]
771 2492 944 2567 iustissime
964 2491 1191 2574 postularent,
1222 2490 1266 2552 ad
1287 2512 1379 2575 quatu

128 2580 151 2656 4
171 2597 260 2656 spem
283 2596 338 2636 eos
360 2572 513 2658 cupidine
535 2574 767 2637 dominationis
787 2577 912 2637 Drusus
935 2583 1103 2648 erexerat,
1129 2582 1309 2658 postquam
1331 2572 1380 2635 ille

171 2657 349 2719 domestico
372 2659 493 2718 scelere
514 2680 688 2741 oppressus
710 2665 778 2731 est,
802 2658 914 2720 eadem
934 2660 1009 2732 fax,
1034 2679 1116 2741 quae
1138 2656 1233 2719 illum
1258 2679 1379 2719 crema·
1417 2718 1419 2731 ,

130 2739 238 2813 5vit,
260 2741 369 2801 socios
391 2741 424 2800 in
446 2761 534 2801 arma
556 2749 588 2802 et
613 2743 647 2802 in
670 2743 942 2824 expugnationem
962 2743 1064 2803 Urbis
1089 2741 1251 2803 accendit.
1297 2736 1377 2820 Quid
1410 2778 1419 2815 (

171 2823 234 2884 hac
256 2821 346 2884 clade
367 2824 509 2886 tristius?
553 2825 631 2907 quid
653 2825 893 2887 calamitosius?
936 2847 1037 2908 quum
1059 2845 1155 2888 omne
1176 2825 1310 2885 Latium
1333 2832 1378 2883 at·
1416 2839 1419 2845 ’

173 2926 236 2990 que
262 2905 438 2981 Picenum,
469 2905 602 2969 Etruria
632 2909 735 2970 omnis
758 2916 856 2992 atque
878 2908 1072 2992 Campania,
1094 2917 1267 2990 postremo
1290 2904 1376 2967 Italis
1418 2964 1419 2971 ,

131 2989 286 3053 iicontra
316 2999 453 3053 matrem
485 3011 522 3050 ac
552 3001 720 3074 parentem
742 3015 831 3054 suam
852 2993 979 3053 Urbem
1000 3000 1256 3073 consurgerent:
1286 3010 1376 3073 quum

175 3093 270 3134 omne
291 3074 396 3135 robur
415 3074 670 3137 fortissimorum
696 3074 1024 3157 fidelissimorumque
1049 3073 1216 3135 sociorum
1238 3076 1299 3136 sub
1321 3072 1376 3135 suis
1409 3107 1419 3146 g

133 3158 312 3242 7quisque
344 3158 442 3239 signis
472 3157 632 3220 haberent
664 3156 874 3239 municipalia
906 3156 962 3216 illa
992 3156 1161 3240 prodigia:
1195 3156 1376 3241 Poppedius

173 3241 299 3302 Marsos
321 3249 353 3300 et
372 3241 525 3301 Latinos:
557 3241 711 3302 Afranius
725 3239 898 3300 'Umbros:
921 3247 1009 3300 totos
1030 3238 1185 3323 Egnatius
1204 3240 1374 3302 Etruscus:

175 3322 341 3381 Samnium
361 3322 811 3405 Lucaniamque'Telesinus:
845 3343 946 3402 quum
967 3343 1081 3404 regum
1103 3330 1136 3383 et
1156 3324 1303 3406 gentium
1324 3342 1376 3383 ar·

175 3403 264 3464 biter
281 3403 423 3483 populus
444 3405 550 3482 ipsum
571 3427 604 3465 se
624 3424 739 3486 regere
759 3425 826 3465 non
847 3412 978 3484 posset,
1000 3414 1038 3466 ut
1057 3405 1174 3468 victrix
1198 3406 1297 3468 Asiae
1316 3405 1376 3467 Eu·
1414 3437 1419 3475 i

136 3483 343 3566 dropacque
364 3508 382 3546 a
404 3485 549 3546 Corfinio
571 3485 672 3546 Roma
695 3495 875 3566 peteretur.
917 3485 1151 3551 Primumfuit
1171 3488 1252 3551 belli
1275 3486 1378 3553 inat
1415 3499 1419 3557 ἶ

176 3568 262 3631 bano
285 3576 396 3629 monte
417 3566 609 3640 consilium,
638 3575 674 3627 ut
700 3571 782 3631 sesto
806 3569 859 3631 die
879 3569 1069 3635 Latinarum
1087 3572 1194 3635 Iulius
1215 3575 1379 3637 Caesarei
1417 3581 1419 3638 ἶ

178 3649 320 3713 Marcius
350 3652 526 3733 Philippus
557 3650 710 3712 Consules
741 3652 827 3719 inter
856 3674 946 3715 sacra
973 3663 1006 3717 et
1032 3676 1103 3717 aras
1123 3656 1377 3719 immolarentur.

140 3732 357 3816 9Postquam
392 3735 425 3797 id
460 3735 548 3803 nefas
582 3733 773 3818 proditione
813 3736 992 3799 discussum
1028 3746 1095 3811 est,
1137 3738 1261 3801 Asculo
1292 3742 1380 3801 furer

124 3876 127 3883 ,
180 3817 284 3879 omnis
306 3819 428 3899 erupit,
452 3818 485 3878 in
507 3817 577 3897 ipsa
598 3818 729 3902 quidem
750 3819 903 3883 ludorum
923 3821 1108 3903 frequentia
1128 3823 1312 3897 trucidatis,
1324 3818 1376 3903 qai

179 3906 250 3959 tum
271 3898 404 3967 aderant
425 3901 465 3962 ab
490 3901 604 3976 Urbe,
632 3903 757 3984 legatis.
799 3904 872 3965 Hoc
895 3900 959 3965 fuit
980 3904 1074 3985 impii
1095 3903 1173 3965 belli
1195 3922 1381 3968 sacramen·-

142 3989 262 4043 1otum.
307 3982 473 4071 Ilndciam
502 3985 620 4067 passim
641 3987 681 4047 ab
698 3985 794 4051 ¹ouini
815 3993 909 4068 parte
929 3985 1064 4057 Italiae,
1095 3986 1178 4049 duce
1201 3996 1234 4048 et
1255 3996 1383 4050 auctore

182 4062 262 4127 belli
287 4067 486 4141 discursante
513 4068 701 4150 Poppedio,
732 4067 857 4129 diversa
878 4089 940 4149 per
959 4069 1101 4151 populos
1123 4078 1156 4131 et
1176 4071 1278 4133 urbes
1298 4070 1384 4151 sigua

143 4147 340 4212 rteeeinere.
382 4148 451 4210 Nec
471 4150 683 4223 Hannibalis,
704 4168 765 4213 nee
783 4150 907 4233 Pyrrhi
926 4153 991 4214 fuit
1010 4160 1099 4213 tanta
1119 4154 1271 4217 vastatio.
1304 4152 1386 4215 Eece

184 4231 393 4306 Ocricclum,
425 4251 500 4293 ecce
531 4237 767 4305 Grumentum,
800 4253 874 4295 ecce
905 4232 1079 4308 Faesulae,
1115 4255 1190 4299 ecce
1220 4236 1383 4309 Carseoli,

184 4334 258 4376 ecce
278 4315 388 4387 Reate}
409 4313 551 4377 Nuceria
575 4325 607 4375 ct
627 4315 773 4377 Picentia
796 4314 968 4390 caedibus,
991 4319 1082 4379 ferro
1104 4327 1138 4381 et
1161 4320 1237 4402 igue
1258 4329 1386 4383 vastan-

145 4405 250 4458 sstur.
293 4401 395 4460 Fusae
415 4396 532 4473 Rutilii
557 4399 693 4478 copiae,
716 4400 806 4461 fusae
829 4399 1010 4477 Caepionis.
1053 4401 1136 4462 Nam
1156 4401 1227 4485 ipse
1247 4403 1386 4465 Rutilias

186 4480 321 4552 Consul,
352 4481 496 4542 exercitu
519 4480 658 4554 amisso,
691 4503 790 4559 quum
812 4483 845 4543 iu
865 4482 991 4544 Urbem
1011 4494 1164 4545 cruentus
1185 4487 1385 4558 referretur,
1417 4492 1419 4523 ¹

185 4562 362 4627 miserabili
386 4562 500 4625 funere
520 4564 659 4627 mediam
679 4562 805 4626 Urbem
827 4565 987 4648 [perviam
1016 4567 1111 4648 fecit]
1139 4569 1385 4654 permadefecit·
