2850 4958
437 244 740 326 nn.--11..-.cur.
763 243 852 371 xn.
1195 260 1245 352 97

31 406 180 482 Persas,
212 408 269 492 qui
299 407 398 472 semel
426 409 461 473 in
488 405 684 495 perpetuum
705 411 825 473 victam
849 428 916 472 esse
939 408 1163 473 Macedoniam
1184 435 1251 476 non
1336 457 1338 460 ι

33 495 181 579 putabat
204 513 243 553 ex
262 494 366 577 gentis
389 490 558 576 dignitate.
600 495 706 557 Multo
728 494 949 556 vehementius
969 495 1029 555 sub
1050 494 1115 556 hoc
1133 497 1292 561 Mace-3

38 576 162 648 dones,
186 598 283 659 quam
303 577 505 657 sub'patre,
538 587 748 659 consurgunt.
792 577 857 655 Qui
882 594 924 659 pe
946 578 1088 639 Thracas
1110 578 1143 639 in
1166 580 1253 642 vires

38 680 115 721 suas
137 666 324 741 traxerant:
350 667 382 718 at
408 681 447 719 ne
468 660 513 719 ita
528 659 720 722 industriam
741 598 988 741 [Macedonum]
1008 660 1134 722 viribus
1150 662 1256 724 Thra-

34 742 140 815 cum,
173 742 331 803 ferociam
365 736 393 800 Τ
419 758 529 803 racutn
565 741 737 826 disciplina
772 740 983 805 Macedonica
1017 748 1251 824 temperavere.

36 824 194 887 Accessit
216 822 267 885 his
289 820 462 887 consilium
486 825 595 900 ducis,
618 827 674 911 qni
696 822 797 887 situm
814 824 987 910 regionum
1008 847 1139 888 suarum
1163 831 1296 906 sum-d

35 928 97 971 mo
120 907 303 991 speculatus
324 909 470 981 Haemo,
492 907 609 991 positis
633 931 694 992 per
711 908 852 991 abrupta
873 909 1006 982 castris,
1030 909 1076 971 ita
1096 910 1255 974 Macedo·
1296 946 1299 962 s

36 993 133 1054 niam
154 1012 243 1053 suam
265 990 362 1052 armis
389 992 547 1074 ferroque
567 991 753 1066 vallaverat,
776 1000 900 1053 utnon
921 991 1092 1075 reliquisse
1115 990 1251 1069 aditum,

38 1074 108 1137 nisi
131 1097 148 1134 a
171 1072 264 1135 coelo
293 1074 437 1135 venturis
457 1073 607 1137 hostibus
628 1074 805 1149 videretur.
841 1074 935 1148 Nam,
951 1072 1077 1137 Marcio
1093 1075 1252 1159 Philippo
1273 1075 1295 1140 5

26 1157 203 1230 'Consule,·
226 1178 296 1218 eam
316 1156 520 1240 provinciam
542 1154 702 1242 ingressus
722 1155 865 1240 populus
885 1157 1059 1232 Romanus,
1075 1157 1257 1241 exploratis

32 1240 220 1321 'diligenter
241 1239 442 1319 accessibus,
472 1249 605 1322 praeter
624 1236 815 1302 Ascuridem
835 1238 1008 1323 paludem,
1036 1262 1098 1322 per
1119 1244 1256 1306 acerbos

28 1322 227 1406 'dubiosque
252 1323 405 1398 tumulos,
429 1322 496 1397 illa,
519 1346 582 1407 qua
603 1322 792 1387 volucribus
814 1343 946 1408 quoque
965 1322 1139 1387 videbatur
1153 1325 1251 1400 invia,
1294 1401 1297 1407 μ

27 1401 202 1473 'accessitt
234 1426 409 1489 regemque
434 1424 605 1485 securum,
625 1416 674 1481 ¹et
694 1405 780 1467 nibil
805 1405 870 1469 tale
897 1412 1116 1481 metuentem,
1146 1408 1296 1471 subitati

38 1486 125 1553 belli
147 1489 333 1571 irruptione
354 1488 485 1552 terruit.
529 1490 626 1551 Cuius
646 1497 735 1551 tanta
755 1487 933 1570 trepidatio
954 1488 1037 1563 fuit,
1058 1496 1096 1552 ut
1114 1491 1256 1572 pecuni-

40 1594 97 1633 am
120 1592 247 1633 omnem
270 1570 304 1632 in
325 1594 419 1633 mare*
437 1571 567 1635 iusserit
584 1572 700 1656 mergi,
722 1591 763 1632 ne
783 1570 925 1652 periret:
950 1571 1082 1633 classem
1102 1573 1253 1648 cremari,
1271 1610 1274 1615 ·

39 1652 93 1717 ne'
108 1655 347 1716 incenderetur.
394 1655 510 1715 Paullo
544 1656 704 1728 Consule,
734 1675 835 1753 quum
865 1654 991 1715 maiora
1023 1663 1055 1716 et
1083 1655 1296 1742 crebriora7

42 1748 152 1799 essent
172 1735 324 1818 imposita
345 1735 519 1820 praesidia,
541 1756 603 1819 per
624 1739 702 1800 alias
722 1732 996 1798 vias'Macedonia
1011 1737 1168 1819 deprensa
1184 1747 1253 1813 cst·,

40 1842 167 1883 summa
190 1817 321 1902 quidem
344 1829 415 1882 arte
436 1829 469 1882 et
490 1818 649 1882 industria
672 1815 774 1893 ducis,
798 1838 898 1899 quum
920 1817 983 1879 alia
1005 1819 1252 1895 essetminatus,

31 1902 108 1979 ,alia
140 1903 320 1984 irrupisset.
366 1902 464 1965 Cuius
496 1902 750 1983 adventusipse
782 1901 863 1962 adeo
891 1902 1050 1966 terribilis
1075 1905 1144 1984 regi
1166 1901 1296 1975 fuit,8

33 1994 84 2048 'nt
106 1986 257 2048 interesse
278 2009 345 2048 non
367 1987 520 2061 auderet,
542 1984 598 2047 sed
617 1984 756 2073 gerenda
778 1983 914 2045 ducibus
935 1985 1020 2046 bella
1041 1986 1253 2049 mandaverit.

28 2068 170 2130 'Absens
202 2087 280 2147 ergo
307 2068 549 2153 victus‚'fugit
570 2067 603 2130 in
624 2067 748 2142 maria,
775 2064 976 2149 insulamque
997 2066 1253 2142 Samothracen,
1276 2090 1298 2154 9

39 2154 150 2215 ‘fretus
172 2152 293 2214 celebri
316 2153 486 2238 religione,
509 2149 599 2236 quasi
621 2149 741 2233 templa
764 2158 796 2211 et
816 2170 892 2212 arae
912 2161 1046 2231 possent
1064 2148 1255 2224 defendere,

46 2258 144 2318 quem
167 2257 227 2296 nec
249 2245 375 2297 montes
397 2237 469 2309 sui,
491 2259 551 2298 nec
573 2258 660 2297 arma
679 2234 874 2317 potuissent.
918 2234 1020 2294 Nemo
1045 2255 1158 2318 regum
1179 2235 1299 2297 diu-ro

45 2319 112 2381 tius
135 2318 268 2379 amissae
288 2320 440 2381 fortunae
461 2315 692 2381 conscientiam
714 2316 861 2378 retinuit.
894 2316 1038 2400 Supplex
1057 2339 1157 2400 quum
1171 2317 1258 2379 scri-

46 2400 142 2465 beret
163 2398 201 2462 ad
229 2400 461 2482 imperatorem
483 2403 521 2463 ab
544 2401 624 2475 illo,
648 2421 713 2483 quo
736 2400 938 2477 confugerat
960 2398 1096 2482 templo,
1118 2421 1259 2460 nomen·

48 2508 113 2569 que
135 2485 316 2565 [epistolae]
339 2495 469 2551 notaret
489 2507 604 2558 suum,
626 2490 749 2563 Regem
769 2481 906 2544 addidit.
948 2482 1012 2543 Sed
1027 2504 1087 2543 nec
1101 2503 1299 2545 reveren-rt

29 2571 115 2631 ..tior
148 2577 260 2649 captae
291 2566 466 2630 maiestatis
493 2568 575 2630 nlius
603 2567 718 2629 Paullo
739 2563 813 2627 fuit.
859 2566 970 2642 Quum
990 2564 1024 2626 in
1046 2574 1268 2646 conspectum·

31 2652 189 2715 ·veuisset
209 2649 330 2721 hostis,
354 2646 388 2711 in
409 2646 567 2733 templum
587 2648 730 2733 recepit,
753 2655 786 2708 et
806 2649 965 2711 conviviis
985 2644 1148 2722 adhibuit,
1169 2647 1260 2711 libe-

25 2754 171 2815 .rosque
193 2727 363 2793 admonuit
384 2754 480 2804 suos,
503 2743 540 2794 ut
559 2732 759 2803 Fortunam,
783 2728 836 2792 cui
857 2739 983 2795 tantum
1003 2728 1139 2805 liceret,
1162 2740 1260 2794 reve-

17 2823 216 2883 -.rerentur.
259 2816 349 2875 Inter
374 2813 614 2897 pulcherrimos
639 2815 727 2875 huno
760 2833 893 2895 quoque
922 2813 1063 2897 populus
1094 2815 1301 2876 Romanusne

27 2900 92 2973 ‚de
114 2892 305 2958 Macedonia
327 2895 420 2957 duxit
440 2906 537 2979 atque
557 2893 640 2957 vidit
660 2895 885 2975 triumphum:
915 2899 1036 2980 quippe
1065 2896 1156 2957 cuius
1177 2918 1259 2980 spe-

30 2980 180 3061 ‚cuculo
204 2976 350 3040 triduum
372 2976 568 3059 impleverit
610 2978 740 3039 Primus
763 2977 831 3038 dies
851 2976 1183 3062 signatabulasquet
1204 2975 1304 3039 se·13

48 3087 152 3150 quens
174 3084 284 3134 arma,
307 3063 525 3144 pecuniasque
547 3060 744 3122 transvexit:
768 3058 884 3133 tertius
906 3060 1063 3142 captivos,
1089 3059 1261 3139 ipsumque

33 3171 178 3231 ¹regem,
202 3144 379 3207 attonitum
398 3145 516 3219 adhuc,
541 3151 704 3227 tamquam
724 3140 833 3208 subito
855 3142 941 3205 malo
967 3150 1159 3223 stupentem.
1196 3141 1305 3218 Sedrd

32 3232 156 3305 ,multo
176 3229 269 3310 prius
291 3224 446 3311 gaudium
466 3224 626 3290 victoriae
646 3221 788 3309 populus
810 3224 992 3298 Romanus,
1018 3245 1113 3306 quam
1136 3224 1266 3309 episto·-

29 3314 92 3379 -lis
113 3311 246 3375 victoris
266 3320 498 3395 praeceperatt
521 3311 645 3394 qnippe
667 3308 780 3370 eodem
803 3302 867 3382 die,
891 3307 1084 3390 quonimus
1105 3316 1152 3370 est
1175 3308 1262 3369 Per-

28 3418 101 3461 -ses
123 3397 158 3459 in
180 3392 387 3468 Macedonia,
416 3395 539 3458 Romae
569 3389 735 3476 cognitum
759 3396 816 3451 est.
860 3383 1302 3454 Duoiuvenes.eandidis15

52 3480 145 3565 equis
167 3476 253 3561 apud
274 3479 432 3547 Iuturnae
450 3479 559 3541 lacum
583 3476 751 3557 pulverem
777 3482 809 3535 et
831 3494 985 3555 cruorem
1005 3474 1199 3548 abluebant:
1222 3475 1263 3539 hi

28 3561 259 3635 nunciavere.
303 3562 468 3624 Castorem
491 3571 523 3625 et
543 3556 713 3627 Pollucem
732 3557 831 3619 fuisse
852 3560 1013 3623 creditum
1033 3557 1261 3640 volam-'quod

21 3683 24 3693 ·
51 3646 173 3725 gemini
195 3644 349 3707 fuissent:
383 3641 567 3707 interfuisse
596 3642 703 3715 bello,
734 3641 824 3722 quod
855 3643 1009 3729 sanguine
1029 3641 1217 3704 maderent:
1240 3659 1261 3698 a

30 3790 36 3805 ,
52 3727 244 3794 Macedonia
263 3727 400 3804 venire,
418 3727 508 3813 quod
529 3726 640 3794 adhue..
656 3722 856 3789 anhelarent.

473 3860 836 3982 oarnrnm.

493 4038 616 4085 sennen
633 4030 824 4085 tnnrarcun.

29 4192 33 4199 .
93 4135 302 4203 Macedonici
320 4122 401 4201 belli
416 4134 572 4221 ,contagio
594 4136 695 4201 traxit
715 4127 861 4215 Illyrios.
902 4128 971 4217 Ipsi
992 4127 1123 4280 quidem
1140 4140 1179 4197 ut
1197 4129 1262 4197 Ro·
1283 4154 1300 4203 ι

32 4245 188 4289 ,manum
208 4246 225 4284 a
246 4233 338 4307 tergo
371 4219 624 4303 distringerent,
652 4217 791 4281 aPerse
821 4236 898 4300 rege
928 4238 990 4278 con
1016 4217 1081 4278 uoti
1110 4218 1260 4301 pecunia,

33 4305 290 4371 ¹militaverunt.
333 4302 411 4369 Sine
432 4324 525 4365 mora
545 4304 587 4365 ab
608 4300 727 4363 Anicio
748 4299 908 4362 Praetore
928 4299 1134 4386 subiguntur.
1158 4300 1262 4363 Scor·
1283 4321 1302 4367 a

35 4390 134 4463 „dam
166 4399 264 4473 caput
291 4388 396 4472 gentis
428 4384 733 4450 delesse'suffeoit:.
761 4381 871 4449 statim
901 4392 1010 4446 secuta
1041 4373 1166 4446 deditio
1201 4395 1259 4447 est.

55 4471 220 4556 Denique
239 4468 458 4555 hoctbellum
486 4479 560 4535 ante
585 4466 714 4534 linitum
735 4473 802 4540 eat,
822 4487 919 4548 quam
938 4461 1009 4553 geri
1028 4466 1151 4529 Romae
1169 4484 1263 4529 nun-

32 4557 218 4637 ciaretur.
537 4574 541 4581 ¹
640 4604 644 4611 ,

853 4630 892 4702 st
