2850 4958
470 304 578 405 rnre,
602 303 651 380 11.
678 302 787 386 cae.
806 296 911 385 uva.
1187 276 1190 281 ’
1233 338 1292 417 ,9

83 462 152 551 ligi
172 475 302 549 potest,
334 467 426 555 quod
456 466 490 531 lu
517 490 612 533 usum
633 490 739 532 norae
759 469 867 532 classis
887 478 974 532 tecta
994 470 1302 557 domosque-resci-

87 550 232 631 derunt:
256 549 289 611 iu
310 570 479 613 armorum
501 550 640 615 officinis
659 573 775 614 aurum
796 560 830 613 et
849 563 1018 636 argentum
1039 577 1102 637 pro
1127 578 1202 619 aere
1222 562 1300 621 fer-

88 654 201 717 roque
229 633 406 695 conflatum
435 641 499 698 est:
513 666 515 670 ·
530 630 577 696 in‘·
593 644 834 698 tormentorum
854 635 982 699 vincula
1005 648 1172 703 matronae
1194 642 1301 705 crines

82 734 168 781 'suos
189 717 411 779 contulerunt.
454 717 590 780 Manilio
613 719 731 781 deinde
753 717 902 793 Consule,
925 729 1012 783 terra
1027 722 1341 805 mariquelerve-st·

86 798 151 875 but
172 799 315 861 obsidio.
359 800 481 882 Operis
510 811 628 883 portus
657 801 816 876 nudatus,
846 810 879 863 et
907 804 1052 886 primus,
1085 815 1118 865 et
1144 827 1300 889 sequens,

86 884 159 957 ium
182 891 219 945 et.
233 884 349 955 tertius
370 904 505 957 murus·,
526 906 627 968 quum
646 894 754 947 tamen
775 888 887 968 Byrsa,
902 885 992 968 quod
1006 908 1125 949 nomen
1140 891 1208 951 arci
1222 891 1298 966 fuit,

84 966 186 1051 quasi
207 965 306 1027 altera
330 968 443 1029 civitas
462 967 645 1045 resistebat.
688 970 843 1046 Quamvis
858 969 1033 1052 profligato
1051 971 1142 1033 urbis
1156 973 1341 1048 excidimus

88 1058 203 1111 tumen
226 1048 323 1110 letale
344 1051 475 1112 Africae
496 1072 614 1112 nomen
634 1050 826 1133 Scipionum
844 1051 1027 1129 videbatur,
1057 1054 1163 1137 Igitur
1184 1056 1217 1117 in
1239 1056 1303 1119 ali-

86 1154 151 1195 um
181 1132 369 1215 Scipionem
403 1154 557 1195 conversa
597 1134 810 1215 Respublica,
851 1134 944 1201 finem
982 1135 1059 1197 belli
1096 1139 1300 1221 reposcebat.

87 1216 192 1279 Hunc
212 1215 327 1276 Paullo
351 1217 563 1278 Macedonico
584 1220 794 1299 procreatum
822 1200 965 1278 Africani
996 1220 1082 1280 illius
1110 1223 1214 1304 magni
1237 1222 1304 1284 fiti-

88 1322 155 1372 us,
187 1298 221 1359 in
252 1297 349 1360 decus
379 1302 483 1383 gentis
503 1299 750 1383 adsumpserat,
776 1301 848 1365 -hoc
876 1301 1000 1373 scilicet
1021 1306 1109 1376 fato,
1131 1314 1185 1378 ut,
1207 1328 1302 1388 quam

69 1381 213 1459 ,urbem
243 1392 576 1457 concusserat-avus,
607 1406 711 1465 nepos
741 1386 810 1446 eius
839 1394 1011 1445 everteret.
1054 1387 1117 1446 Sed
1148 1397 1186 1447 ut
1207 1391 1346 1472 quam13

90 1465 238 1531 maxime
260 1465 424 1528 mortiferi
449 1486 517 1527 esse
536 1467 791 1535 morsus'solent
811 1466 1022 1529 morientium
1035 1471 1236 1531 hostiarum:
1258 1474 1305 1533 sic
1335 1496 1346 1515 ··

90 1548 170 1635 plns
190 1549 313 1629 negotii
335 1549 400 1617 fuit
420 1570 495 1610 cum
514 1551 670 1613 semiruta
692 1551 898 1631 Carthagine,
922 1572 1017 1632 quom
1041 1555 1177 1632 integra.
1205 1555 1349 1634 Cous-14

91 1630 200 1721 pulsis
223 1632 256 1691 in
278 1654 375 1692 unam
396 1652 503 1693 arcem
528 1632 691 1707 hostibus,
713 1643 846 1714 portum
868 1654 1001 1715 quoquc
1021 1635 1120 1696 snaris
1140 1636 1304 1697 Romanus

94 1712 282 1779 obsederat.
328 1715 379 1775 llli
401 1726 509 1776 autem
527 1716 592 1778 sibi
613 1726 747 1798 portum
770 1716 810 1777 ab
833 1715 896 1777 alia
917 1717 1008 1776 urbis
1029 1727 1124 1797 parte
1137 1718 1305 1779 foderuut:

93 1818 159 1861 nec
182 1797 400 1874 satagerent,
421 1797 475 1859 sed
497 1820 561 1880 qua
583 1821 678 1862 nemo
701 1798 776 1859 illos
797 1821 857 1860 nce
879 1799 1013 1859 evadere
1030 1821 1127 1881 posse
1142 1800 1306 1864 credebat.

95 1880 180 1943 lude
200 1882 290 1962 quasi
314 1891 406 1942 enata
428 1881 538 1942 subito
560 1881 669 1943 classis
691 1882 821 1962 erupit:
853 1904 955 1963 quum
982 1883 1113 1944 interim
1140 1884 1203 1943 iam
1227 1883 1349 1948 die-16

95 1964 173 2038 hus,
196 1964 258 2022 iam
279 1965 445 2038 noctibus,
466 1986 550 2025 nova
571 1964 677 2050 aliqua
701 1966 815 2038 moles,
838 1987 921 2025 nova
944 1965 1104 2038 machina,
1126 1987 1208 2026 nova
1230 1988 1310 2047 per..

96 2048 247 2111 diturum
276 2046 447 2107 bominum
473 2068 620 2121 manus,
637 2048 728 2132 quasi
749 2070 791 2109 ex
820 2048 940 2108 obruto
964 2049 1115 2108 inccndio
1140 2049 1244 2109 subita
1269 2050 1310 2111 da
1349 2066 1352 2071 ’

98 2131 266 2195 cineribus
286 2129 435 2204 ssamma,
456 2131 625 2212 prodibat.
668 2129 857 2209 Deploratis
877 2131 1052 2207 novissime
1069 2133 1192 2204 rebus,
1224 2133 1350 2212 qua-18

99 2213 250 2296 draginta
282 2234 316 2273 se
344 2213 446 2275 millia
479 2215 626 2275 virorum
658 2213 874 2276 dediderunt:
912 2212 1002 2294 quod
1033 2215 1138 2275 minus
1175 2216 1309 2291 credas,

100 2296 185 2359 duee
208 2295 421 2370 Hasdrubale.
464 2297 594 2375 Quanto
611 2298 732 2361 fortius
752 2297 893 2369 femina,
918 2305 950 2356 et
972 2316 1056 2356 uxor
1077 2295 1189 2359 ducis!
1216 2320 1352 2386 quae,17

101 2377 346 2459 comprehensis
377 2379 504 2444 duobus
533 2379 665 2453 liberis,
695 2405 713 2442 a
735 2379 877 2441 culmine
907 2399 941 2439 sc
972 2378 1087 2439 domus
1114 2383 1146 2442 in
1171 2381 1313 2442 medium

102 2463 193 2525 misit
215 2462 421 2537 incendium,
453 2463 578 2525 imitata
600 2465 766 2548 reginam,
797 2482 879 2545 quae
902 2462 1127 2545 Carthaginem
1152 2463 1312 2524 condidit.

101 2548 232 2625 Quanta
254 2546 334 2607 urbs
352 2544 459 2606 deletu
481 2547 545 2618 sit,
567 2557 605 2607 ut
625 2548 665 2609 de
687 2546 804 2608 ceteris
825 2556 970 2617 taceam,
1002 2544 1055 2605 rel
1077 2546 1199 2626 ignium
1220 2544 1356 2610 mora18

99 2629 242 2715 probari
263 2635 389 2710 potest:
421 2628 545 2711 quippe
564 2653 626 2711 per
646 2631 821 2692 continuos
842 2628 952 2690 decem
975 2637 1008 2688 et
1027 2639 1149 2705 septem
1172 2629 1241 2690 dies
1261 2630 1315 2692 vix

128 2711 214 2774 otuit
233 2710 418 2771 incendium
440 2713 614 2792 exstingui,
637 2714 728 2795 quod
750 2711 902 2773 domibus
923 2730 960 2768 ac
974 2712 1105 2792 templis
1118 2714 1184 2773 suis
1199 2721 1315 2793 sponte

100 2736 218 2859 hostes
240 2792 458 2854 immiserant:
493 2804 549 2867 ut,
572 2808 730 2882 quatenus
750 2794 829 2859 urbs
852 2792 938 2875 eripi
957 2792 1112 2857 Romanis
1130 2816 1197 2857 non
1217 2804 1319 2880 pote·
1343 2842 1352 2850 -

82 2874 87 2881 ’
102 2886 182 2952 rat,
204 2875 391 2965 triumphus
413 2876 556 2940 arderet.

533 3054 761 3119 CAPUT
800 3052 895 3117 XVI.

550 3210 672 3253 BELLUU
693 3208 869 3253 ACHAICUH·

152 3362 254 3443 Quasi
275 3360 437 3425 saeculum
465 3355 548 3421 illud
579 3355 803 3419 eversionibus
823 3354 956 3417 urbium
979 3364 1149 3429 curreret,
1175 3356 1219 3421 ila
1242 3358 1324 3421 Car·
1347 3378 1362 3421 t

104 3447 254 3533 ‚thaginis
275 3445 404 3508 ruinam
424 3442 534 3504 statim
556 3438 734 3513 Corinthos
756 3440 896 3521 excepit,
918 3437 1061 3503 Achaiae
1081 3448 1192 3521 capul,
1218 3445 1325 3507 Graes-
1358 3472 1362 3477 -

110 3531 184 3593 ciac
204 3531 314 3603 decus,
336 3524 510 3589 interduo
533 3525 652 3597 maria,
674 3523 806 3585 Ionium
825 3531 858 3583 et
881 3521 1057 3604 Aegaeum,
1079 3523 1172 3603 qussi
1194 3536 1327 3607 specta-

113 3612 191 3675 culo
222 3612 381 3694 exposita.
422 3610 512 3671 Haec
541 3611 575 3683 (o
595 3607 721 3670 facinus
742 3603 950 3688 indignuml)
978 3614 1052 3665 ante
1077 3626 1230 3683 oppressa
1255 3614 1325 3675 cst,
1358 3630 1360 3635 ·

113 3718 214 3781 Qum
234 3697 269 3756 in
289 3704 427 3756 numero
449 3698 617 3754 certorum
636 3689 782 3751 hostium
802 3691 995 3753 referretur.
1033 3684 1198 3746 Critolaus
1218 3707 1328 3747 caussa
1351 3704 1370 3745 s

80 3838 83 3843 .
108 3778 216 3855 belli,
247 3777 327 3860 qui,
357 3773 511 3837 libertate
530 3773 723 3835 a'Romanis
749 3770 846 3843 data,
878 3772 1030 3834 adversus
1052 3767 1141 3848 ipsos
1160 3787 1237 3830 usus
1258 3777 1327 3840 est,

112 3862 307 3947 legatosque
333 3858 519 3928 Romanos,
549 3854 685 3918 dubium
706 3876 747 3915 an
769 3861 803 3913 et
822 3873 941 3928 manu,
962 3859 1053 3915 certe
1074 3850 1227 3915 oratione
1247 3851 1327 3912 sio-

113 3944 209 4011 lsvtt.
263 3943 370 4026 Igitur
404 3936 561 4010 Metello,
604 3936 770 3999 ordinanti
804 3941 874 3994 tum
909 3936 1049 3997 maxime
1084 3929 1374 4013 Macedoniam,3

115 4026 268 4091 mandata
290 4034 338 4091 est
361 4021 466 4085 ultio:
490 4029 524 4081 et
542 4019 622 4083 hinc
642 4019 823 4089 Achaicum
847 4012 980 4080 bellum.
1026 4015 1073 4075 Ac
1093 4015 1236 4097 primum
1258 4017 1335 4077 Cri.

115 4111 201 4175 tolai
233 4130 361 4173 manum
394 4102 544 4168 Metellus
575 4102 696 4165 Cotssul
722 4123 783 4182 per
804 4106 951 4182 patentes
970 4096 1084 4159 Elidos
1106 4119 1238 4181 campos
1259 4106 1333 4158 toto

117 4190 244 4259 cecidit
272 4191 415 4274 Alpheo.
457 4187 502 4247 Et
527 4208 593 4249 uno
618 4183 749 4266 proelio
771 4191 941 4266 peractum
962 4187 1032 4243 erat
1054 4178 1195 4243 bellum:
1219 4181 1282 4242 iam
1305 4178 1379 4255 Μ

117 4278 238 4343 urbem
268 4276 372 4354 ipsam
398 4270 545 4335 terrebat
568 4268 716 4329 obsidio:
748 4267 803 4329 sed
825 4270 862 4343 (o
886 4268 951 4327 fata
973 4259 1120 4341 resumi)
1142 4284 1242 4343 quum
1265 4263 1338 4321 tte.-

100 4354 220 4431 '.teilus
251 4357 457 4429 dimicasset,
490 4351 531 4413 ad
562 4351 734 4413 victoriam
767 4351 942 4412 Mummius
970 4345 1071 4406 venit.
1116 4346 1180 4407 Hic
1205 4339 1380 4407 alteriusb

121 4443 219 4509 ducis
240 4441 333 4503 Diaei
355 4439 421 4503 late
450 4436 629 4499 exercitum
651 4432 713 4495 sub
736 4432 814 4514 ipsis
836 4432 950 4494 isthmi
974 4428 1122 4491 rancidus
1143 4423 1254 4499 fudit,
1280 4447 1341 4503 ge-

122 4527 299 4605 minosque
318 4531 435 4605 portus
456 4520 611 4595 sanguine
633 4516 759 4581 infecit.
801 4515 886 4579 Tum
907 4515 947 4575 ah
971 4509 1088 4575 incolis
1108 4509 1234 4572 deserta
1258 4509 1342 4569 cisi-
1364 4508 1385 4571 6

124 4616 187 4687 tas,
209 4607 339 4693 direpta
358 4606 516 4690 primum,
538 4600 671 4675 deiude,
690 4599 771 4675 tuba
792 4597 1014 4684 praecinente,
1037 4594 1143 4663 deletu
1165 4600 1224 4655 est.
1237 4638 1245 4659 ,.
1254 4591 1345 4671 Quid
1364 4652 1367 4657 .
