2850 4958
490 40 523 92 n.

102 284 179 385 'em
194 234 1317 409 ,amaratiosv1sosmmommsucosa.

104 468 252 553 pausare,
272 466 328 535 ve-
342 466 468 555 psesea
486 490 555 533 ...a
571 478 744 557 poterae
766 470 824 557 qus
843 470 1018 565 atquae..
1032 474 1214 539 sonasse
1237 500 1316 565 g...

103 572 397 699 MENNNPNNN
417 633 547 699 demum
570 636 724 701 Consules
742 658 879 723 regnum
894 574 1084 702 oblinuere:
1108 606 1317 723 quorumla-
1340 612 1344 619 ὑ

57 758 61 777 .
104 734 175 785 sees
189 718 334 805 adusque
347 718 425 781 Iulii
443 720 605 795 Caesaris,
625 722 729 805 patris
742 723 918 805 patruique
931 722 993 797 tui,
1012 724 1246 808 principatum
1257 728 1317 789 de-

102 802 248 879 fluxere,
274 802 411 885 expletis
434 802 475 865 ab
490 804 583 867 Urbe
605 806 737 869 condlta
757 806 847 869 annis
867 806 1236 889 septingentiedecem.

145 886 283 949 XXXV.
306 887 374 950 Sub
413 908 533 949 uorum
552 890 818 973 magistratuum,
844 888 1031 963 Consulum,
1046 890 1314 971 Dictatorum,el

102 966 333 1035 Tribuuorum
352 908 544 1033 militarium
568 970 681 1047 ductu,
701 994 763 1055 per
778 970 1033 1056 quadringentos
1048 974 1268 1061 quadraginta
1287 986 1315 1039 et

101 1062 228 1137 septem
243 1075 363 1128 annos,
386 1053 492 1116 omnis
510 1052 606 1115 ltalia
619 1055 744 1118 viribus
759 1075 926 1116 armorum
939 1056 1073 1117 subacta
1088 1068 1154 1132 est,
1179 1060 1271 1123 sinml
1286 1070 1316 1122 et

101 1138 207 1221 Alpes
231 1138 379 1210 Cottiae,
400 1136 565 1199 Penninae
574 1180 584 1211 ,
609 1146 643 1199 et
656 1140 774 1201 Graiae
788 1146 886 1221 atque
898 1138 1076 1211 Romanae,
1099 1162 1178 1203 cum
1193 1132 1315 1227 Alpinis

101 1219 249 1305 populis,
266 1220 344 1303 ipsis
359 1219 393 1281 in
407 1220 545 1301 rupibus
559 1218 697 1297 duratis,
709 1222 743 1285 in
757 1220 916 1283 ditionem
930 1242 1125 1286 convenere.
1143 1226 1257 1289 Africa
1267 1232 1317 1289 ter

101 1305 202 1379 victe,
216 1303 326 1383 primo
342 1310 375 1364 et
388 1301 531 1366 secundo
546 1311 580 1365 et
591 1304 692 1366 tertio
707 1304 795 1366 bello
811 1302 951 1379 Punico,
963 1305 1198 1371 inaestimabili
1213 1309 1317 1373 vulne·

100 1408 153 1461 ue,
167 1386 333 1469 utrimque
347 1393 495 1467 accepto,
510 1386 656 1449 Romano
673 1387 812 1469 imperio
826 1387 957 1449 taudem
970 1397 1082 1469 parta:
1105 1390 1235 1466 Sicilia,
1246 1394 1315 1455 Sar·

103 1469 206 1546 dinis,
221 1468 389 1544 Baleares,
412 1470 529 1545 Creta,
554 1468 677 1532 insulae
692 1473 858 1534 obtentae.
883 1470 1038 1533 Numidia
1051 1474 1143 1535 ricto
1158 1476 1313 1559 Iugurtha

102 1552 139 1617 in
152 1561 347 1637 potestatem
361 1552 504 1615 redacta.
530 1552 738 1636 Hispaniam,
760 1575 859 1639 genus
874 1575 1041 1617 armorum
1054 1558 1165 1633 ferox,
1180 1569 1314 1621 nostro·

101 1656 190 1711 rum,
211 1657 271 1698 nec
290 1636 359 1699 sine
375 1636 524 1697 Romano
543 1658 674 1713 cruore,
689 1637 904 1721 subiugarere
918 1658 1019 1699 arma.
1047 1639 1223 1715 Celtiberi,
1242 1644 1313 1705 Can·

101 1712 190 1783 tabri
201 1766 210 1795 ,
231 1720 388 1793 Astures,
416 1719 581 1793 Lusitani,
608 1720 800 1794 Numantia,
821 1721 991 1803 omnisque
1005 1721 1184 1799 Gallaecia,
1202 1726 1314 1788 flexere

102 1804 277 1877 cervicem.
299 1801 405 1865 Gallia
420 1812 518 1886 atque
532 1804 698 1865 Britannia
713 1825 830 1866 uorem
844 1824 1006 1865 annorum
1021 1805 1097 1868 lulii
1113 1810 1263 1872 Caesaris
1274 1809 1315 1871 la·

100 1880 168 1949 bor
181 1890 286 1962 suere,
301 1886 496 1949 tributariae
510 1886 638 1949 demum
652 1888 769 1949 factae.
778 1936 782 1945 .
792 1886 874 1948 Post
887 1886 969 1955 baec
982 1886 1110 1970 Illyria,
1126 1893 1244 1967 l‘stria,
1262 1893 1315 1955 Li·

99 1966 200 2032 burui
220 1980 251 2033 et
264 1968 433 2032 Dalmatae
447 1968 709 2034 obsecundarero
722 1969 913 2053 perdomiti.
933 1970 1078 2033 Proinde
1093 1973 1130 2035 in
1145 1974 1313 2039 Graeciam

99 2054 256 2115 transitus
270 2054 346 2124 fuir,
362 2074 425 2135 qua
440 2052 638 2135 perdomita,
653 2052 785 2137 Epirus,
802 2051 968 2115 Thessalia
985 2062 1019 2115 et
1029 2054 1156 2118 Achaia
1176 2080 1312 2141 paruere

99 2135 272 2199 mandatis.
297 2137 364 2197 Ter
378 2133 567 2197 Macedonia
583 2156 658 2199 cum
674 2138 806 2219 regibus
822 2137 888 2200 suis
901 2134 1073 2213 debellata,
1087 2148 1120 2201 et
1134 2139 1171 2201 in
1186 2142 1314 2224 proria-

99 2218 171 2281 oiae
186 2219 326 2281 formam
346 2217 477 2280 demum
493 2218 637 2281 redacta.
660 2218 805 2282 Thraces
821 2219 1024 2284 saevissimos
1042 2223 1206 2297 omnium,
1226 2225 1312 2288 Pro-

97 2300 283 2387 pontiden,
307 2308 342 2363 et
362 2298 541 2373 Thracium
555 2302 742 2386 Bosporum
759 2324 836 2367 cum
851 2302 925 2386 ipso
942 2304 1100 2385 Byzantio
1118 2309 1227 2370 virtus
1244 2310 1312 2370 lto·

98 2406 195 2447 mana
220 2394 392 2468 superatos
419 2382 576 2449 reddidit.
622 2386 709 2449 Hinc
733 2385 775 2448 ad
797 2386 986 2451 Danubium
1010 2387 1232 2475 liberumque
1255 2394 1314 2454 tuis

88 2466 266 2553 ¹auspiciis,
288 2466 559 2531 victoriosissime
572 2469 772 2552 principum,
790 2478 1008 2554 penetratum,
1026 2480 1060 2533 et
1072 2474 1246 2561 utriusque
1257 2475 1313 2537 flu·

97 2553 196 2615 minis
226 2561 398 2635 utramque
419 2551 526 2633 ripam
552 2560 627 2615 tuae
652 2554 832 2616 industriae
853 2552 1067 2636 subiugarere
1092 2556 1194 2619 vires.
1227 2562 1312 2621 Duae

99 2637 306 2709 Germaniae,
324 2636 465 2697 inferior
485 2656 522 2697 ac
541 2638 706 2718 superior,
726 2636 786 2697 tibi
803 2637 900 2697 unico
921 2656 1056 2711 cessere3
1073 2638 1207 2717 Norici,
1223 2642 1310 2703 Pau-

97 2720 204 2793 uonii,
220 2719 329 2791 Suari,
342 2719 578 2790 Marcomanni,
588 2720 683 2792 Daci,
697 2719 813 2792 Moesi,
826 2727 1018 2801 ceteraeque
1031 2722 1184 2785 nationes
1201 2725 1240 2786 ad
1249 2725 1312 2787 Ar-

99 2812 189 2875 cton,
209 2802 365 2885 superati.
387 2800 522 2882 Europa
541 2800 576 2860 in
592 2801 743 2863 extremis
758 2802 873 2864 finium
891 2822 1026 2865 suorum
1042 2826 1104 2885 per
1121 2816 1155 2868 te
1172 2808 1310 2891 undique

99 2887 269 2960 exterrita,
288 2895 320 2947 et
333 2885 432 2947 armis
450 2904 617 2945 concussa.
640 2885 680 2946 In
699 2885 810 2947 Asiam
824 2887 889 2947 iam
902 2894 1183 2968 anteperventum
1196 2893 1308 2965 fuerat3

99 2978 134 3031 et
146 2969 235 3033 ricto
252 2968 432 3041 Antiocho,
443 2968 671 3048 potentissimo
686 2968 802 3051 Syriae
820 2990 909 3053 rege,
920 2968 1008 3032 ricto
1020 2971 1229 3049 Mithridate,
1245 2976 1311 3057 sy-

97 3053 161 3127 ria,
180 3052 358 3125 Phoenice,
377 3050 567 3131 Ctesiphon,
586 3050 779 3134 Babylonia,
800 3051 932 3126 Iudaea,
953 3051 1155 3130 Palaestina,
1179 3057 1309 3133 Arabia,

98 3137 225 3210 Cilicia,
237 3146 269 3198 et
285 3154 380 3199 omne
394 3133 494 3195 Ponti
504 3155 652 3217 reguum,
664 3156 738 3197 cum
753 3136 822 3217 ipsa
836 3134 965 3197 minore
974 3134 1062 3211 Asia,
1074 3138 1110 3200 iu
1123 3161 1190 3221 qua
1201 3142 1309 3225 Pbry-

98 3222 164 3305 gia,
176 3220 289 3303 Lydia,
305 3218 471 3301 Bithynia,
493 3217 734 3302 Paphlogouia,
749 3219 875 3281 Isauria
890 3228 922 3282 et
937 3219 1146 3302 Cappadocia
1165 3227 1311 3309 regiones

98 3306 326 3377 continentur,
348 3300 506 3365 mandatis
526 3303 805 3384 obtemperavero.
828 3302 929 3365 Cessit
949 3312 981 3363 et
997 3311 1138 3387 utraque
1156 3307 1307 3372 Armenia

98 3389 198 3449 armis
213 3387 336 3450 attrita.
359 3386 597 3466 Mesopotamia
612 3386 700 3447 inter
714 3384 885 3471 Tigridem
902 3394 935 3446 et
951 3385 1169 3465 Euphratem,
1181 3393 1309 3477 sangui-

96 3470 348 3532 neParthorum
359 3479 392 3530 et
401 3468 574 3531 Persarum
584 3470 702 3531 crebro
714 3478 859 3541 cruenta,
876 3468 1051 3552 multiplici
1072 3471 1166 3535 bello
1183 3475 1306 3537 demum

99 3554 247 3616 Romano
261 3552 382 3637 paruit.
406 3551 552 3615 Diversis
566 3552 772 3633 temporibus
787 3572 861 3614 cum
872 3551 981 3614 Persis
997 3563 1030 3616 et
1038 3554 1175 3619 Parthis
1188 3558 1307 3621 assidue

98 3647 295 3723 pugnatum,
317 3645 350 3699 et
366 3637 534 3718 utrimque
547 3633 693 3699 cladibus
714 3634 868 3717 acceptis,
887 3634 1050 3699 Romanus
1065 3642 1225 3719 superior
1238 3644 1306 3714 tuit,

100 3732 134 3785 et
153 3720 356 3784 obstantibus
380 3719 565 3802 imperarit.
594 3716 645 3782 Ad
667 3714 796 3780 Arcton
813 3718 940 3792 Colchi,
957 3720 1057 3794 Iberi,
1072 3722 1209 3799 Albani,
1224 3727 1306 3807 Sey-

99 3805 190 3879 thae,
209 3804 346 3887 Assyrii.
362 3802 482 3884 Caspii,
498 3824 571 3865 cum
585 3801 803 3864 Amazonibus
820 3803 899 3877 suis,
916 3802 1017 3865 ductu
1035 3815 1232 3870 nostrorum
1249 3810 1307 3871 du·

100 3910 176 3951 cum
194 3887 458 3971 subiugatisuut.
482 3886 721 3970 Aegyptiorum
734 3908 826 3967 reges
842 3886 929 3948 ultro
944 3886 977 3946 in
994 3888 1139 3951 amicitia
1158 3902 1193 3953 et
1206 3892 1302 3955 foede·

98 3993 139 4037 re
156 3981 325 4034 steterunt.
349 3970 486 4054 Cyrene,
502 3991 539 4032 ac
554 3980 624 4033 tota
640 3970 742 4050 Libya
761 3979 793 4030 et
807 3971 1018 4043 Mauretania,
1032 3975 1198 4038 exstineto
1218 3976 1300 4047 luha,

103 4057 316 4139 obsequentes
338 4057 442 4117 fuere.
465 4052 539 4115 Indi
556 4075 594 4115 ex
612 4054 683 4136 ipso
702 4060 848 4114 extremo
867 4052 1003 4115 Oriente
1019 4066 1195 4135 postremo
1213 4058 1248 4119 ad
1260 4066 1302 4131 te,

102 4138 337 4223 gloriosissime
357 4137 569 4219 Principum,
593 4139 626 4200 in
643 4145 789 4198 extremo
806 4135 986 4198 Occidente
1005 4145 1074 4199 tum
1090 4140 1180 4202 bella
1197 4163 1303 4223 geren-

102 4232 189 4298 tem,
213 4224 407 4307 legationem
431 4225 568 4294 misere,
592 4221 632 4283 ad
654 4220 810 4302 obsequia
835 4240 869 4281 se
894 4228 1026 4300 paratos
1046 4224 1255 4302 prolitentes,
1272 4232 1303 4285 ut

102 4309 273 4383 nonnihil,
300 4315 332 4367 te
356 4305 557 4388 imperante,
584 4303 672 4365 baud
689 4311 871 4383 superesset
890 4303 1099 4369 indomitum.
1129 4305 1302 4371 Aeternum

102 4391 190 4468 aule,
212 4395 262 4461 tui
279 4387 399 4457 saeculi
415 4409 559 4477 perenne
574 4408 612 4449 ac
631 4385 815 4449 immortale
837 4385 934 4451 decus
944 4434 953 4465 ,
974 4386 1092 4454 Caesar
1109 4388 1265 4478 Augusta.

519 4584 899 4611 cun—*¹⁸—
