2850 4958
450 276 843 359 elesmoth-tte
867 278 917 359 11.
1147 312 1160 323 “
1246 280 1299 359 53

74 449 230 534 ,cousus
248 451 335 515 ..sans
346 448 372 533 ,J
398 466 501 533 quum
532 448 570 513 0.
593 444 711 512 &esar
739 434 906 527 sumsisset
922 442 996 511 tan
1014 445 1145 513 virilem
1163 450 1298 531 togam,

77 533 203 597 Lucius
223 531 303 595 item
323 538 471 595 maturus
492 533 745 610 assuitibus,
767 554 809 595 ne
824 532 937 618 fulgor
957 553 1034 598 suns
1055 530 1235 596 orientium
1251 528 1301 591 iu-

80 618 202 681 renum
222 614 369 679 obstaret
390 614 519 691 initiis,
538 614 741 679 dissimulata
761 638 872 683 caussa
893 616 1024 679 consilii
1045 616 1117 691 soi,
1140 634 1303 687 commea-

81 708 155 763 tusu
177 699 217 761 ah
238 718 353 759 socero
377 706 475 780 atque
497 698 613 763 eodem
634 701 754 763 vitrico
777 699 1005 784 acquiescendi
1020 723 1037 761 a
1052 694 1302 762 continuatione

78 783 237 847 laborum
259 780 368 863 petiit.
412 783 496 862 Quis
524 784 627 845 fuerit
659 805 699 846 eo
732 792 883 868 tempore
904 783 1046 847 civitatis
1065 782 1220 855 habitus,
1267 778 1303 841 ui
1396 814 1400 823 ι

73 864 290 967 Ιιίιῃςιιίοιηιιιι
302 864 433 940 animi,
455 887 545 960 'quae
565 866 821 948 digredientium
843 890 861 929 a
881 866 973 929 tanto
994 868 1058 931 riri
1082 866 1229 930 omnium
1243 802 1304 929 la-

69 970 229 1035 ¹,naamam
251 968 349 1030 quam
368 971 473 1030 paens
495 950 525 1012 ci
546 951 655 1033 patria
676 972 808 1013 manum
829 951 1002 1027 iniecerit,
1030 952 1305 1031 iustoqervemus

77 1033 197 1119 operi.
240 1030 328 1096 Illud
350 1033 447 1095 etiam
477 1034 510 1097 in
531 1033 597 1096 hoc
615 1041 804 1099 transcursu
826 1034 1000 1098 dicendum
1021 1042 1088 1109 est,
1109 1034 1156 1096 itu
1176 1042 1304 1117 septem

76 1137 190 1203 annos
209 1113 320 1178 Rhodi
346 1124 533 1192 moratum,
561 1124 599 1178 ut
620 1139 753 1195 omnes,
782 1118 840 1203 qui
858 1138 923 1202 pro
947 1118 1143 1182 Consulibus
1163 1116 1304 1219 Legati-

78 1210 168 1287 qne,
192 1199 227 1262 in
247 1200 477 1263 transmarinus
497 1201 642 1289 proiecti
667 1202 875 1286 provincias,
897 1200 1022 1266 risendi
1044 1203 1114 1265 eius
1134 1208 1241 1287 gratas
1262 1198 1306 1263 ud

77 1308 162 1349 eum
182 1283 359 1358 uenissent,
381 1304 510 1368 semper
529 1284 680 1366 privato,
702 1284 729 1347 si
752 1285 809 1349 illa
828 1284 978 1349 maiestas
998 1286 1128 1369 private
1149 1284 1306 1369 umquam

76 1368 151 1435 suit
163 1412 172 1441 ‚
195 1368 298 1433 fasces
318 1388 394 1430 suos
423 1367 655 1447 submiserint,
686 1369 830 1456 iussique
856 1368 944 1451 sint,
976 1370 1083 1441 otium
1103 1369 1173 1434 sios
1191 1367 1307 1433 hono-

72 1452 192 1521 -rntius
212 1449 354 1531 imperio
376 1471 448 1514 suo.
1036 1462 1039 1467 '

125 1536 164 1599 C.
196 1532 305 1597 Sensit
336 1540 500 1596 terrarum
538 1529 647 1609 orbis,
683 1532 866 1619 digressum
895 1554 915 1597 n
943 1532 1095 1599 custodia
1124 1534 1305 1601 Neronem.

80 1622 172 1683 liam
194 1626 228 1679 et
246 1616 391 1679 Parthus
402 1662 411 1691 ,
434 1615 613 1679 desciscens
633 1638 653 1679 u
674 1619 833 1680 societate
852 1618 1012 1694 Romana,
1045 1617 1167 1682 adiecit
1185 1620 1309 1683 Arme-

80 1704 163 1767 niae
184 1721 336 1776 monning
360 1709 393 1762 et
413 1698 607 1774 Germania,
631 1702 752 1764 aversis
773 1699 951 1779 domitoris
972 1702 1024 1765 sui
1046 1701 1172 1779 oculis,
1193 1702 1309 1766 rebel·

76 1786 179 1853 lavit.
222 1782 267 1846 At
287 1782 322 1844 in
343 1783 458 1859 Urbe,
481 1804 521 1845 eo
542 1783 615 1863 ip'so
637 1805 744 1860 anno,
767 1806 833 1868 quo
855 1784 1166 1869 magnificentissimi
1186 1785 1309 1872 gladia-

81 1867 169 1934 torii
192 1867 334 1932 muneris
363 1866 642 1948 naumachiaeqoe
668 1867 884 1951 spectaculis,
913 1872 956 1933 D.
978 1868 1164 1949 Augustus,
1186 1868 1309 1932 abhinc

78 1973 191 2019 anuos
212 1950 324 2023 XXX,
346 1970 381 2012 se
401 1960 435 2013 et
456 1948 550 2012 Gallo
573 1950 709 2013 Caninio
732 1953 819 2014 Coss.
842 1951 994 2015 dedicato
1017 1955 1133 2015 Martis
1158 1952 1307 2037 templo,

77 2035 216 2105 animos
238 2033 418 2117 oculosque
438 2033 556 2133 populi
587 2033 727 2096 Romani
754 2034 960 2119 repleverat,
992 2036 1089 2099 foeda
1121 2036 1211 2100 dictu
1235 2056 1309 2098 me-

83 2119 262 2199 moriaque
291 2115 457 2180 horrenda
486 2139 520 2184 an
551 2117 653 2199 ipsius
685 2118 785 2181 domo
812 2126 987 2202 tempestas
1009 2120 1130 2203 erupit.
1174 2120 1309 2203 Quippe

83 2203 156 2283 tilia
179 2202 249 2263 eius
270 2199 377 2276 Iulis,
398 2220 460 2284 per
482 2200 590 2262 omnia
613 2200 695 2262 tanti
717 2203 864 2284 parentis
885 2224 923 2264 ac
943 2201 1007 2265 viri
1032 2204 1225 2278 immemor,
1251 2206 1310 2265 ni-

85 2286 158 2359 hil,
182 2284 273 2368 quod
295 2286 404 2345 facere
428 2292 485 2344 aut
505 2285 575 2365 pati
597 2285 742 2365 turpiter
761 2295 873 2367 posset
892 2287 1031 2361 femina,
1051 2285 1204 2361 luxuria,
1225 2284 1310 2349 lihi-

88 2370 169 2433 dine
196 2370 348 2433 iniectum
373 2364 531 2451 reliquit:
555 2366 878 2452 magnitudinemque
892 2370 1047 2431 fortunae
1061 2393 1137 2433 suae
1150 2369 1310 2453 peccandi

87 2452 226 2515 licentia
246 2450 460 2525 metiebatura
487 2449 649 2534 quidquid
669 2450 802 2528 liberet,
818 2473 882 2535 pro
905 2452 1000 2516 licito
1015 2453 1193 2515 vindicans.
1223 2453 1309 2515 Tum

89 2536 197 2598 lulius
219 2533 403 2609 Antonius,
423 2533 588 2619 singulare
610 2534 794 2617 exemplum
815 2536 1008 2599 clementiae
1034 2537 1196 2611 Caesaris,
1228 2536 1310 2597 ric-'-

89 2618 182 2683 later
205 2619 274 2680 elus
295 2617 434 2690 domus,
455 2618 527 2700 ipse
547 2616 678 2679 sceleris
696 2640 716 2678 a
736 2639 769 2679 se
790 2614 955 2682 commissi
979 2619 1072 2683 ultor
1090 2621 1175 2683 fuit:
1196 2640 1309 2766 quem,

89 2704 180 2767 ricto
205 2702 274 2764 eius
293 2710 410 2783 patre,
440 2722 509 2763 uon
538 2709 665 2763 tantum
685 2699 911 2764 incolumitate
933 2701 1129 2777 donaverat,
1160 2724 1194 2767 se
1242 2701 1312 2763 Sn-

88 2784 269 2857 cerdotio,
297 2785 480 2858 Praetura,
506 2783 705 2857 Consulatu,
737 2785 935 2866 provinciis,
963 2785 1187 2862 honoratum,
1211 2787 1313 2850 etium

88 2858 308 2933 matrimonio
333 2866 459 2927 sororis
479 2886 557 2928 suas
578 2866 665 2929 filiae
689 2865 723 2926 in
744 2868 939 2928 artissimam
959 2868 1159 2931 adfinitatem
1179 2892 1315 2950 recepe·

90 2960 168 3018 rat:
200 2948 440 3031 Quinctiusque
470 2948 659 3032 Crispinus,
692 2947 889 3030 singularem
919 2952 1100 3033 nequitiam
1131 2954 1312 3034 supercilio

90 3033 181 3099 truci
203 3042 403 3118 protegens,
425 3038 458 3093 ct
479 3031 606 3115 Appius
630 3029 803 3106 Claudius,
832 3041 866 3092 et
884 3031 1098 3115 Sempronius
1122 3035 1313 3108 Gracchus,

90 3140 130 3183 ae
151 3116 291 3198 Scipio,
313 3114 438 3200 aliique
458 3114 596 3176 minoris
617 3112 778 3187 nominis,
800 3114 973 3198 utriusque
988 3114 1113 3177 ordinis
1128 3117 1203 3190 viri,
1220 3119 1314 3201 quasi

91 3200 272 3265 cuiuslibet
292 3220 397 3263 uxore
417 3196 559 3272 violata,
582 3218 703 3282 poenas
725 3196 932 3282 pependere:
954 3218 1055 3279 quum
1079 3200 1222 3263 Caesaris
1245 3200 1315 3263 fili-

91 3308 144 3349 am
168 3293 202 3346 et
223 3283 366 3351 Neronis
390 3280 566 3345 violassent
586 3281 773 3365 coniugem.
816 3280 901 3345 Iulia
920 3282 1074 3367 relegata
1096 3282 1129 3343 in
1151 3282 1312 3362 insulam,

90 3367 288 3452 patriaeque
309 3375 343 3429 et
363 3373 537 3468 parentum
561 3364 721 3428 subducta
745 3363 869 3438 oculis,
901 3384 998 3449 quam
1024 3372 1132 3428 manen
1156 3370 1315 3434 comitata

91 3459 202 3517 mater
222 3450 419 3524 Scribonra,
440 3448 627 3512 voluntaria
648 3447 754 3511 exsilii
778 3445 959 3531 permansit
981 3468 1101 3517 comes.

138 3534 193 3601 c1.
225 3538 328 3598 Breve
357 3533 398 3596 ab
425 3530 492 3596 hoc
518 3528 748 3596 intercesserat
778 3534 938 3614 spatium,
970 3553 1073 3615 quum
1107 3534 1143 3596 C.
1173 3535 1312 3608 Caesar,

87 3627 174 3681 ,ants
196 3620 268 3683 allis
291 3616 473 3701 provinciis
498 3615 539 3678 ad
562 3615 730 3680 visendum
751 3615 862 3690 obitis,
882 3617 916 3678 ln
935 3615 1065 3701 Syriam
1086 3616 1213 3690 missus,
1229 3637 1316 3678 con-

87 3706 196 3765 ¹vento
221 3703 318 3788 prius
340 3700 419 3764 Tib.
444 3700 595 3777 Nerone,
628 3699 682 3761 cui
708 3721 838 3762 omnem
860 3698 1046 3771 honorem,
1073 3704 1109 3757 ut
1130 3699 1312 3780 superiori,

83 3782 236 3862 babuit,
260 3795 328 3847 mm
351 3782 441 3846 varie
465 3792 500 3846 ιε’
523 3782 571 3845 ihi
595 3783 712 3867 gessit,
734 3790 772 3842 ut
793 3801 852 3842 nec
870 3780 1081 3844 laudaturum
1102 3802 1232 3865 magna,
1253 3802 1315 3843 nec

93 3869 360 3951 vituperaturum
385 3864 562 3929 mediocris
586 3865 721 3928 materia
741 3861 882 3925 deficiat.
914 3865 994 3926 Cum
1008 3883 1086 3944 rege
1109 3863 1314 3926 Parthorum

96 3950 226 4015 iuvenis
250 3950 503 4023 excelsissimus,
528 3950 563 4013 in
586 3948 690 4013 insula
703 3964 712 4023 ᾗ
734 3968 834 4031 quam
854 3948 957 4010 amnis
980 3947 1165 4029 Euphrates
1186 3947 1316 4009 ambie-

95 4032 172 4109 bat,
200 4045 338 4120 aequato
366 4033 537 4116 utriusque
559 4032 663 4116 partis
685 4051 845 4105 numero,
877 4029 970 4092 coiit.
1013 4029 1112 4108 Quod
1134 4040 1315 4114 spectacu-

94 4115 166 4183 lum
194 4120 309 4181 stantis
333 4139 372 4180 ex
397 4116 548 4191 diverso,
572 4116 651 4177 hinc
673 4114 833 4187 Romani,
865 4109 957 4174 illlnc
985 4112 1187 4176 Parthorum
1216 4134 1315 4175 exer-

98 4203 205 4278 citus,
230 4225 331 4287 quum
355 4200 423 4263 duc
449 4200 535 4261 inter
547 4221 582 4261 sc
598 4197 848 4260 eminentissima
864 4195 1080 4275 imperiorum
1096 4198 1127 4258 et
1141 4196 1315 4258 hominum

96 4286 230 4347 coirent
252 4287 377 4369 capita,
400 4304 561 4367 perquam
582 4281 707 4343 clarum
733 4289 765 4341 et
787 4278 1020 4355 memorabile,
1047 4281 1107 4342 suh
1133 4279 1226 4340 initia
1251 4282 1315 4342 sti-

98 4369 297 4451 pendiorum
331 4388 503 4442 meorum,
539 4366 689 4427 Tribunc
723 4361 866 4425 militum
899 4361 980 4424 mihi
1017 4364 1124 4425 risere
1160 4362 1312 4447 contigit.

99 4454 208 4527 (luem
233 4453 370 4516 militiae
396 4449 534 4535 gradum
561 4457 636 4511 autc
666 4448 725 4510 sub
750 4458 848 4529 patre
875 4453 954 4522 tuo,
985 4444 1030 4508 Μ.
1054 4444 1189 4518 Vinici,
1216 4453 1248 4505 et
1272 4446 1313 4506 P.

98 4536 185 4599 Silio
212 4536 413 4620 auspicatus,
436 4532 471 4596 in
496 4532 639 4596 Thracia
663 4530 944 4614 Macedoniaque,
967 4552 1045 4592 mox
1069 4527 1193 4592 Achaia
1211 4526 1318 4591 Asia-

90 4642 187 4707 ¹qum
221 4628 255 4685 ot
284 4618 433 4705 amahus
464 4617 506 4685 ud
535 4617 707 4685 Orientem
736 4613 819 4689 'visis
846 4612 1026 4705 proviaciis
1038 4652 1049 4690 ,
1077 4621 1318 4701 starentque
