2850 4958
558 240 900 354 anevnarum
1241 263 1332 359 ποκ’

109 447 166 521 ei,
197 441 309 508 oblato
338 436 540 516 diademate,
573 440 660 525 apud
688 441 843 527 Artapata
871 439 1007 506 dedidit.
1050 439 1211 526 Receptae
1240 453 1317 507 sunt
1379 514 1381 518 ,

107 531 151 591 ab
175 550 214 591 eo
238 528 492 611 Mesopotamia,
515 525 641 608 Syriae,
664 535 696 586 et
717 526 881 610 aliquanta
900 548 976 609 pars
996 526 1196 601 Phoenices,
1219 538 1317 614 atque
1400 532 1409 547 “

66 666 70 675 ,
106 613 196 675 intra
218 612 404 674 Armeniam
426 612 585 672 maiorem
606 629 743 689 regnare
761 611 936 693 permissus
957 620 1015 675 est.
1058 609 1150 673 ldem
1170 612 1318 696 Pompe-

106 696 162 756 ius
182 695 379 777 Bosporanis
402 703 434 755 at
456 692 587 756 Colchis
601 691 828 754 Aristarchum
842 686 952 779 regem
966 694 1143 776 imposuit:
1167 717 1242 771 cum
1257 697 1321 758 Ala
1388 683 1394 708 ⁸

106 778 203 840 banis
226 779 389 842 conflixit:
414 778 546 852 Oroesi,
568 775 771 838 Albanorum
791 777 873 861 regi,
895 787 948 840 ter
966 780 1067 853 victo,
1088 794 1201 858 pacem
1216 781 1321 843 dedit.-
1354 779 1357 783 ’

105 862 255 930 Iberiam
276 884 351 924 cum
376 862 499 923 Artoce
529 879 607 943 rege
627 859 662 921 iu
688 859 887 922 deditionem
909 865 1046 944 accepit.
1088 861 1266 945 Saracenos
1287 871 1322 924 et

108 945 235 1007 Arabas
255 947 347 1007 vicit.
390 945 509 1007 Iudaea
531 951 644 1025 capta,
668 943 931 1026 Hierosolymam
953 947 1107 1010 obtinuit.
1142 948 1222 1007 Cum
1235 948 1321 1008 Per-

109 1029 156 1090 sis
176 1028 292 1090 foedus
311 1027 401 1090 fecit.
445 1028 595 1102 Rediens,
619 1026 705 1105 apud
726 1026 935 1089 Antiochiam
949 1029 1176 1112 Daphncnsem
1196 1030 1320 1105 lucum,

107 1110 291 1174 delectatus
320 1111 387 1173 loci
419 1112 615 1174 amoenitate
642 1119 675 1171 et
694 1133 852 1197 aquarum
872 1112 1090 1188 abundantia,
1120 1114 1232 1175 addito
1253 1135 1324 1176 ne-

106 1214 205 1257 more
229 1195 442 1258 consecravit.

150 1272 261 1343 XVII.
295 1279 426 1339 Crassus
448 1279 568 1341 Consul
589 1281 741 1344 adversus
761 1276 903 1340 Parthos
924 1277 1118 1340 rebellantes
1130 1280 1245 1340 missus
1261 1286 1323 1340 est.

106 1359 143 1422 Is
165 1381 265 1443 quum
295 1382 426 1444 pacem,
458 1364 555 1425 missa
582 1387 600 1424 a
626 1365 760 1428 Parthis
788 1361 974 1443 legatione,
1006 1371 1197 1446 rogaretur,
1232 1361 1322 1442 apud

111 1444 357 1527 Ctesiphontem
386 1466 620 1527 responsurum
644 1471 678 1512 se
707 1448 763 1509 ait.
807 1444 904 1527 Apud
934 1447 1073 1528 Zeugma
1094 1446 1225 1506 traiecit
1245 1447 1324 1506 Eu-
1380 1461 1388 1480 '

108 1525 281 1610 phratem,
310 1537 342 1589 et
362 1551 381 1589 a
401 1532 566 1615 transfuga
588 1533 731 1615 quodam
753 1528 884 1611 Abgaro
908 1529 1080 1601 inductus,
1113 1528 1153 1589 ad
1176 1529 1322 1612 ignotam

110 1631 299 1692 camporum
320 1610 530 1675 solitudinem
552 1612 728 1677 descendit.
773 1615 825 1676 Ibi
841 1612 985 1696 undique
999 1611 1320 1674 circumvallantibus

107 1693 354 1776 sagittariorum
376 1697 558 1778 agminibus
578 1720 652 1760 cnm
673 1698 790 1759 Sillace
814 1705 846 1758 et
862 1696 997 1770 Surena,
1014 1695 1192 1756 Praefectis
1206 1696 1319 1778 regiis,

108 1783 159 1837 cst
190 1779 313 1840 cinctus
344 1780 527 1856 exercitus,
562 1792 593 1843 et
625 1783 657 1845 vi
690 1781 832 1843 telorum
866 1780 1016 1841 obrutus.
1059 1780 1133 1861 Ipse
1168 1780 1319 1855 Crassus,¹
1357 1772 1386 1839 ¹³„-

107 1881 211 1941 quum
240 1860 280 1922 ad
303 1863 508 1943 colloquium
537 1865 751 1936 sollicitatus,
779 1864 870 1924 vivus
899 1885 1002 1944 paene
1031 1863 1103 1944 capi
1136 1864 1320 1943 potuisset,

106 1945 364 2028 repugnantibus
389 1947 567 2022 Tribunis,
593 1958 757 2010 eraserat:
783 1956 816 2008 ct
842 1946 918 2007 dum
942 1947 1052 2030 fugam
1071 1945 1168 2026 petit,
1195 1947 1321 2007 occisus

61 2064 65 2101 ρ
106 2034 167 2087 est.
213 2029 318 2108 Caput
342 2030 410 2090 cius
435 2051 509 2091 cum
538 2031 671 2094 dextera
700 2046 797 2092 manu
822 2036 1004 2101 resectum,
1037 2029 1078 2089 ad
1102 2049 1212 2110 regem
1235 2051 1323 2111 per-

61 2128 66 2186 ι
105 2107 211 2170 latum
235 2119 302 2183 est,
328 2121 425 2195 atque
450 2113 494 2172 ita
518 2113 663 2177 ludibrio
689 2114 857 2187 habitum,
882 2120 926 2173 ut‘
944 2112 1093 2172 faucibus
1112 2113 1189 2172 eius
1205 2134 1324 2174 aurum

61 2233 67 2273 t
105 2190 322 2274 liquefactum
354 2194 601 2257 infunderetur:
636 2199 764 2260 scilicet
794 2205 852 2269 nt,
896 2196 953 2279 qui
989 2195 1104 2256 ardens
1141 2195 1323 2276 cupiditate

61 2272 91 2355 ῥ’
106 2275 314 2358 praedandi,
337 2299 449 2358 pacem
473 2282 543 2364 regi
559 2281 637 2342 dare
651 2290 784 2364 rogatus
806 2280 975 2350 abnuerat,
1000 2279 1096 2338 etiam
1112 2281 1234 2339 mortui
1251 2281 1320 2340 eius
1364 2282 1374 2314 ¹

61 2400 66 2437 ς
109 2358 267 2442 reliquias
282 2362 353 2420 auri
369 2361 493 2423 flamma
510 2365 731 2426 combureret.
760 2363 855 2425 Caius
871 2362 1007 2433 Cassius,
1022 2362 1185 2439 Quaestor
1201 2363 1319 2435 Crassi,

61 2476 64 2501 t
108 2440 161 2502 vir
180 2451 352 2516 strenuus,
378 2445 533 2528 reliquias
554 2447 618 2507 fusi
638 2447 772 2530 collegit
794 2446 966 2507 exercitus.
1011 2446 1131 2504 Contra
1152 2444 1266 2505 Persas
1284 2447 1321 2507 in

61 2556 65 2592 ι
108 2523 239 2607 Sypiam
256 2526 491 2608 irrumpentes,
516 2536 568 2590 ter
588 2544 662 2590 cum
682 2550 805 2591 summa
824 2528 1041 2590 admiratione
1064 2526 1222 2602 conflixit,
1246 2549 1324 2589 eos-

61 2656 67 2690 ,
115 2629 180 2692 que
199 2617 288 2670 trans
312 2609 513 2690 Euphratem
535 2611 685 2674 redactos
710 2613 858 2674 vastavit.

154 2692 281 2754 XVlll.
312 2693 452 2767 Parthi,
482 2694 628 2757 Labieno
655 2696 757 2770 duce,
780 2696 852 2777 (qui
876 2693 1151 2775 Pompeianarum
1176 2692 1322 2774 partium

61 2814 69 2855 ι
109 2774 239 2850 fuerat,
265 2785 298 2837 et
320 2777 425 2838 victus
445 2776 485 2837 ad
506 2778 621 2840 Persas
644 2782 822 2864 refugerat)
849 2778 883 2837 in
907 2779 1034 2855 Syriam
1056 2778 1257 2855 irruperunt,
1283 2798 1322 2838 ac

61 2896 70 2940 ,-
108 2865 213 2920 totam
231 2860 436 2940 provinciam
462 2872 714 2940 occupaverunt,
758 2862 823 2923 Sed
853 2862 989 2922 Publius
1012 2859 1186 2941 Ventidius
1205 2862 1320 2922 Bassus

61 2978 70 3024 y
108 2940 250 3004 Parthos
263 2989 272 3017 ,
298 2944 354 3026 qui
379 2942 516 3006 ducente
539 2947 683 3007 Labieno
709 2947 838 3025 Syriam
857 2945 1062 3015 invaserant,
1089 2959 1264 3004 occurrens
1285 2945 1321 3005 iu

61 3066 67 3093 ,
95 3024 222 3087 ‘Tauro
244 3037 376 3099 monte,
402 3048 475 3087 cum
499 3030 612 3110 paucis
634 3031 777 3112 fugarit,
800 3027 977 3088 Labienum
999 3025 1138 3097 occidit,
1163 3047 1322 3108 persecu-

61 3148 63 3173 t
105 3118 161 3170 tus
179 3119 227 3169 est
249 3108 375 3181 Persas,
397 3109 436 3170 ad
458 3110 714 3175 internecionem
732 3111 863 3173 stravit:
885 3133 948 3195 qua
968 3111 1197 3193 congressione
1212 3110 1322 3170 Paco-

93 3215 182 3254 ¹rum
205 3194 290 3271 regis
315 3193 416 3254 tilium
444 3194 554 3256 eadem
580 3194 654 3270 die,
679 3219 743 3281 qua
764 3195 895 3255 Crassus
919 3194 1022 3254 victus
1042 3197 1160 3267 fuerat,
1184 3193 1326 3266 occidit,

107 3288 153 3337 ne
172 3275 346 3358 aliqnando
374 3277 523 3338 Romani
539 3277 630 3340 ducis
653 3270 745 3342 mors
765 3277 869 3338 inulta
894 3275 1147 3363 relinqueretur.
1193 3276 1320 3337 Venti·-

108 3358 186 3418 dins
207 3359 248 3420 dc
267 3359 377 3422 Persis
406 3361 532 3441 primus
561 3362 786 3446 triumphavit.
833 3363 879 3421 Μ.
906 3359 1066 3420 Antonius
1093 3359 1234 3420 Mediam
1260 3360 1321 3420 in-

109 3460 259 3523 gressus,
284 3464 366 3526 quae
390 3465 477 3505 nunc
505 3445 640 3507 Medena
664 3446 869 3530 appellatur,
895 3443 1017 3505 bellum
1033 3444 1163 3504 Parthis
1185 3443 1320 3520 intulit,

112 3530 148 3582 et
172 3524 288 3602 primis
317 3527 540 3605 eosproeliis
569 3530 667 3590 vicit:
704 3551 818 3592 verum
848 3537 945 3610 post,
979 3527 1102 3589 duabus
1132 3527 1318 3610 legionibus
1408 3542 1413 3553 ¹

111 3605 257 3681 amissis,
281 3628 378 3690 quum
399 3611 502 3683 fame,
527 3613 733 3694 pestilentia,
764 3610 1074 3693 tempestatibusque
1092 3619 1318 3694 premeretur,

108 3689 167 3748 vix
187 3710 248 3770 per
266 3689 472 3768 Armeniam,
497 3693 629 3757 Parthis
646 3696 909 3780 insequentibus,
935 3695 1100 3754 revocavit
1122 3691 1320 3768 exercitum

107 3780 204 3833 tanto
226 3796 287 3855 per
306 3785 469 3837 momenta
488 3786 674 3860 temporum
695 3788 824 3840 terrore
842 3777 1021 3862 perculsus,
1045 3787 1081 3837 ut
1101 3798 1117 3835 a
1139 3773 1321 3857 gladiatore

104 3876 170 3918 sno
193 3859 320 3934 percuti
344 3859 543 3942 postularet,
565 3883 606 3921 ne
629 3862 721 3922 vivus
741 3863 868 3922 veniret
891 3862 925 3922 in
945 3861 1090 3921 hostium
1111 3866 1321 3940 potestatem.

151 3939 243 4001 XIX.
275 3941 344 4004 Sub
373 3943 554 4004 Octaviano
584 3945 720 4006 Caesare
744 3944 890 4026 Augusto
922 3942 1073 4004 Armenia
1096 3963 1169 4002 cum
1189 3941 1321 4003 Parthis

105 4025 326 4101 conspirarit.
371 4027 466 4088 Caius
489 4027 624 4100 Caesar,
647 4049 747 4107 nepos
769 4027 923 4109 Augusti,
946 4049 1020 4087 cum
1042 4026 1186 4086 exercitu
1208 4026 1321 4086 missus

105 4106 152 4168 ad
174 4107 365 4183 Orientem,
389 4132 485 4193 quam
509 4131 566 4189 per
586 4112 785 4173 maiestatem
805 4111 942 4171 Romani
963 4109 1103 4170 nominis
1125 4108 1219 4170 facile
1237 4131 1322 4168 cun-

105 4198 163 4252 cta
185 4191 345 4265 sedasset,
368 4204 466 4274 atque
489 4195 517 4254 ei
540 4215 573 4256 se
596 4193 763 4269 Armenii,
786 4195 842 4278 qni
866 4204 942 4255 tunc
964 4192 1121 4274 temporis
1144 4190 1320 4253 validiores

105 4282 205 4335 erant
227 4274 379 4349 Parthis,
403 4274 620 4353 dedidissent,
645 4277 832 4362 iudicesque
858 4294 896 4339 ex
918 4277 1067 4337 instituto
1090 4275 1240 4353 Pompeii
1265 4274 1320 4335 di-

103 4356 170 4418 ctis
192 4360 341 4441 gentibus
366 4360 461 4421 Caius
484 4361 600 4423 Caesar
622 4361 834 4439 praeficeret3
868 4364 1010 4422 Domnes
1039 4358 1190 4442 quidam,
1224 4379 1320 4438 quem

102 4459 169 4502 rex
200 4440 367 4525 Artageris
396 4452 651 4526 praeposuerat,
681 4444 872 4522 proditione
899 4441 1064 4514 simulata,
1096 4438 1263 4513 libellum,
1286 4439 1321 4501 in

107 4544 181 4607 quo
203 4526 318 4610 scripti
340 4526 485 4589 thesauri
506 4527 774 4600 continerentur,
800 4527 939 4589 obtulit:
970 4546 1065 4609 quom
1089 4544 1188 4607 quum
1210 4522 1323 4602 impe„

108 4616 207 4669 rator
228 4608 394 4685 Romanus
414 4600 537 4698 legeret
559 4611 724 4686 intentius,
747 4611 854 4709 cultro
875 4613 1052 4691 [Domnes]
1068 4608 1234 4695 adgressus
1250 4627 1323 4670 enm
1409 4666 1412 4671 .
