2850 4958
1145 192 1158 227 s

461 283 851 363 mentonem
877 284 926 359 n.
1255 290 1306 386 s7

91 450 322 528 malte,'dum
344 448 569 529 clementiam,
590 472 690 536 quam
709 452 935 536 praestiterat,
958 457 1134 535 exspectat,
1157 452 1306 513 incautus

93 541 134 600 ab
157 537 291 619 ingratis
313 544 491 619 occupatus
513 543 580 609 est3
603 558 705 619 quum
726 535 858 619 quidem
870 532 1014 619 plurima
1025 537 1194 623 praesagia
1208 544 1307 619 atque

88 622 215 697 indicia
233 621 290 681 Dii
313 619 514 681 immortales
534 620 639 682 futuri
663 614 858 681 obtulissent
880 618 1034 701 periculi.
1078 619 1160 680 Nam
1185 629 1219 680 et
1237 621 1307 681 ha-

90 708 239 787 ruspices
262 711 559 786 praemonuerant,
582 715 619 764 ut
640 702 1013 785 dt'lr'gentt'ssmaalduum
1030 706 1228 763 Martiarum
1247 725 1309 763 cu-

89 804 180 854 reret
206 787 289 847 daem
299 794 326 859 ·,·'
336 794 368 846 et
389 808 480 865 uxor·
496 785 672 869 Calpurnia
691 789 809 848 territa
830 796 993 847 nocturno
1016 786 1107 860 visu,
1133 798 1169 845 ut
1190 809 1229 845 ea
1256 787 1309 847 dic

89 872 182 933 domi
205 871 411 944 subsisteret,
445 869 582 944 orabat3
614 878 645 931 et
675 869 780 932 libelli
810 870 1069 931 coniurationem
1100 871 1307 944 nuntiantes,

88 955 159 1017 dati
183 956 222 1015 ab
245 953 366 1026 obri0,
389 975 496 1035 neque
516 954 666 1036 protinus
685 953 764 1016 lecti
786 962 890 1015 erant.
933 948 997 1016 Sed
1017 954 1169 1037 profecto
1193 953 1308 1015 inelu-

89 1038 222 1100 ctabilis
243 1040 387 1099 fatorum
412 1040 477 1111 vis,
507 1038 739 1124 cuiuscumque
765 1040 934 1101 fortunam
961 1036 1088 1099 mutare
1115 1038 1306 1114 constituit,

89 1122 230 1185 consilia
254 1122 449 1201 corrumpit.
477 1140 482 1155 ¹
706 1191 709 1197 Ι

131 1206 257 1265 LVIII.
291 1206 365 1282 Quo
389 1227 473 1266 anno
496 1202 531 1263 id
552 1213 724 1286 patravere
742 1205 869 1271 facinus
891 1203 937 1266 M.
961 1204 1080 1265 Brutus
1104 1212 1136 1264 et
1163 1204 1197 1265 C.
1222 1206 1307 1267 Cas-

88 1290 180 1363 sius,
212 1289 387 1349 Praetores
420 1295 531 1360 erant3
564 1290 606 1351 D.
628 1284 748 1352 Brutus
780 1286 901 1350 Consul
931 1286 1130 1369 designatus:
1169 1288 1213 1349 Hi
1244 1313 1309 1351 una

89 1394 168 1434 eum
199 1372 438 1433 coniurationis
462 1371 585 1455 globo,
613 1375 725 1457 stipati
757 1370 978 1458 gladiatorum
1004 1376 1048 1433 D.
1070 1372 1164 1433 Bruti
1187 1394 1306 1449 mauu,

89 1456 292 1538 Capitolium
327 1476 550 1535 occupavere,
581 1477 682 1539 quum
714 1457 832 1519 Consul
865 1456 1027 1519 Antonius
1062 1458 1174 1539 (quem
1207 1479 1310 1539 quum

87 1539 187 1601 simul
211 1538 464 1599 interimendum
486 1540 661 1602 censuisset
683 1541 828 1615 Cassius,
850 1548 1143 1622 testamentumque
1166 1538 1310 1601 Caesaris

88 1623 306 1695 abolendum,
329 1624 449 1682 Brutus
471 1634 729 1706 repugnaverat3
752 1624 926 1685 dictitans:
943 1620 1038 1693 ¹nt'lu'l
1061 1624 1200 1703 arnpltits
1223 1629 1309 1686 catt-

88 1707 148 1768 bus
176 1718 312 1786 praeter
342 1712 493 1787 tyranni,
530 1707 576 1768 ita
610 1709 697 1769 enim
729 1708 888 1791 appellari
922 1707 1091 1767 Caesarem
1119 1706 1206 1766 facto
1240 1708 1308 1768 cius

89 1788 305 1871 expediebat,
327 1789 500 1866 petendum
522 1813 589 1851 esse
612 1796 801 1873 sanguinem
812 1793 837 1867 ,)
859 1800 1040 1851 convocato
1059 1790 1192 1861 Senatu,
1209 1812 1311 1871 quum

89 1872 157 1933 iam
179 1871 374 1947 Dolabella,
398 1895 495 1956 quem
517 1874 753 1935 substituturus
769 1874 831 1935 sibi
848 1874 965 1934 Caesar
980 1872 1204 1951 designaverat
1219 1876 1311 1935 Con-

90 1955 216 2031 sulem,
241 1958 342 2017 lasces
367 1966 464 2042 atque
488 1958 627 2041 insignia
647 1959 862 2043 corripuisset
888 1956 1091 2031 Consularia,
1112 1956 1202 2017 velut
1219 1958 1310 2039 pacis

95 2049 232 2113 auctor,
263 2039 387 2101 liberos
420 2063 495 2102 suos
529 2041 659 2103 obsides
697 2042 731 2102 in
769 2038 968 2123 Capitolium
1004 2040 1112 2113 misit,
1148 2039 1311 2123 [idemque

94 2122 306 2185 descendendi
330 2132 403 2183 tuto
426 2126 695 2188 interfectoribus
721 2124 866 2186 Caesaris
891 2122 991 2184 dedit.
1034 2124 1077 2185 Et
1095 2120 1176 2185 illud
1192 2122 1312 2185 decre-

90 2206 118 2266 'ti
144 2204 394 2267 Atheniensium
425 2208 631 2270 celeberrimi
664 2208 870 2291 exemplum,
907 2206 1046 2269 relatum
1078 2230 1094 2267 a
1128 2207 1309 2280 Cicerone,

91 2288 270 2351 oblivionis
283 2293 536 2372 praeteritarum
553 2314 675 2363 rerum,
688 2290 821 2353 decreto
837 2289 973 2350 Patrum
989 2290 1240 2371 comprobetum
1251 2300 1308 2351 est.

130 2374 215 2434 LIX.
250 2375 394 2435 Caesaris
417 2375 533 2435 deinde
555 2384 784 2441 testamentum
805 2380 956 2451 apertum
979 2382 1037 2442 est,
1061 2397 1126 2456 quo
1152 2375 1186 2432 C.
1206 2374 1312 2433 Octa-

89 2457 201 2530 vium,
225 2466 379 2539 nepotem
400 2454 527 2520 sororis
545 2478 622 2519 suae
642 2456 768 2532 Iuliae,
791 2458 981 2538 adoptabat.
1021 2460 1072 2517 De
1095 2457 1187 2518 cuius
1204 2458 1312 2539 origi-

88 2562 149 2614 ne,
173 2541 299 2601 etiamsi
319 2542 504 2623 praenitet,
534 2563 639 2625 pauca
663 2540 805 2617 dicenda
832 2547 917 2607 sunt.
962 2540 1040 2601 Fuit
1073 2542 1108 2601 C.
1134 2542 1310 2617 Octavius,

88 2632 127 2683 ut
149 2646 216 2684 non
236 2626 394 2705 patricia,
417 2626 463 2685 ita
485 2624 662 2686 admodum
683 2624 831 2708 s'pccios'a
852 2625 996 2707 equestri
1017 2626 1145 2708 genitus
1168 2623 1310 2697 isanrilia,

88 2708 219 2789 gravis,
241 2716 387 2781 sanctus,
409 2709 583 2783 innocens,
607 2706 722 2769 dives..
741 2706 807 2769 Hic
828 2706 970 2768 Praetor
987 2708 1072 2768 inter
1087 2706 1310 2769 nobilissimos

86 2790 189 2850 viros.
214 2798 360 2863 creatus,
397 2791 507 2870 primo
528 2791 637 2865 loco,
671 2812 772 2877 quum
805 2790 835 2849 ei
867 2790 1025 2872 dignatio
1050 2791 1133 2852 Iulia
1167 2792 1312 2870 genitam

86 2872 202 2931 Atiam
224 2872 429 2932 conciliasset
454 2892 611 2945 uxorem,
635 2893 675 2932 ex
697 2893 736 2934 eo
757 2870 889 2933 honore
911 2874 1047 2939 sortitus
1069 2870 1308 2949 Macedoniam,

88 2953 340 3036 appellatusque
362 2954 396 3014 in
419 2976 455 3015 ea
477 2956 686 3035 Imperator,
715 2951 874 3013 decedens
897 2956 937 3015 ad
958 2954 1153 3036 petitionem
1177 2960 1314 3018 Consu-

88 3039 175 3099 latus
204 3037 310 3109 obiit,
334 3043 539 3120 praetextato
572 3035 689 3097 relicto
722 3032 805 3100 filio.
848 3037 963 3115 Quem,
984 3040 1017 3097 C.
1044 3039 1184 3113 Caesar,¹
1205 3039 1314 3101 maior
1360 3038 1364 3049 '

90 3122 160 3184 eius
183 3121 380 3193 avunculus,
413 3120 586 3182 educatum
611 3118 699 3197 apud
719 3118 913 3200 Philippum
934 3120 1110 3193 vitricum,
1141 3115 1256 3189 dilexit
1277 3128 1315 3183 ut

86 3205 202 3278 ¹s'uum,
225 3213 402 3288 natumque
424 3226 526 3265 annos
547 3202 667 3278 XVII,
692 3201 918 3285 Hispaniensis
939 3202 1096 3276 militiae,
1124 3204 1314 3285 adsecutum

90 3310 144 3361 se,
176 3296 290 3371 postea
321 3288 475 3349 comitem
495 3287 633 3363 habuit,
664 3308 843 3370 numquam
864 3295 920 3363 aut
941 3286 1006 3347 alio
1031 3288 1311 3370 usum‚lrospiti0',

91 3394 190 3454 qnam
211 3394 282 3445 suo,
306 3382 361 3432 aut
383 3369 598 3433 alio'vectum
619 3369 796 3432 vehiculo:
817 3360 1309 3455 Pontificatusque'sacerdolio

86 3474 232 3535 puerum
252 3448 441 3516 honoravit.
485 3454 528 3516 Et
547 3455 685 3535 patratis
706 3451 802 3517 hellis
823 3454 998 3529 civilibus,
1033 3454 1074 3517 ad
1097 3440 1315 3537 erudiendum

90 3538 284 3601 liberalibus
316 3538 500 3618 disciplinis
531 3534 704 3622 singularis
737 3536 857 3599 indolis
892 3538 1062 3623 iuvenem,
1089 3528 1314 3622 ¹Apolloniam

94 3642 169 3681 eum
193 3623 226 3681 in
248 3622 354 3683 studia
378 3624 529 3693 miserat,
552 3642 630 3683 mox
650 3620 730 3683 belli
754 3620 865 3697 Getici,
885 3645 921 3683 ae
945 3610 1062 3682 deinde
1085 3615 1234 3684 Parthici
1249 3622 1315 3680 ha-

91 3702 222 3765 biturus
245 3704 514 3766 commilitonem.
560 3706 620 3767 Cui
645 3714 682 3765 ut
703 3714 752 3766 est
774 3704 959 3766 nuntiatum
975 3704 1015 3764 de
1036 3703 1133 3762 caede
1148 3702 1313 3779 avunculi,

92 3809 196 3869 quum
217 3789 370 3869 protinus
393 3809 431 3848 ex
452 3790 567 3851 vicinis
587 3787 774 3867 legionibus
797 3789 1012 3849 Centuriones
1040 3792 1131 3847 suam
1153 3788 1315 3847 suorum-

91 3892 159 3955 que
182 3873 323 3933 militum
349 3894 484 3951 operam
505 3872 534 3933 ei
564 3872 823 3951 pollicerentur,
855 3892 961 3955 neque
994 3893 1064 3931 eam
1097 3869 1314 3949 spernendam

92 3954 298 4019 Salvidienus
320 3964 352 4015 et
374 3955 521 4037 Agrippa
544 3955 711 4027 dicerent,
734 3952 791 4015 ille
812 3954 1161 4036 festinanspervrhire'
1184 3956 1214 4014 in
1237 3954 1317 4015 Ur-

93 4042 191 4111 bem,
217 4061 344 4100 omnem
369 4038 518 4101 ordinem
541 4040 759 4101 serationem
782 4043 814 4096 et
835 4036 922 4095 necis
945 4046 976 4098 et
997 4038 1179 4098 testamenti
1204 4041 1318 4097 Bran-

94 4121 174 4186 disii-
206 4124 381 4203 comperit.
426 4120 507 4196 Cui,
540 4121 726 4185 adventanti
762 4118 920 4196 Romam,
957 4121 1105 4180 immanis
1134 4120 1317 4181 amicorum

96 4200 246 4270 occurrit
266 4199 470 4289 frequentia3
498 4214 531 4265 et
543 4212 651 4288 'quum
670 4206 809 4266 intraret
827 4200 965 4277 Urbem,
986 4202 1073 4279 Solis
1097 4204 1187 4264 orbis
1200 4205 1315 4285 [super

94 4298 196 4372 caput
221 4292 305 4370 eius]
331 4301 482 4352 curvatus
504 4289 705 4372 aequaliter,
730 4286 991 4365 rotundatusqu'e
1020 4287 1053 4349 isi
1079 4284 1225 4349 colorem
1249 4312 1314 4350 ara

98 4396 184 4447 cus,
221 4373 310 4433 velut
352 4395 506 4437 coronam
537 4376 621 4438 tanti
660 4392 737 4435 mox
768 4370 835 4435 viri
871 4368 972 4453 capiti
1004 4369 1192 4454 imponens,
1226 4394 1317 4434 con-

95 4464 229 4544 spectus
251 4467 307 4515 est.
783 4464 786 4469 '
1002 4457 1007 4467 '
1030 4500 1033 4505 -
1208 4496 1212 4501 -

138 4542 206 4602 Lx.
242 4542 314 4601 Non
348 4541 499 4622 placebat
529 4540 623 4605 Atiae
653 4540 771 4612 matri,
802 4534 1028 4683 Philippoque
1058 4536 1196 4607 vitrico,
1229 4533 1320 4600 adiri

88 4630 216 4688 'nonren
249 4622 428 4688 invidiosae
458 4628 612 4689 fortunae
644 4623 806 4686 Caesaris:
849 4640 883 4685 se
913 4620 1126 4685 'asserebant
1160 4617 1324 4686 salutaria
