2850 4958
477 275 633 358 UBER
664 277 891 363 TERTIUS.
1232 285 1302 365 155

122 438 221 504 xlv,
251 407 392 505 Decimo
422 436 508 525 annp
521 452 546 519 ,‘
561 452 738 528 postquam
757 441 922 507 Hannibal
943 440 977 504 in
996 441 1125 506 ltaliam
1143 454 1300 521 venerat,

70 520 121 587 P.
151 524 324 608 Sulpicio,
347 527 406 587 Cn.
425 526 546 595 Fulvio
571 529 658 590 Coss.
683 524 846 589 Hannibal
869 545 970 608 usque
989 527 1031 587 ad
1049 535 1204 609 quartum
1223 529 1303 591 mil-

72 602 220 671 liarium
247 609 345 670 Urbis
364 609 521 684 secessit3
546 611 672 692 equites
694 611 762 671 eius
784 629 890 690 usque-
908 607 950 668 ad
970 618 1094 690 portas.
1117 611 1197 670 Mox
1212 612 1305 672 Con-

71 688 195 753 aulum
214 700 306 753 metu
318 736 328 765 ,
349 714 423 753 cum
447 695 593 773 exepcitu
613 694 824 764 venientium,
848 690 1010 752 Hannibal
1030 692 1071 753 ad
1096 692 1303 774 Campaniam
1419 725 1421 727 ·

72 792 117 835 ιο
141 775 281 855 recepit.
326 775 364 837 In
385 776 543 856 Hispania
564 798 582 836 a
603 778 706 837 fratre
728 777 796 837 eius
817 773 1021 843 Hasdrubale
1044 775 1140 836 ambo
1161 777 1302 858 Scipio-

70 875 143 919 nes
156 899 166 928 ,
189 856 245 938 qui
268 857 469 939 permultos
491 879 591 918 annos
612 860 755 920 victores
779 860 928 930 fuerant,
951 856 1212 921 interficiuntur:
1243 880 1304 920 sx-

72 938 210 1005 orcitus
232 947 340 1001 tamen
360 941 485 1023 integer
505 937 643 1015 mausit3
666 963 740 1003 casu
759 939 966 1023 enimmagis
987 949 1091 1014 erant,
1114 963 1210 1023 quam
1230 942 1302 1003 vir-

69 1026 176 1094 tute,
200 1021 341 1105 decepti.
384 1025 457 1103 Quo
489 1031 639 1105 tempore
660 1024 757 1084 etiam
783 1046 801 1083 a
825 1021 966 1084 Consule
990 1022 1146 1085 Marcello
1169 1025 1304 1086 Siciliae

70 1124 203 1187 magna
224 1125 300 1187 pars
323 1115 419 1188 capta
440 1113 508 1178 est,
531 1127 628 1188 quam
648 1115 760 1167 tenera
781 1105 854 1166 Afri
878 1114 1073 1187 coeperant,
1103 1115 1135 1167 et
1155 1106 1302 1169 nobilis-

70 1184 189 1249 simae
211 1187 303 1249 urbis
324 1188 544 1270 Syracusanae
568 1188 689 1271 praeda
716 1188 826 1274 ingens
840 1186 976 1248 Romam
990 1188 1114 1268 perlata
1131 1198 1189 1252 est.
1213 1191 1302 1251 Lue-

69 1268 182 1333 vinus
213 1270 247 1330 in
279 1271 470 1333 Macedonia
503 1278 577 1333 cum
606 1271 764 1353 Philippo
785 1276 821 1333 'et
840 1269 950 1331 multis
972 1271 1128 1332 Graeciae
1148 1271 1302 1354 populis,

70 1358 120 1415 et
134 1354 221 1435 'rege
242 1352 338 1414 Asiae
360 1352 470 1415 Attalo
498 1354 675 1415 amicitiam
697 1354 798 1417 iecit:
827 1362 860 1414 et
881 1352 921 1413 ad
942 1352 1088 1414 Siciliam
1109 1358 1302 1435 profectus,

69 1432 282 1496 ¹Hannonem
307 1436 486 1520 quendam,
510 1434 668 1498 Afrorum
688 1436 825 1511 ducem,
847 1433 933 1517 ap'ud
958 1437 1170 1519 Agrigentum
1192 1437 1304 1499 civita·

69 1522 180 1590 iem,
204 1539 278 1578 cum
301 1520 372 1599 ipso
396 1517 520 1600 oppido
543 1520 652 1602 cepit,
675 1541 813 1601 eumque
833 1519 970 1578 Romam
992 1540 1064 1578 cum
1088 1520 1224 1599 captivis
1245 1542 1306 1581 no·

72 1596 216 1663 bilibus
237 1601 346 1676 misit,
368 1602 425 1661 XL
447 1600 650 1663 civitates‘in
671 1602 872 1664 deditionem
894 1601 1043 1680 accepit,
1065 1600 1174 1662 XXVI
1199 1604 1306 1684 expui-

69 1683 214 1773 gnavit.
258 1683 307 1744 Ita
330 1685 420 1745 omni
441 1683 553 1744 Sicilia
576 1693 727 1768 recepta,
750 1682 940 1746 Macedonia
961 1685 1075 1756 fracta,
1092 1705 1165 1745 cum
1181 1684 1306 1767 ingenti

77 1764 201 1847 gloria
232 1767 370 1826 Romam
398 1786 562 1848 regressus
594 1776 652 1829 est.
696 1764 857 1829 Hannibal
887 1764 922 1825 in
948 1764 1042 1826 Italia
1075 1766 1132 1827 Cn.
1154 1765 1306 1828 Fulvium
1382 1814 1385 1821 „

70 1847 266 1913 consulem
281 1849 391 1909 subito
408 1851 588 1930 adgressus,
605 1871 679 1912 cum
694 1858 771 1912 octo
787 1846 1112 1917 millibushominum
1128 1850 1304 1911 interfecit.
1391 1865 1393 1871 ’

134 1930 225 1992 XV:
244 1932 373 1992 Interea
394 1932 435 1994 ad
456 1931 645 2013 Hispanias,
678 1931 756 2007 ubi,
789 1929 904 1992 occisis
924 1929 1052 1991 duobus
1073 1930 1304 2013 Scipionibus,

75 2012 202 2077 nullus
231 2014 394 2075 Romanus
425 2013 491 2076 dux
519 2023 606 2088 erat,
638 2015 678 2076 P.
703 2013 874 2076 Cornelius
895 2013 1008 2095 Scipio
1030 2013 1196 2088 mittitur,
1219 2013 1328 2075 filius

72 2092 133 2161 Ι).
157 2096 342 2172 Scipionis,
377 2098 434 2177 qui
456 2096 585 2159 ibidem
599 2098 722 2159 bellum
744 2103 906 2180 gesserat,
928 2116 1029 2177 anuos
1049 2106 1142 2158 natus
1164 2100 1308 2180 quatuor

76 2189 130 2243 st
152 2179 287 2262 viginti:
311 2179 362 2239 vir
382 2181 603 2242 Romanorum
626 2180 771 2242 omnium
795 2189 827 2242 et
847 2197 904 2237 sua
925 2187 1052 2254 aetate,
1075 2189 1107 2240 et
1127 2179 1308 2259 posteriori

80 2270 248 2345 tempore
269 2262 339 2322 fere
360 2263 496 2343 primus.
539 2263 571 2325 Is
595 2263 821 2343 Carthaginem
848 2260 1024 2342 Hispaniae
1049 2263 1157 2340 capit,
1189 2263 1221 2321 in
1244 2283 1309 2345 qua

81 2366 195 2411 omne
216 2365 354 2417 aurum,
385 2353 417 2406 et
443 2355 612 2429 argentum
625 2393 639 2420 ,.
663 2354 695 2407 et
714 2344 793 2407 belli
817 2352 1008 2422 apparatum
1030 2344 1104 2404 Afri
1125 2343 1325 2419 habebantr

81 2427 320 2493 mobilissimos
341 2449 474 2510 quoque
495 2428 646 2503 obsides,
668 2448 752 2510 quos
770 2426 810 2487 ab
833 2426 984 2507 Hispanis
1006 2433 1210 2508 acceperant.
1235 2425 1310 2486 Ma·

77 2531 216 2597 ‘onem
238 2509 336 2570 etiam
350 2512 517 2581 ,fratrem
538 2510 748 2584 Hannibalis,
780 2508 903 2570 ibidem
924 2508 1033 2590 capit,
1055 2528 1151 2591 quem
1172 2508 1311 2569 Romam

84 2614 174 2655 marna
194 2591 266 2653 aliis
286 2591 402 2654 mittit.
442 2594 565 2654 Romae
586 2593 697 2678 ingens
715 2592 839 2654 laetitia
859 2598 937 2672 post
956 2592 1044 2653 bunc
1063 2591 1219 2654 nuncium
1233 2591 1311 2653 fuit.

69 2675 210 2755 'scipio
244 2672 467 2752 Hispanorum
497 2673 626 2737 obsides
652 2674 842 2757 parentibus
863 2672 1020 2736 reddidit.
1064 2675 1175 2753 Quare
1197 2694 1309 2747 omnes

80 2759 171 2821 iere
192 2754 368 2836 Hispaniae
388 2755 429 2815 ad
451 2777 524 2816 eum
546 2777 611 2817 uno
632 2758 740 2819 auimo
761 2755 972 2819 transierunt.
1016 2757 1099 2819 Post
1119 2779 1201 2839 quae
1223 2758 1310 2818 Has-

88 2835 297 2977 drubalsmi
318 2835 509 2901 Hannibalis
529 2839 687 2917 stateem,
708 2839 832 2901 victum
850 2837 962 2922 fugat,
984 2847 1018 2901 et
1036 2840 1191 2923 praedam
1210 2839 1313 2904 maxi·

88 2940 187 2987 anam
209 2940 245 2980 ea
271 2942 308 2979 1.
990 2975 992 2978 .

142 3001 236 3064 XVI.
247 2941 398 3061 pInterea
427 2999 461 3061 in
493 2998 588 3061 ltalia
619 3002 692 3064 Cos.
725 3002 767 3079 Q.
792 2998 913 3061 Fabius
943 2998 1103 3079 Maximus
1123 2999 1314 3096 ‘Tarentum

98 3081 1185 3247 stilai1:¹tzitttttmttla÷t¹,“‘fll't¹¹t÷‘it¹bitttitt
1198 3082 1317 3227 &itit

98 3248 177 3323 dit,
198 3247 353 3331 praedam
375 3246 535 3326 militibus
557 3248 763 3332 dispertivit,
784 3245 957 3332 pecuniam
978 3245 1148 3309 hominum
1161 3247 1317 3309 vendito-

97 3353 179 3399 rum
201 3331 241 3390 ad
262 3331 372 3391 fiscum
394 3329 520 3393 retulit.
565 3333 651 3415 Tum
672 3331 793 3394 multae
814 3328 960 3391 civitates
981 3328 1215 3403 Romanorum,
1233 3349 1318 3414 quae

94 3414 148 3479 'ad
169 3413 382 3475 Hannibalem
402 3415 613 3483 transierant.
637 3436 750 3478 rursus
770 3434 804 3475 se
823 3410 927 3473 Fabio
949 3412 1093 3495 Maximo
1108 3411 1319 3477 dediderunt.

101 3496 295 3579 Insequenti
318 3517 400 3557 anno
423 3495 535 3577 Scipio
558 3497 591 3558 iu
613 3497 770 3578 Hispania
792 3492 937 3576 egregias
956 3517 1010 3557 res
1031 3494 1115 3579 egit,
1138 3505 1172 3557 et
1191 3517 1253 3577 per
1268 3517 1314 3570 se,

72 3634 78 3641 .
102 3589 144 3644 et
161 3600 221 3656 per
242 3579 377 3640 fratrem
400 3588 500 3639 suum
527 3579 565 3641 L.
587 3581 794 3663 Scipionem,
818 3578 907 3639 Lxx
928 3576 1076 3639 civitates
1097 3579 1234 3656 recepit.
1277 3579 1317 3640 In

103 3660 203 3725 Italia
224 3669 330 3721 tamen
353 3660 435 3722 male
455 3670 634 3744 pugnatum
655 3671 714 3725 est.
757 3663 841 3725 Nam
862 3658 1015 3724 Claudius
1041 3657 1217 3721 Marcellus
1240 3658 1315 3719 Cos.

105 3743 152 3809 ab
174 3742 355 3805 Hannibale
377 3743 502 3803 occisus
524 3753 584 3806 est.
798 3797 803 3807 .

151 3825 261 3888 XVII.
296 3823 410 3886 Tertio
433 3846 539 3899 anno,
560 3834 734 3909 postquam
754 3820 867 3903 Scipio
889 3820 929 3883 ad
943 3821 1133 3903 Hispaniam
1149 3819 1319 3903 profectus

107 3916 171 3983 est,
193 3929 305 3969 rursus
325 3926 378 3969 res
400 3907 536 3968 inclutas
559 3909 664 3990 gerit:
686 3926 797 3988 regem
818 3903 1060 3984 Hispaniarum,
1083 3924 1199 3986 magno
1214 3923 1320 3985 proe-

106 3991 158 4056 lio
192 3991 335 4062 victum,
369 3990 402 4050 in
433 3989 610 4051 amicitiam
640 3989 787 4072 accepit,
819 3992 853 4046 et
878 3985 1004 4066 primus
1025 3986 1169 4046 omnium
1192 4006 1210 4045 a
1230 3985 1319 4048 victo

109 4073 244 4137 obsides
266 4095 333 4134 non
354 4072 519 4153 poposcit¹

155 4157 282 4216 xvnl.
315 4157 499 4235 Desperuns
520 4151 704 4226 Hannibal,
727 4148 900 4234 Hispanias
918 4154 1034 4208 eontra
1055 4146 1242 4226 Scipionem
1258 4146 1324 4210 du·

111 4258 188 4301 cem
208 4237 329 4299 diutius
350 4257 446 4319 posse
467 4236 621 4310 retineri,
651 4238 787 4296 fratrem
813 4254 906 4294 suum
934 4226 1169 4290 Hasdrubalem
1192 4231 1225 4290 in
1246 4231 1323 4290 Ita-

111 4319 197 4385 liam
226 4342 297 4381 cum
327 4320 479 4380 omnibus
511 4320 615 4399 copiis
643 4318 801 4378 evocavit.
845 4316 876 4375 Is
898 4311 1027 4382 ueniens
1049 4311 1162 4374 eodem
1185 4310 1322 4386 itinere,

115 4403 304 4485 quostiam
326 4400 489 4463 Hannibal
510 4407 661 4473 venerat,
694 4419 712 4457 a
735 4396 925 4460 Consulibus
954 4391 1064 4474 Appio
1093 4391 1229 4456 Claudio
1250 4395 1326 4455 Ne-

113 4506 202 4551 rone
222 4485 313 4546 etM.
328 4485 424 4544 Livio
444 4484 628 4546 Salinatore
648 4480 734 4562 apud
756 4479 957 4560 [Metaurum
978 4476 1112 4539 fluvium
1134 4477 1182 4555 et]
1196 4471 1324 4547 Senam,

114 4565 233 4633 Piceni
259 4565 441 4639 civitatem,
466 4566 501 4630 ia
521 4566 654 4630 iusidias
679 4562 877 4649 compositas
899 4560 1037 4625 incidit:
1068 4566 1205 4623 strenua
1220 4565 1343 4618 tamen
