2850 4958
158 294 203 373 r'o
679 282 875 365 VELLEII

154 455 243 520 nelio
277 455 365 517 Coss.
396 450 525 513 Sabinis
553 452 622 513 sine
648 450 803 537 suffragio
832 453 906 515 data
932 452 1059 514 civitas.
1103 450 1143 512 Id
1173 459 1281 513 aetum
1306 456 1380 513 ants

90 592 92 599 .
156 561 259 602 annos
283 541 385 600 ferme
408 535 557 598 CCCXX.
599 534 645 596 Aa
665 538 797 600 Cassam
820 545 853 598 et
873 538 1025 598 Paestum
1048 533 1168 595 abhinc
1190 554 1293 594 annos
1308 536 1381 595 fer-

154 634 207 684 me
239 622 336 695 CCC,
370 619 474 679 Fabio
510 620 663 680 Dorsone
699 627 732 681 et
763 618 899 683 Claudio
927 619 1047 679 Canina
1078 619 1167 679 Coss.
1199 617 1379 678 interiecto

155 703 401 793 quinquennio,
424 702 622 784 Sempronio
643 701 759 785 Sopho
783 713 816 766 et
835 701 946 787 Appio
972 701 1066 763 Caeci
1088 699 1157 761 illio
1181 701 1270 761 Coss.
1295 699 1380 761 Ari-

153 789 301 863 minum,
345 789 585 859 Beneventum,
619 785 730 849 coloni
766 787 880 860 missi,
919 795 952 845 et
987 784 1131 867 suffragii
1164 782 1292 845 ferendi
1329 782 1378 843 ius

153 871 282 933 Sabinis
304 867 426 930 datum.
471 868 515 928 At
545 867 641 931 initio
670 868 771 952 primi
799 868 879 931 belli
910 868 1027 929 Punici
1065 868 1212 930 Firmum
1244 875 1277 927 et
1308 865 1377 943 Caf

154 964 260 1017 strum
281 952 409 1015 colonis
432 959 612 1032 occupata3
639 960 671 1014 et
691 962 768 1033 post
781 974 901 1013 annum
918 951 1096 1026 Aesernia3
1118 957 1260 1031 postque
1280 948 1378 1011 XXII

155 1059 257 1100 annos
279 1033 434 1098 Aesulum
457 1043 489 1095 et
510 1032 656 1116 Alsium3
688 1036 920 1120 Fregenaeque
940 1043 1014 1119 post
1035 1034 1221 1106 biennium,
1250 1031 1377 1115 proxi-

154 1142 276 1204 moque
305 1139 412 1192 anno,
455 1117 626 1199 Torquato
657 1119 921 1203 sempronioque
951 1118 1040 1178 Coss.
1078 1113 1312 1189 Brundisium
1346 1122 1378 1177 et

154 1213 232 1289 post
251 1203 409 1265 trienium
429 1200 634 1283 Spoletium,
665 1224 731 1301 quo
754 1223 839 1262 anno
863 1199 1046 1264 Floralium
1072 1198 1229 1261 ludorum
1250 1199 1377 1259 factum

156 1296 204 1349 est
226 1282 368 1349 initium.
411 1283 557 1367 Postque
576 1284 745 1346 biennium
767 1285 863 1346 ducta
891 1283 1066 1358 Valentia,
1093 1290 1126 1344 et
1156 1280 1216 1343 sub
1246 1278 1376 1342 adven-

154 1374 225 1432 tu'm
247 1370 282 1441 in
303 1367 433 1429 Italiam
454 1365 668 1442 Hannibalis,
692 1370 852 1430 Cremona
875 1376 973 1450 atque
993 1366 1172 1428 Placentia.

196 1452 272 1514 XV.
306 1448 455 1524 Deinde,
482 1448 687 1532 nequedum
716 1449 880 1512 Hannibal
904 1451 939 1511 in
960 1450 1055 1512 Italia
1077 1456 1248 1519 moratur,
1271 1466 1378 1546 neque

50 1603 55 1611 ,
155 1533 317 1620 proximis
346 1541 423 1615 post
449 1553 613 1595 excessum
646 1534 714 1595 cius
745 1534 854 1606 annis,
889 1535 1016 1594 vaeavit
1043 1532 1198 1593 Romanis
1226 1527 1376 1593 colonias

157 1618 320 1691 condere3
343 1637 443 1699 quum
466 1623 548 1679 esset
569 1608 712 1678 inbelle
736 1615 980 1700 conquirendas
1003 1616 1115 1700 potius
1136 1613 1249 1686 miles,
1278 1634 1377 1695 quam

156 1688 390 1775 dimittendus,
433 1707 467 1759 et
502 1706 580 1783 post
608 1698 731 1761 bellum
757 1701 843 1762 vires
886 1698 1081 1762 referendae
1116 1696 1240 1781 magis,
1279 1715 1378 1777 quam

157 1783 367 1869 sargendae.
413 1781 470 1842 Cn.
504 1791 613 1844 autem
653 1782 778 1844 Manlio
812 1780 960 1843 Volsone
992 1790 1025 1842 et
1051 1779 1169 1841 Fulvio
1200 1776 1378 1841 Nobiliore

186 1886 249 1928 oss.
281 1863 429 1928 Bononia
461 1862 599 1925 deducta
631 1864 782 1938 colonia,
815 1862 935 1925 abhinc
969 1884 1070 1924 annos
1103 1864 1207 1924 ferme
1235 1860 1378 1939 ecv11;

158 1942 209 2022 et,
240 1956 318 2031 post
349 1944 624 2028 quadriennium,
656 1946 831 2007 Pisaurum
860 1968 898 2007 ae
925 1945 1102 2018 Potentia,
1136 1945 1379 2029 interiectuque

156 2030 301 2092 triennio
338 2026 489 2112 Aquileja
525 2038 558 2090 et
592 2029 768 2103 Gravisca,
811 2028 843 2090 et
877 2037 954 2111 post
989 2028 1240 2112 quadriennium
1274 2026 1375 2091 Ln'ca.

157 2108 282 2177 Eodem
300 2120 488 2192 temporum
509 2119 636 2186 tractu,
667 2134 861 2196 quamquam
882 2111 969 2193 apud
992 2110 1151 2195 quosdam
1179 2111 1378 2192 ambigitur,

156 2195 315 2259 Puteolos
352 2193 588 2278 Salernumque
629 2202 661 2256 et
691 2199 873 2259 Buxentum
911 2196 1000 2256 missi
1029 2194 1150 2257 coloni.
1200 2195 1378 2257 Auximum

157 2288 267 2355 autem
287 2280 322 2359 in
341 2277 522 2355 Picenum,
555 2276 674 2339 adhinc
706 2299 806 2340 annos
831 2278 1062 2353 CLXXXVII,
1087 2285 1160 2337 ante
1183 2277 1375 2353 triennium,

160 2385 258 2446 quam
279 2363 407 2424 Cassius
430 2362 572 2434 Censor,
595 2383 613 2420 a
634 2360 805 2443 Lupercali
829 2361 862 2422 in
884 2360 1045 2437 Palatium
1068 2368 1190 2435 versus,
1210 2359 1377 2423 theatrum

156 2448 266 2511 facere
288 2443 447 2518 instituit,
480 2444 532 2504 eui
557 2442 632 2523 inde
661 2443 828 2505 moliendo
854 2445 970 2506 eximia
993 2445 1135 2506 civitatis
1156 2444 1312 2506 severitas
1345 2450 1377 2505 et
1417 2458 1419 2509 =

158 2526 279 2592 Consul
299 2520 422 2609 ¹Scipio
445 2527 615 2599 restitere3
639 2527 727 2610 quod
749 2549 809 2610 ego
832 2527 918 2589 inter
939 2525 1290 2608 clarissima-publicae
1305 2549 1374 2588 vo·
1417 2580 1419 2611 ,

156 2608 292 2674 luntatis
314 2617 502 2693 argumenta
523 2609 774 2671 numeraverim.
813 2611 920 2671 Cassio
944 2620 1052 2671 autem
1070 2611 1218 2692 Longino
1242 2604 1275 2670 et
1293 2610 1378 2672 Sex-

157 2695 207 2755 tio
231 2691 391 2771 Calvino,
424 2690 501 2773 qui.
524 2689 649 2753 Sallues
671 2691 757 2775 apud
779 2691 887 2775 Aquas
901 2740 910 2767 ,
926 2716 1008 2777 quae
1030 2694 1069 2753 ab
1094 2715 1132 2755 eo
1154 2693 1284 2754 Sextiae
1306 2715 1374 2773 ap-

156 2770 339 2862 pellantur,
361 2774 505 2849 devicit,
535 2776 752 2849 Consulibus,
785 2776 977 2838 Fabrateria
1003 2776 1141 2839 deducta
1164 2785 1232 2849 est,
1255 2775 1377 2843 abhinc

158 2879 259 2920 annos
289 2854 394 2920 ferme
426 2853 550 2932 cL1113
582 2848 618 2920 ⁸ct
646 2869 724 2943 post
750 2882 890 2934 annum,
925 2860 1128 2943 Scylaeium,
1156 2860 1376 2933 Minervium,

157 2941 359 3021 Tarentum,
388 2942 573 3025 Neptunia,
608 2943 837 3027 Carthagoque
859 2944 893 3004 in
913 2943 1048 3017 AfrIea,
1070 2944 1198 3026 prima,
1220 2951 1257 3002 ut
1277 2963 1379 3028 prae-

158 3022 322 3101 diximus,
346 3035 438 3088 extra
458 3025 587 3088 Italiam
615 3025 746 3089 colonia
777 3026 909 3088 condita
943 3035 1000 3088 est·
1043 3026 1094 3085 De
1124 3027 1271 3085 Dertona
1305 3046 1379 3086 am-

156 3103 296 3194 bigitur.
347 3108 461 3171 Narbo
499 3117 607 3170 autem
637 3111 776 3172 Martius
808 3111 842 3169 in
871 3107 994 3182 Gallia,
1026 3106 1151 3168 Porcio
1182 3108 1378 3191 Marcioque

156 3188 271 3266 Coss,
304 3190 424 3254 abhinc
445 3215 546 3255 annos
567 3192 702 3254 circiter
733 3192 852 3264 CLIII,
887 3189 1023 3250 deducta
1046 3187 1178 3259 colonia
1205 3199 1263 3250 est.
1295 3193 1378 3254 Post

157 3278 226 3347 tres
259 3282 291 3333 et
322 3274 440 3358 viginti
465 3295 566 3335 annos
598 3273 633 3332 in
663 3268 834 3355 Bagiennis
873 3268 1057 3355 Eporedia,
1090 3272 1196 3333 Mario
1229 3264 1376 3350 sexiens,

158 3352 363 3450 Valerioque
385 3355 503 3417 Flacco
537 3354 626 3413 Coss.
670 3354 784 3435 Neque
814 3353 910 3414 facile
939 3353 1118 3416 memoriae
1140 3357 1375 3434 mandaverim,

160 3436 263 3521 quae,
285 3436 348 3495 nisi
370 3433 545 3508 militaris,
566 3434 726 3515 posthoc
747 3443 875 3515 tempus
897 3434 1035 3497 deducta
1056 3437 1109 3498 sit.
1260 3496 1263 3505 ,

201 3518 294 3580 XVI.
316 3519 426 3596 Quum
446 3514 528 3578 haec
551 3515 712 3597 particula
734 3521 842 3601 operis
866 3518 955 3580 velut
975 3522 1115 3582 formam
1129 3523 1295 3606 propositi
1311 3544 1377 3586 ex-

159 3599 312 3677 cesserit,
336 3622 532 3685 quamquam
553 3599 726 3685 intelligo,
758 3603 840 3664 mihi
863 3601 897 3665 in
919 3604 980 3665 hae
1001 3612 1067 3666 tam
1081 3606 1255 3688 praecipiti
1278 3607 1378 3670 festi-

154 3685 310 3758 natione,
334 3705 417 3767 quae
438 3704 490 3744 me
511 3689 604 3744 rotae
624 3685 764 3767 pronive
786 3685 924 3771 gurgitis
945 3709 983 3748 ae
1010 3690 1147 3752 vorticis
1171 3687 1270 3750 modo
1294 3713 1381 3753 nus-

159 3790 258 3853 quam
288 3768 415 3852 patitur
435 3767 633 3842 consistere,
655 3790 758 3851 paene
781 3772 882 3853 magis
905 3770 1084 3833 necessaria
1113 3773 1373 3856 praetereunda,

158 3873 257 3933 quam
288 3869 488 3932 supervacua
518 3849 757 3931 amplectenda:
780 3875 908 3937 nequeo
931 3862 1037 3917 tamen
1061 3864 1245 3937 temperare
1266 3854 1371 3930 mihi,

160 3935 241 4017 'quin
270 3953 363 4008 rem,
397 3952 492 4014 saepe
527 3936 678 4014 agitatam
716 3935 824 3997 animo
864 3960 966 4012 meo,
1003 3960 1109 4021 neque
1139 3937 1178 3999 ad
1207 3933 1374 4018 liquidum

158 4015 288 4078 ratione
308 4014 521 4099 perductam,
544 4019 667 4101 signem
688 4017 776 4083 stilo.
802 4020 899 4099 ⁴Quis
922 4022 1008 4084 enim
1029 4019 1157 4083 abunde
1177 4018 1289 4080 mirari
1313 4042 1375 4102 po·

158 4096 242 4174 test,
266 4097 355 4181 quod
376 4098 628 4164 eminentissima
651 4101 807 4183 cuiusque
827 4104 1042 4187 professionis
1064 4104 1214 4187 ingenia,
1237 4102 1271 4164 in
1294 4122 1375 4165 ean-

158 4179 233 4269 dem
254 4183 416 4271 formam,
450 4189 483 4243 et
504 4185 538 4244 in
564 4183 650 4245 idem
672 4186 769 4247 artati
791 4182 949 4271 temporis
973 4186 1185 4272 congruerint
1211 4186 1372 4270 spatium3

159 4274 193 4325 et
214 4263 486 4349 quemadmodum
517 4267 623 4328 clausa
653 4288 774 4349 capso,
810 4269 915 4331 aliove
947 4279 1062 4351 septo,
1093 4269 1213 4331 diversi
1245 4272 1372 4359 generis

156 4346 330 4433 animalia,
357 4344 462 4410 nihilo
479 4346 598 4411 'minus
619 4360 767 4431 separata
787 4351 920 4425 alienis,
943 4352 977 4412 in
998 4374 1098 4413 unum
1121 4372 1270 4436 quaeque
1294 4376 1374 4416 cor-

157 4451 219 4512 pus
241 4440 500 4513 congregantur,
520 4432 578 4493 fita
600 4433 756 4517 cuiusque
779 4433 859 4495 clari
883 4434 994 4515 operis
1021 4436 1151 4518 capacia
1183 4436 1312 4520 ingenia
1338 4438 1399 4501 in.

154 4509 403 4599 similitudinem
434 4520 466 4574 et
496 4520 683 4600 temporum
714 4525 747 4578 et
776 4517 989 4597 profectuum
1017 4527 1118 4581 semet
1144 4518 1214 4601 ipsa
1236 4518 1276 4579 ab
1298 4517 1372 4582 aliis

157 4598 409 4679 separateruntt
451 4594 544 4672 Una,
572 4614 678 4680 nequa
709 4598 895 4664 multorum·
924 4623 1084 4666 annorum
1114 4603 1221 4687 spatio
1246 4598 1370 4677 divisa,
