2850 4958
145 267 195 363 44
677 242 873 325 vestus
987 280 990 287 ·

145 410 354 487 nantissime,
391 431 491 494 quam
526 417 643 493 posteo
685 412 860 497 coniugem
894 405 1033 493 Augusti
1069 404 1232 485 vidimus,
1271 428 1370 492 quam

146 494 339 578 transgressi
361 494 402 555 arl
423 497 511 556 Deos
531 493 735 566 sacerdotem
762 518 800 557 ae
820 494 943 567 filiam,
967 500 1038 561 tum
1058 491 1186 571 fugiens
1208 510 1290 553 mox
1311 494 1370 553 fu-

147 580 216 638 turi
241 579 304 651 sui,
327 577 471 647 Caesaris
491 599 592 650 arana,
619 579 725 640 asinus
739 578 863 643 bimum
886 576 973 642 huuc
994 575 1167 636 Tiberium
1183 576 1371 649 Caesarem,

146 660 311 722 vindicem
334 661 471 723 Romani
493 661 645 741 imperii,
671 663 885 743 futurumque
908 658 1052 721 eiusdem
1076 659 1220 719 Caesaris
1240 656 1372 733 filium,

148 753 275 827 gestans
299 744 395 818 sinis,
422 764 483 826 per
513 744 584 804 avia
609 744 787 818 itinerum,
821 743 930 807 sitatis
960 741 1102 809 rnilitum
1131 740 1272 825 gladiis,
1303 762 1373 804 une

141 827 347 900 comitante,
371 850 437 910 quo
464 826 592 891 facilius
612 828 834 898 occultaretur
855 830 948 910 fuga,
972 825 1124 905 pervenit
1149 824 1191 886 ad
1210 844 1321 901 mare,
1341 832 1373 887 et

148 930 223 979 eum
245 912 318 980 viro
343 912 475 976 Nerone
501 921 654 991 pervecta
679 913 711 973 in
737 910 883 973 Siciliam
910 918 968 971 est.
1363 938 1367 945 ·

191 994 342 1065 LXXVI,
373 993 472 1073 Quod
503 993 610 1059 aliene
640 996 863 1067 tessimonium
895 992 1089 1066 redderem,
1122 1011 1161 1053 so
1184 1012 1253 1055 uon
1275 991 1370 1053 emm

151 1076 237 1139 dabo
271 1098 365 1147 avum
395 1098 515 1141 nscurn.
559 1078 691 1160 Quippe
722 1081 757 1140 C.
791 1077 959 1149 Velleius,
991 1074 1250 1137 honoratissimo
1285 1074 1373 1137 intes

150 1159 226 1231 lllos
250 1162 385 1223 CCCLX
406 1159 530 1222 iudices
550 1159 627 1229 loco
650 1165 678 1219 a*
692 1164 749 1233 Cn.
773 1160 935 1242 Pompeio
957 1160 1080 1232 lectus,
1104 1155 1263 1231 eiusdem,
1286 1158 1374 1221 Mur·

151 1242 248 1325 cique
269 1245 362 1307 Bruti
385 1265 422 1305 ac
445 1244 522 1306 Tib.
545 1244 687 1314 Neronis
708 1245 897 1307 Praefectus
916 1243 1058 1315 fabrum,
1082 1241 1133 1301 vir
1154 1239 1234 1301 mitt
1251 1262 1374 1304 secun-s

152 1325 233 1399 dus,
257 1326 291 1398 ip
314 1327 510 1409 Campania,
532 1326 680 1409 digressu
705 1328 847 1389 Neronis
867 1349 884 1387 a
906 1324 1069 1408 Neapoli,
1091 1325 1183 1385 cuius
1196 1369 1204 1397 ,
1232 1324 1279 1385 ob
1300 1324 1374 1387 sius

150 1409 297 1497 galonem
321 1433 395 1475 cum
417 1430 456 1472 eo
482 1410 683 1485 amicitiam,
704 1411 850 1493 partium
871 1408 1005 1472 adiutor
1026 1410 1154 1482 fuerat,
1176 1407 1287 1487 gravis
1308 1408 1373 1471 iam

152 1502 257 1562 aetate
283 1501 315 1553 et
336 1515 496 1575 corpore,
520 1515 620 1575 quum
643 1515 752 1565 comes
774 1515 841 1556 esse
863 1514 931 1562 nou
951 1499 1081 1575 posset,
1108 1491 1217 1573 gladio
1241 1511 1277 1553 so
1300 1490 1372 1575 ipss

151 1576 325 1649 transfixit,
368 1576 564 1637 inviolatam
591 1576 747 1649 excedere
777 1575 874 1638 Italia
906 1577 1024 1637 Caesar·
1055 1595 1167 1654 passus
1197 1572 1371 1651 Fulviam,

152 1658 375 1742 Pisaeumque
395 1658 564 1733 muliebris
587 1662 682 1743 fugae
703 1662 868 1733 comitem.
905 1660 988 1720 Nam
1009 1657 1120 1719 Pellio
1144 1657 1277 1719 Asinius
1298 1678 1372 1721 cum

153 1753 279 1825 septem
307 1741 514 1826 legionibus,
544 1743 601 1804 diu
632 1752 759 1805 retenta
788 1744 823 1805 in
852 1750 1015 1825 potestate
1046 1741 1183 1802 Antonii
1208 1741 1371 1817 Venetis,

153 1826 278 1911 magnis
300 1827 521 1909 speciosisque
542 1827 641 1895 rebus
663 1827 751 1888 cirea
774 1826 946 1899 Altinum,
968 1824 1113 1907 aliasque
1136 1825 1204 1885 eius
1226 1823 1373 1908 regionis

153 1910 276 1983 urbes,
300 1909 418 1982 editis,
443 1910 621 1972 Antonium
642 1919 776 1991 petens,
798 1930 915 1991 vagum
935 1907 1042 1972 adhue
1062 1908 1259 1983 Densitium,
1275 1929 1373 1992 quem

157 1991 336 2074 digressum
361 2014 377 2052 e
399 1992 564 2061 Brutianis
584 1993 701 2054 castris
720 2000 797 2074 post
826 1991 956 2055 caedem
978 1991 1046 2052 eins
1067 1992 1311 2071 praediximus,
1341 1998 1374 2053 et

153 2075 313 2159 propriae
342 2072 450 2147 elassis
476 2078 598 2145 facturn
625 2075 760 2149 ducens,
794 2075 937 2137 consiliis
965 2076 1031 2136 suis
1052 2074 1216 2148 illectum,
1243 2096 1284 2135 ae
1310 2072 1374 2137 fids

157 2157 230 2227 data
248 2158 390 2231 ,iunxit
411 2158 569 2223 Antonio.
615 2160 689 2236 Quo
712 2160 820 2231 facto,
843 2159 990 2242 quisquis
1008 2164 1151 2242 aequum
1174 2178 1207 2219 se
1228 2156 1375 2238 praesti,

156 2242 253 2312 terit,
267 2236 368 2305 sciat,
393 2263 458 2302 non
480 2241 587 2309 minus
608 2241 794 2313 aPollione
811 2243 845 2312 in
860 2242 1059 2316 Antonium,
1082 2263 1180 2324 quam
1201 2241 1240 2301 ab
1265 2239 1375 2303 Anteb

156 2324 269 2402 uio-in
297 2323 506 2398 Pollionem,
538 2346 605 2385 esse
634 2323 803 2387 collatum.
848 2325 1013 2387 Adventus
1043 2323 1161 2386 deinde
1188 2324 1222 2385 in
1243 2322 1375 2395 Italiam

157 2407 312 2481 Antonii,
344 2416 622 2491 praeparatosque
646 2417 760 2475 contra
784 2429 858 2470 cum
880 2410 1036 2482 Caesaris,
1058 2408 1176 2468 habuit
1194 2405 1277 2470 belli
1299 2429 1374 2469 me-

157 2498 246 2564 tu1n3
279 2489 336 2551 sed
362 2512 425 2568 pax
454 2492 541 2552 circa
569 2491 776 2561 Brundisium
798 2493 992 2574 composita.
1034 2491 1101 2553 Per-
1123 2512 1205 2572 quae
1226 2498 1376 2575 tempora

157 2573 232 2635 Rufi
253 2572 431 2646 Salvidieoi
452 2573 586 2635 scelesta
609 2573 744 2635 consilia
765 2577 928 2656 patefacta
954 2583 1040 2636 sunt.
1085 2576 1150 2651 Qui
1179 2582 1274 2635 natus
1306 2574 1374 2637 aba

147 2655 352 2728 >scurissimis
374 2657 488 2730 initiis,
510 2679 626 2739 parum
647 2656 789 2717 babebat
809 2680 932 2731 summa
956 2659 1128 2738 accepisse,
1153 2665 1186 2718 et
1203 2656 1374 2738 proximus

72 2779 75 2812 r
159 2762 176 2801 a
209 2740 266 2799 Cn.
298 2738 459 2823 Pompeio
491 2741 629 2823 ipsoque
665 2742 821 2816 Caesare,
858 2764 897 2803 ex
929 2741 1073 2825 equestri
1106 2740 1223 2802 ordine
1255 2740 1375 2802 Consul

91 2834 94 2839 '
160 2830 399 2898 creatusesse,
422 2823 485 2891 nisi
507 2825 541 2884 in
563 2825 597 2886 id
619 2823 835 2901 ascendisset,
858 2846 876 2887 e
897 2846 964 2909 quo
987 2826 1073 2889 infra
1096 2844 1129 2886 se
1152 2832 1184 2886 et
1207 2824 1377 2889 Caesarem

158 2898 287 2971 iideret
310 2914 341 2966 et
361 2905 620 2987 Rempublicam.

200 2989 368 3061 LXXVII.
401 2988 487 3057 Tum
519 2990 745 3074 expostulante
776 3010 934 3056 consensu
966 2988 1103 3072 populi,
1136 3011 1233 3072 quens
1270 2988 1378 3074 gravis
1415 3054 1417 3061 ,

159 3071 298 3146 urebat,
322 3072 441 3145 infesto
463 3075 569 3148 mari,
592 3094 740 3150 annona,
764 3095 838 3144 cum
859 3074 1019 3155 Pompeio
1043 3094 1174 3155 quoque
1195 3073 1285 3153 circa
1306 3072 1379 3133 Mis
1415 3066 1417 3079 '

161 3176 273 3229 senum
294 3177 358 3238 pax
380 3158 481 3227 initas
497 3160 564 3241 ‚qui
587 3158 675 3219 haud
697 3156 858 3230 absurde,
882 3153 982 3239 quum
1007 3155 1040 3215 in
1055 3157 1129 3218 navi
1145 3157 1380 3239 Caesaremque

93 3262 97 3277 ²
162 3247 195 3308 et
216 3238 397 3311 Antonium
421 3262 522 3307 coena
554 3243 738 3324 exciperet,
765 3239 870 3312 dixit,
901 3243 935 3300 in
960 3241 1085 3300 Carriu's
1104 3243 1171 3302 suso
1190 3262 1224 3299 re
1245 3260 1380 3303 coenam

161 3319 261 3394 dare,
284 3323 428 3391 referens
450 3322 515 3391 hoc
537 3323 660 3383 dictum
684 3322 726 3387 ad
746 3320 813 3382 loci
834 3343 975 3394 namen,
999 3321 1032 3387 ia
1056 3343 1122 3403 quo
1144 3331 1282 3404 paterna
1308 3323 1379 3389 ‹lo-s

162 3425 233 3475 mus
265 3402 306 3464 ab
339 3402 484 3473 Antonio
517 3404 758 3486 possidebatur.
802 3404 841 3473 In
871 3403 936 3464 boc
966 3403 1058 3486 pacis
1088 3406 1222 3473 foedere
1252 3406 1381 3488 placuit

161 3484 308 3551 Siciliam
330 3481 552 3567 Achaiamque
572 3486 746 3567 Pompeio..
756 3484 948 3548 concedere.
977 3488 1021 3548 -ln
1043 3509 1108 3569 quo
1131 3497 1240 3549 tamen
1253 3490 1381 3552 animus

161 3566 290 3651 inquies
311 3588 528 3640 manerenon
547 3568 679 3650 potuits
703 3567 737 3635 id
759 3591 858 3629 unum
880 3570 1107 3637 tantummodo
1133 3571 1274 3633 salutare
1300 3572 1381 3650 [ad-.

78 3656 87 3663 '
160 3658 259 3721 'ventu
286 3652 362 3731 sua]
388 3649 517 3734 patriae
542 3650 673 3725 attulit,
705 3651 795 3734 quod
828 3653 978 3715 omnibus
999 3655 1197 3737 proscriptis
1219 3654 1382 3739 aliisque,

162 3734 220 3816 qui
248 3732 289 3796 ad
321 3738 396 3806 eum
428 3755 466 3795 ex
491 3734 626 3800 diversis
652 3737 771 3797 caussis
801 3735 970 3819 fugerant,
1002 3737 1146 3805 reditum
1176 3737 1382 3821 salutemque

160 3825 275 3898 pactus
311 3825 368 3879 est.
414 3817 511 3899 Quae.
537 3840 588 3882 res
620 3827 652 3879 et
682 3817 764 3881 alies
792 3818 989 3890 clarissimos
1020 3822 1130 3894 viros,
1160 3831 1192 3881 et
1212 3822 1383 3885 Neronem

163 3899 332 3969 Claudium
351 3945 359 3968 s
389 3908 422 3967 el
442 3901 487 3969 ld.
510 3900 675 3976 Silanum,
698 3902 911 3986 Sentiumque
932 3904 1161 3977 Saturninum,
1182 3914 1214 3966 et
1235 3904 1383 3966 Aranti-

161 4006 235 4056 um,
260 4004 296 4043 so
320 3983 463 4059 Titium,
485 3988 631 4051 restituit
650 3986 874 4070 Reipublicae.
919 3989 1059 4053 Statium
1083 3996 1192 4052 autem
1215 3991 1382 4064 Murcum,

162 4065 219 4149 qui
240 4064 379 4135 adventu
403 4087 463 4133 suo
487 4067 663 4155 classisque
685 4071 918 4137 celeberrimae
937 4071 1024 4133 sires
1045 4071 1113 4131 eius
1136 4069 1380 4154 duplicaverat,

162 4147 386 4221 insimulatum.
408 4150 497 4225 falsis
520 4154 827 4227 criminationibus,
856 4154 932 4235 quia
958 4153 1055 4215 talem
1080 4154 1187 4215 virum
1219 4154 1384 4239 collegam

161 4231 266 4381 pilioli}
293 4234 407 4376 llioetoo
439 4244 472 4305 et
504 4238 707 4309 Menecrates
736 4234 960 4317 fastidierant,
991 4237 1169 4320 Pompeius
1199 4237 1234 4309 in
1264 4238 1384 4306 sieilia

174 4325 229 4385 nte
259 4336 384 4386 scere.
435 4332 438 4337 ·
1096 4380 1099 4385 ,

200 4398 610 4477 LXXVllI,l10etruotu
633 4409 820 4490 temporum
842 4398 1024 4475 Octaviam,
1048 4424 1198 4466 sorerem
1221 4404 1383 4484 Caesaris,

158 4482 203 4552 M,
228 4481 390 4553 Antonius
423 4482 517 4554 duxit
543 4505 692 4550 uxorem.
744 4480 898 4551 Redierat
928 4483 1106 4567 Pompeius
1143 4487 1177 4547 in
1211 4487 1383 4566 Siciliam,

159 4563 322 4637 tutandus
355 4567 387 4637 iu
419 4554 880 4669 transscripsi‘pruriusias
932 4568 1019 4649 Quas
1051 4570 1176 4656 magnis
1206 4575 1382 4642 mancatis
