2850 4958
180 241 182 244 ⁴
222 268 381 348 carco
412 251 1122 374 'cruris·aou'car.17.sa19.
1227 297 1302 353 201.
1327 222 1367 371 ²,

92 433 250 506 silentio,
273 433 306 493 ln
327 432 384 495 illa
405 433 574 496 concionis
594 434 777 517 frequentin
799 436 981 514 professum
1004 438 1172 513 indicium,
1194 442 1221 503 si
1242 441 1306 504 sibi

90 516 312 598 Lavinlaeque
342 522 513 600 pueroque
544 537 583 578 ex
616 534 652 576 ea
686 526 763 577 nato
794 517 872 579 fides
894 519 1127 591 incolumitatis
1149 524 1303 599 daretur,

89 609 230 681 tumque
252 620 337 671 eum,
353 609 486 681 accepta
500 597 575 672 fide,
591 597 757 662 Lavinium
772 601 805 662 in
821 602 936 679 urbem
952 624 1025 663 cum
1040 603 1107 669 filio
1123 606 1302 670 reduxisse.

133 683 245 744 XVII.
280 683 360 744 Post
379 683 461 745 baec
481 683 658 755 Ascanius,
683 683 853 764 completis
876 685 909 745 in
930 687 1065 746 Lavinio
1088 691 1221 773 higinio
1243 713 1305 750 an-

69 769 165 842 ·nis,
187 765 378 829 recordatus
399 786 503 827 novae
525 765 615 826 urbis
635 765 824 828 condendae
845 777 972 850 tempus
993 769 1159 832 atlvetaisse
1180 794 1219 833 ex
1239 795 1305 832 nu*

89 868 186 913 mero
209 866 408 931 porcorum,
437 869 519 930 quos
543 859 717 931 pepererat
740 869 793 910 sus
824 850 916 924 alba,
943 853 1189 937 'circumspectis
1217 855 1303 916 dili-

89 941 209 1018 genter
229 932 376 993 finitimis
400 932 602 1013 regionibus,
624 932 807 1012 speculatus
828 936 1130 1009 montem'cditum,
1147 939 1202 1020 qui
1217 951 1303 999 nuuc
1349 968 1352 972 ·

90 1016 136 1079 ub
159 1038 194 1077 ea
215 1016 317 1088 urbe,
340 1037 424 1097 quae
445 1017 480 1077 in
502 1036 541 1076 eo
564 1015 697 1076 condita
717 1023 786 1099 est,
808 1012 952 1077 Albanus
973 1028 1197 1100 nuncupatur,
1220 1023 1306 1082 civi-

89 1106 193 1161 tatem
216 1098 417 1172 communit;
449 1119 584 1181 eamque
610 1108 653 1160 e‘x'
670 1099 795 1172 forma,
828 1100 917 1181 quod
939 1100 984 1160 ita
1006 1101 1040 1161 in
1060 1102 1194 1186 longum
1214 1126 1305 1186 por-

89 1190 273 1256 rectaest,
295 1181 451 1265 Longam,
475 1201 513 1244 ex
534 1179 648 1244 colore
668 1181 745 1255 suis,
761 1182 877 1243 Albam
892 1186 1145 1264 cognominavit.
1175 1188 1304 1263 Quum·
1326 1207 1345 1249 s

91 1287 159 1349 que
191 1264 270 1325 illuc
300 1265 472 1327 simulacra
491 1268 641 1327 Deorum
670 1265 843 1327 Penatium
876 1267 1112 1342 transtulisset,
1142 1271 1305 1351 postridie

91 1348 180 1430 apud
200 1347 369 1408 Lavinium
390 1356 640 1430 apparueruntz·
655 1369 832 1431 rursusque
853 1348 954 1410 relata
976 1348 1104 1424 Albam,
1126 1354 1306 1435 appositis-

91 1451 157 1513 que
179 1431 368 1492 custodibus
389 1432 515 1511 [nescio
562 1432 692 1510 uantls],
715 1452 750 1493 se
771 1431 941 1492 Lavinium
962 1432 995 1492 in
1010 1435 1181 1515 pristinam
1197 1435 1305 1496 sedem

67 1512 271 1589 ,identidem
293 1522 497 1595 receperunt.
538 1452 590 1574 ita
616 1536 657 1577 ue
676 1514 777 1576 tertio
793 1510 895 1575 'nemo
917 1536 1011 1576 ausus
1028 1526 1074 1575 est
1089 1539 1240 1578 amovere
1254 1539 1302 1590 ea,
1322 1519 1346 1581 5

67 1592 131 1683 lut
154 1597 311 1676 scriptum
334 1603 381 1657 est
402 1597 435 1657 in
456 1593 574 1658 Annali
593 1534 794 1678 Pontificum
817 1597 879 1658 lv.-
901 1587 961 1657 lib.
985 1599 1089 1660 Cincii
1112 1600 1144 1659 et
1163 1601 1305 1661 Caesaris

67 1678 139 1757 ³11,
163 1680 349 1741 Tuberonis
367 1680 396 1740 I:
438 1678 483 1741 At
502 1677 658 1742 Ascanius
678 1688 854 1762 postquam
876 1681 1060 1742 excessisset
1082 1703 1099 1743 e
1120 1684 1198 1757 vita,
1220 1678 1348 1760 interd

92 1756 222 1836 lulum,
246 1761 348 1822 filium
371 1762 457 1835 eius,
480 1771 512 1823 et
532 1759 671 1825 Silvium
691 1764 902 1833 Postumum,
926 1763 982 1843 qui
1004 1779 1043 1825 ex
1064 1764 1195 1825 Lavinia
1219 1768 1308 1848 gani-

91 1852 143 1908 tus
167 1854 256 1918 erat,
279 1844 320 1905 de
343 1845 522 1909 obtinendo
547 1846 689 1930 imperio
713 1854 786 1907 orta
812 1846 979 1906 contentio
1002 1854 1060 1918 est,
1084 1866 1182 1929 quum
1206 1849 1307 1910 dubi-

91 1936 237 2002 tsretur,
261 1948 302 1987 an
323 1924 452 1994 Aeneae
473 1927 570 2004 filius,
594 1952 634 1991 an
655 1949 758 2011 nepos
778 1927 895 2010 potior
919 1937 1012 1991 esset.
1054 1921 1215 1992 Permissa
1237 1932 1308 1993 dis-

89 2011 279 2095 captatione
312 2011 380 2071 eius
410 2011 479 2084 rei,
515 2012 555 2073 ub
588 2010 747 2074 universis
786 2030 844 2071 rex
882 2008 1001 2073 Silvius
1032 2011 1213 2076 declaratus
1246 2024 1304 2076 est.
1330 2087 1333 2091 ¹

85 2093 246 2158 Eiusdem
267 2094 392 2173 posteri
414 2109 524 2155 omnes
551 2093 770 2175 cognomento
798 2090 915 2167 Silrii,¹
944 2115 1046 2177 usque
1072 2095 1116 2177 ,ad
1138 2093 1344 2176 conditam5

86 2176 250 2248 Romam,
273 2177 375 2239 Albae
397 2189 632 2258 regnaverunt,
655 2187 691 2239 ut
713 2186 762 2259 est
781 2176 939 2258 scriptum
959 2177 1133 2259 Annalium
1157 2180 1304 2243 Pontifi-

86 2254 213 2327 calidm
237 2260 294 2321 lib.
316 2260 378 2320 lv.
421 2260 528 2336 Igitur
549 2270 703 2343 regnante
725 2261 840 2321 Latino
864 2258 966 2321 Silvia
984 2261 1134 2323 coloniae
1149 2263 1306 2326 deductae
1327 2256 1348 2323 6

87 2355 170 2410 sunt
192 2345 384 2415 Praeneste,
408 2342 532 2414 Tibur,
555 2342 674 2417 Gabii,
698 2336 893 2414 Tusculum,
918 2344 1021 2417 Cora,
1042 2344 1213 2421 Pometia,
1238 2349 1306 2409 Co.-

89 2430 177 2493 rioli
200 2427 350 2507 [Locri],
372 2426 614 2500 Crustumium,
638 2416 808 2500 Cameria,
829 2418 995 2503 bovillac,
1018 2436 1191 2510 ceteraque
1213 2432 1308 2512 oppi-

88 2514 136 2577 da
162 2512 428 2589 circumquaque
769 2584 772 2590 .
910 2581 914 2587 ⁴
1030 2578 1033 2583 ,
1118 2579 1120 2583 ,
1301 2586 1304 2593 Ι

138 2595 265 2655 xvllt.
297 2593 378 2653 Post
398 2612 471 2652 eum
492 2585 638 2672 regnarit
660 2584 814 2654 Tiberius
834 2584 965 2663 Silvius,
988 2582 1080 2650 silvii
1104 2589 1199 2652 tilius.
1241 2594 1308 2669 Qui

86 2701 198 2767 quum
222 2676 374 2736 adversus
395 2672 551 2753 finitimos
575 2669 696 2733 bellum
718 2674 892 2752 inferentes
908 2663 1205 2753 copiareduxisaet,
1222 2676 1309 2739 inter'
1352 2721 1355 2726 ·

85 2759 299 2846 'proeliantes
321 2755 473 2836 depulsus
497 2755 530 2815 in
550 2754 702 2817 Albulam
731 2757 872 2827 flumen,
905 2754 1079 2836 deperiit,
1098 2759 1310 2843 mutandique

96 2840 246 2906 nominis
268 2833 393 2901 exstitit
413 2859 535 2912 caussa,
556 2848 593 2900 ut
613 2838 761 2900 scribunt
780 2839 898 2899 Lucius
921 2837 1050 2915 Cincius
1070 2837 1128 2902 lib.
1152 2843 1179 2902 l.
1200 2842 1308 2904 Luta-¹

95 2929 168 2991 tius
189 2924 249 2984 lib.
273 2924 335 2985 ΙΙΙ.
376 2921 458 2985 Post
480 2942 553 2982 eum
582 2920 730 3004 regnavit
754 2919 926 2981 Aremulus
956 2918 1093 2992 Silvius}
1126 2925 1182 3002 qui
1203 2934 1350 2990 tantaes

96 3006 276 3091 superbiae
302 3029 368 3068 non
400 3004 569 3066 'adversum
600 3003 748 3065 homines
770 3004 892 3081 modo,
915 2992 970 3063 sed
993 3003 1088 3063 etiam
1113 3002 1191 3065 deos
1212 3004 1310 3070 fuisse

97 3093 266 3164 traditur,
299 3098 336 3150 ut
366 3088 595 3171 praedicaret,
624 3107 658 3147 se
687 3085 890 3167 superiorem
915 3098 983 3148 esse
1014 3085 1085 3166 ipsc
1109 3084 1217 3160 ‚Iove,
1249 3110 1308 3164 aa,

98 3183 237 3239 tonante
258 3172 373 3246 coelo,
396 3166 558 3232 militibus
579 3170 781 3251 imperaret,
799 3171 837 3229 ut
862 3168 935 3241 telis
955 3167 1087 3249 clypeos
1119 3178 1306 3253 quaterent,
1343 3246 1348 3254 .
1395 3222 1399 3227 .

99 3259 355 3338 dictitaretqus,
379 3250 551 3318 clariorem
574 3273 688 3331 sonum
710 3248 881 3314 sefacere.
925 3247 990 3330 Qui
1012 3257 1122 3329 tamen,
1145 3254 1305 3334 praesenti
1326 3257 1352 3319 ὅ

101 3342 234 3405 affectus
256 3348 304 3401 est
323 3357 450 3422 poena:
482 3357 557 3396 nam
578 3335 714 3397 fulmine
734 3325 818 3397 ictus
838 3343 1015 3418 raptusque
1035 3334 1166 3397 turbine
1188 3336 1221 3398 in
1242 3339 1309 3401 Al·-

100 3426 225 3489 baaum
251 3423 358 3485 lacum
388 3412 622 3503 praecipitatus
654 3425 721 3494 est,-
749 3424 787 3480 ut
809 3410 966 3501 scriptum
989 3426 1037 3480 est
1055 3414 1227 3495 Annalium
1249 3420 1309 3485 lib.

100 3506 167 3570 vl.
189 3516 221 3569 et
240 3500 467 3588 Epitomarum
495 3496 626 3565 Pisonis
657 3498 703 3563 Π.
749 3495 897 3564 Aufidius
927 3513 1003 3563 sane
1033 3488 1067 3561 in
1096 3498 1257 3583 Epitomis
1279 3497 1354 3584 etd

101 3590 271 3655 Domitius
290 3584 351 3652 lib.
373 3588 401 3649 1.
424 3608 493 3667 non
511 3584 647 3648 fulmine
669 3584 861 3665 ictum,‚sed
877 3593 984 3647 terrae
1001 3592 1093 3645 motu
1107 3586 1308 3668 prolapsum,

101 3667 202 3738 simul
223 3694 294 3734 cum
319 3693 357 3733 eo
379 3669 520 3755 regiam,
543 3662 577 3727 in
600 3657 759 3729 Albanum
774 3668 891 3752 ‘lacum
922 3665 1086 3744 tradunt..
1107 3667 1199 3728 Post·
1217 3668 1351 3730 illum5

101 3757 255 3842 regnavit
276 3754 452 3815 Arentinus
473 3750 609 3827 Silvium
634 3750 746 3832 isque,
768 3748 914 3813 finitimis
934 3740 1057 3809 bellum
1078 3749 1308 3821 inferentibus,

100 3842 140 3907 in
162 3837 346 3902 dimicando
370 3838 607 3913 circumventus
629 3830 668 3894 ab
692 3831 841 3893 hostibus
858 3836 1043 3913 prostratus
1065 3832 1123 3905 est,
1146 3832 1310 3913 acsepulss·

99 3934 157 3987 tus
179 3919 272 3985 circa·
288 3914 413 3982 radices
433 3916 576 3990 montis,
598 3910 651 3978 cui
673 3926 717 3978 e'r
732 3922 767 3977 se
787 3934 905 3977 nomen
926 3905 1037 3984 dedit,
1060 3923 1098 3977 ut
1117 3915 1233 3976 scribit
1251 3916 1312 3976 Iu-

101 4008 170 4072 lius
193 4006 309 4067 Caesar
329 4001 389 4064 lib.
412 3996 458 4064 ll.
514 4014 517 4022 '
856 4070 858 4075 ,
882 4064 899 4073 ,,
1225 4001 1228 4007 ’

107 4130 110 4139 -
147 4090 239 4151 xlx.
269 4087 353 4157 Post
374 4102 448 4147 eum
468 4072 587 4163 Silvius
606 4072 729 4161 Procas
761 4088 819 4157 tex
847 4070 1071 4155 Albanorum,
1101 4078 1185 4142 duos
1206 4079 1311 4153 lilios,

104 4171 316 4236 Numitorem
336 4175 370 4231 et
389 4166 566 4240 Amulium,
590 4164 700 4248 aequis
720 4162 868 4245 partibus
888 4159 1024 4227 heredes
1046 4162 1196 4223 instituit.
1227 4164 1312 4223 Tum
1333 4176 1357 4228 2²

104 4255 258 4319 Amulius
278 4255 311 4317 in
332 4258 510 4336 unmparte
529 4270 664 4333 regnum
686 4243 929 4316 tantummodo,
951 4242 987 4303 in'
1007 4244 1108 4305 altera
1128 4244 1230 4305 totius
1250 4267 1313 4325 pa-

105 4339 258 4401 trimcnii
279 4348 434 4398 summam
453 4342 552 4416 ‚atqua
574 4348 702 4408 omnem
722 4336 933 4413 paternorum
964 4326 1130 4389 bonorum
1156 4324 1316 4388 substan-

105 4424 190 4485 tiam
211 4421 333 4504 posuit,
354 4417 515 4499 fratrique
535 4411 714 4487 Numitori,
736 4411 801 4495 qui,
815 4411 919 4472 maior
938 4417 1016 4471 natu
1038 4416 1119 4483 erat,
1145 4406 1314 4490 optionem

110 4505 227 4578 dedit,
257 4512 295 4564 ut
315 4523 352 4565 ex
373 4495 444 4575 bis,
476 4505 585 4563 utrum
605 4494 736 4568 mallet,
759 4493 903 4575 eligeret..
933 4491 1100 4557 Numitor
1122 4513 1220 4574 quum
1242 4493 1318 4571 pri-s

107 4598 224 4655 aarum
244 4606 340 4697 onus
359 4606 432 4699 cum
446 4569 656 4700 tmsltatibps
669 4596 771 4677 regna
786 4573 1008 4728 praesagum,
1021 4573 1335 4673 Amuliusxsauw
