2850 4958
460 294 910 382 nin·.111.car.1v.'
1206 327 1273 410 107
1330 267 1332 272 ’

69 467 178 538 ribus,
203 456 322 530 lanceis
351 437 521 551 contisque
541 458 747 551 pugnarent.
777 466 919 531 Perinde
942 471 1086 549 speciosa
1107 491 1196 533 mors
1218 493 1278 531 ea-

69 568 139 611 rum
161 549 243 622 fuit,
266 571 362 633 quam
386 572 430 633 pu
454 573 505 611 na.
551 552 633 613 Nam
658 574 760 635 quum
778 552 871 613 missa
894 551 935 612 ad
952 552 1320 637 Mariumlegationc‚16

69 632 254 695 libertatem
275 655 313 694 ac
334 573 555 696 sacerdotium
576 656 643 695 non
665 638 890 717 impetrassent
909 637 984 713 (nec
998 637 1046 696 sas
1061 640 1157 717 erat),
1178 636 1281 697 suffo-

69 716 149 779 eatis
173 714 325 799 elisisque
342 716 464 799 passim
485 716 663 778 infantibus
683 719 769 793 suis,
792 726 848 779 aut
870 717 992 778 mutuis
1012 718 1185 783 concidere
1206 718 1281 780 vul·

69 796 221 869 aeribus,
243 807 300 861 aut
320 798 454 863 vinculo
475 820 494 860 e
516 800 662 862 crinibus
683 802 750 863 suis
769 802 871 874 facto,
889 798 930 861 ab
944 799 1120 865 arboribus
1135 803 1282 887 iugisque

69 880 294 983 plaustrorum
325 882 563 969 pependerunt.
606 884 742 949 Boiorix
772 906 831 947 rex
852 884 886 945 in
906 883 1012 981 prima
1035 885 1104 947 acie
1126 886 1323 972 dimicansry

69 964 229 1049 impigre,
264 986 325 1028 nec
355 965 477 1030 inultus
510 967 677 1029 occubuit.
734 968 847 1032 Tertia
878 966 1117 1049 Tigurinorum·
1149 990 1280 1055 manus,

69 1066 175 1133 quae,
208 1046 300 1129 qnasi
323 1047 356 1109 in
377 1048 583 1124 subsidium,
606 1050 749 1114 Noricos
776 1050 938 1115 insederat
959 1048 1092 1133 Alpium
1114 1050 1278 1126 tumulos,

69 1130 102 1195 in
137 1128 265 1191 diversa
294 1130 413 1214 lapsi,'
436 1135 511 1215 fuga
546 1132 685 1217 ignobili
720 1144 753 1195 et
780 1132 964 1198 latrociniis
999 1134 1140 1207 evanuit.
1188 1132 1322 1196 Hanch

69 1222 137 1277 lam
157 1210 296 1297 laetam,
317 1224 448 1300 tamque
469 1216 597 1279 felicem
619 1217 777 1279 liberatae
798 1217 928 1290 ltaliae,
951 1217 1130 1300 assertique
1151 1214 1282 1302 imperii

69 1294 243 1369 nunciam,
265 1318 333 1358 non
353 1319 414 1381 per
436 1298 606 1373 homines,
639 1300 693 1379 [ut
713 1300 851 1381 solebat]
872 1299 1015 1383 populus
1035 1298 1198 1363 Romanus
1219 1321 1281 1361 ac-

69 1378 162 1525 iilit
170 1376 261 1544 :1:5¹
257 1402 346 1544 ..tt
363 1381 680 1547 ili⁰it⁸¹.ii⁰‘}.⁰.‘i
695 1384 998 1529 Itt.⁶⁵t;..¹35.t⁸·..
1013 1382 1323 1547 iiiidbiiimi

69 1566 129 1607 nes
148 1542 287 1607 laureati
308 1547 459 1610 Praetori
480 1547 607 1617 litteras
628 1546 780 1609 tradere:
804 1552 1022 1633 frequensque
1044 1550 1077 1609 in
1097 1546 1282 1631 spectaculo

70 1647 208 1700 rumor,
235 1632 404 1691 Victoriisa
430 1631 609 1692 Grinbrr‘cae
625 1629 798 1709 feliciter!
832 1630 925 1693 dixit.
970 1632 1045 1708 Quo
1067 1631 1148 1713 quid
1167 1630 1323 1693 admi-so

72 1709 227 1783 rabilius,
251 1712 331 1792 quid
352 1711 510 1797 insignius
532 1711 602 1774 ficri
623 1720 753 1795 potest?
785 1712 918 1797 Quippe
937 1714 1026 1775 velut
1047 1714 1130 1779 elata
1152 1712 1282 1774 monti-

72 1792 134 1853 bus
162 1793 226 1854 suis
256 1796 358 1857 Roma
384 1795 570 1878 spectaculo
594 1794 672 1856 belli
696 1796 886 1870 interesset,
915 1796 1005 1880 quod
1025 1795 1059 1857 in
1081 1794 1279 1881 gladiatorio

74 1897 208 1937 munere
229 1877 299 1939 lieri
320 1877 414 1953 solet,
439 1901 503 1941 uno
526 1878 706 1962 eodemque
727 1887 905 1952 momento,
929 1901 1030 1962 quum
1049 1880 1084 1947 in
1103 1877 1174 1944 sois
1190 1878 1281 1940 Cim·

74 1952 132 2021 bri
150 1962 417 2038 succumberent,
438 1959 580 2048 populus
603 1960 636 2023 in
657 1961 751 2025 Urhe
771 1960 958 2046 plaudebat.

515 2208 743 2273 CAPUT
784 2208 862 2270 tv:

458 2412 626 2459 statuat
658 2411 898 2455 ΤΗΔΕΙΠ.

120 2562 201 2623 Post
230 2560 447 2635 Macedonas,
483 2562 510 2621 si
539 2561 614 2623 Diis
634 2560 757 2646 placet,
788 2560 932 2624 Thraces
961 2560 1173 2623 rebellabant.
1215 2554 1323 2638 lpsir

82 2644 242 2725 quondam
262 2643 429 2703 tributarii
452 2642 678 2717 Macedonum,
700 2644 760 2707 nec
783 2644 816 2707 in
835 2645 1002 2727 proximas
1023 2644 1123 2707 modo
1146 2641 1288 2724 provin-

81 2727 144 2788 cias
167 2729 312 2787 contenti
334 2728 515 2798 incurrere,
537 2726 736 2789 Thessaliam
750 2734 847 2809 atque
860 2727 1074 2802 Dalmatiam3
1098 2727 1131 2787 in
1145 2724 1290 2787 Hadria-

79 2810 182 2871 ticum
206 2830 294 2866 marc
317 2828 417 2891 usque
437 2818 613 2870 acuerunt:
642 2830 747 2891 eoque
768 2810 831 2871 fine
851 2832 919 2871 non
940 2811 1100 2880 contenti,
1123 2807 1214 2891 quasi
1236 2807 1290 2867 in-

80 2892 283 2954 terveniente
303 2898 440 2962 natura,
464 2899 616 2952 contorta
636 2892 671 2953 ln
693 2893 778 2971 ipsas
798 2913 896 2975 aquas
916 2890 981 2953 tela
998 2893 1168 2952 miserunt.
1196 2886 1289 2949 Nihil
1311 2901 1331 2946 st

84 2970 213 3037 interim
236 2994 297 3053 per
318 2970 352 3033 id
374 2993 470 3039 oniae
489 2981 616 3055 tempus
636 2972 801 3035 residuum
821 2972 1024 3036 crudelitatis
1043 2972 1109 3033 fuit
1130 2972 1164 3032 in
1184 2970 1294 3051 capti-

83 3072 138 3137 vos
162 3056 397 3119 saevientibust
420 3054 516 3116 litare
537 3056 609 3118 Diis
629 3056 817 3141 sanguinem
836 3055 1034 3127 humanum,
1056 3052 1172 3114 bibere
1186 3052 1220 3111 in
1235 3069 1293 3111 os-

85 3138 173 3205 tibus
196 3139 361 3221 capitum,
383 3138 630 3223 cuiusquemodi
658 3136 806 3201 ludibrio
830 3135 964 3199 foedare
985 3144 1125 3197 mortem
1145 3142 1212 3195 taus
1226 3132 1293 3214 igni

84 3242 180 3305 quam
211 3224 325 3295 fum03
357 3230 471 3304 partus
503 3243 636 3306 quoque
663 3220 870 3307 gravidarum
894 3217 1069 3279 mulierum
1100 3226 1295 3298 extorquere

83 3306 268 3373 tormentis.
310 3304 494 3365 Saevissimi
523 3306 668 3367 omnium
701 3304 866 3365 Thracum
897 3300 1062 3363 Scordisci
1095 3301 1207 3372 fucre3
1238 3288 1336 3357 sed3

82 3390 246 3455 calliditas
275 3410 407 3472 quoque
431 3387 472 3449 ad
504 3386 610 3449 robur
637 3388 847 3449 accesserat.
877 3384 1038 3455 Silvarum
1073 3391 1107 3444 ct
1134 3375 1337 3453 montiumd

81 3476 167 3539 situs
196 3494 269 3533 cum
300 3470 441 3554 ingenio·
461 3470 720 3541 consentiebant.
771 3468 887 3551 ltaque
916 3490 984 3529 nou
1013 3468 1103 3529 fusus
1132 3464 1232 3528 modo
1254 3463 1296 3525 ab
1351 3504 1354 3509 -

80 3550 161 3631 bis,
183 3564 239 3616 aut
258 3554 404 3635 iuqatus,
427 3552 482 3614 sed
499 3552 620 3633 (simile
639 3552 811 3636 prodigio)
832 3552 965 3613 omnino
987 3557 1077 3611 tolus
1098 3551 1296 3629 interceptus

80 3639 272 3707 exercitus,
295 3622 390 3721 quem
412 3636 549 3698 duxerat
573 3638 664 3697 Cato.
707 3637 825 3697 Didius
846 3656 944 3716 vagos
967 3643 1000 3696 et
1017 3632 1124 3693 libera
1145 3619 1335 3725 popula-5

84 3720 349 3792 tione-diffusos
386 3720 469 3781 intra
500 3741 590 3780 suam
621 3718 745 3801 repulit
782 3716 969 3779 Thraciam.
1010 3718 1137 3777 Drusus
1161 3712 1298 3773 ulterius

83 3812 179 3901 agit,
205 3816 238 3867 et
263 3805 367 3866 vetuit
391 3800 529 3880 transire
553 3802 753 3864 Danubium.
797 3798 956 3860 bliautins
978 3806 1051 3858 toto
1072 3793 1208 3857 vastavit
1230 3793 1302 3853 He·

81 3890 178 3966 bro,
211 3888 321 3949 multis
346 3885 475 3969 quidem
504 3885 644 3957 amissis,
675 3884 752 3945 dum
776 3878 1153 3963 perperfidan1·glacie
1181 3875 1300 3937 flumen

84 3976 273 4063 equitatur.
315 3970 393 4033 Piso
414 3966 598 4049 Rhodopen
621 3968 863 4047 Caucasumque
884 3962 1078 4045 penetravit.
1110 3961 1209 4021 Curio
1231 3962 1301 4021 Da·
1321 3954 1341 4017 6

82 4064 140 4127 cia
171 4067 265 4118 tenus
291 4054 401 4117 venit:
426 4049 482 4112 sed
504 4048 654 4111 tenebras
674 4048 814 4111 saltuum
839 4047 980 4127 expavit.
1022 4043 1147 4125 Appius
1171 4042 1202 4103 in
1221 4041 1302 4102 Sar·

81 4150 196 4209 matos
219 4159 320 4221 usque
340 4134 510 4219 pervenit,
538 4132 693 4203 Lucullus
719 4130 760 4193 ad
784 4128 960 4191 terminum
983 4127 1127 4211 'gentium
1155 4125 1302 4197 Tanain,

79 4224 267 4303 lacumque
287 4219 443 4281 Maeotin.
487 4218 555 4277 Nec
576 4214 674 4278 aliter
696 4210 913 4279 cruentissimi
935 4210 1096 4293 hostium,
1118 4231 1215 4291 quam
1237 4207 1303 4268 suis
1325 4229 1343 4288 7

83 4304 265 4377 moribus,
300 4301 433 4365 domiti:
468 4301 592 4383 quippe
623 4301 656 4361 in
687 4296 835 4381 captir‘os
862 4295 931 4377 igni
960 4294 1116 4377 ferroque
1151 4291 1306 4386 saevitum

85 4404 157 4459 cst.
203 4385 267 4447 Sed
291 4384 373 4446 nihil
393 4383 545 4447 barbaris
569 4380 711 4443 atrocius
739 4380 842 4441 visum
868 4388 935 4452 est,
961 4397 1058 4460 quam
1082 4371 1171 4455 quod
1193 4370 1306 4433 absen-
1356 4412 1362 4421 .

89 4480 141 4543 sis
176 4469 326 4535 manibus
349 4467 479 4544 relicti,
512 4466 623 4529 virere
649 4463 839 4555 superstites
860 4481 985 4547 poenae
1005 4479 1082 4531 suas
1100 4456 1306 4523 iubebantur.
