2850 4958
194 210 285 339 106¹
570 256 612 331 n
641 255 824 333 annunt
853 255 1002 331 asora

182 425 310 489 ltaliam
342 420 563 506 demigsrent,
596 419 714 481 misere
743 416 867 503 legatos
901 416 934 477 in
966 422 1070 477 eastra
1101 412 1228 489 Silani,
1265 412 1381 479 indssl

181 508 357 581 Senatum,
378 514 547 587 petentes,
569 514 605 565 ut
631 505 769 563 Martius
786 500 925 583 populns
948 498 1073 581 aliquid
1093 498 1157 559 ss'bi
1176 511 1293 559 terrae
1313 499 1383 559 dans

183 590 278 677 quasi
295 586 505 671 stainendaicm:
529 600 694 659 ceterum,
721 597 759 645 ut
780 584 876 649 uellet
887 627 897 655 ,
920 582 1067 643 mum'bus
1088 594 1187 665 atque
1209 588 1318 643 erneis
1338 581 1385 643 aa
1417 617 1421 637 a

142 674 164 740 3
184 682 342 735 uteretur.
369 670 448 731 ,sed
469 692 549 755 quas
572 668 666 730 daret
686 676 789 729 terras
811 663 953 765 populns
966 666 1142 736 Romanus,
1164 666 1309 746 agrariis
1321 664 1385 749 legi
1419 669 1421 679 ¹

185 756 246 818 bus
268 756 355 816 inter
374 774 409 815 so
429 754 666 815 dimicaturus?
689 748 824 833 Repulsi
846 749 960 832 igitur,
982 746 1073 831 qnod
1094 750 1315 829 nequiuerant
1332 768 1387 829 prs·

143 838 297 919 deibus,
319 836 418 898 armis
437 845 551 919 petere
572 832 765 897 constituat.
806 832 873 895 Sed
892 852 953 893 nee
974 832 1119 915 primum
1142 832 1316 915 [quidem]
1334 832 1386 893 ins·

182 929 295 1003 petum
316 918 535 983 barbarorum
554 916 704 991 Silanus,
727 938 786 979 nec
807 914 985 979 seeundum
1007 912 1159 989 Mallias,
1181 936 1247 977 nec
1269 916 1386 1001 tertis!

142 1000 163 1067 5
186 1003 306 1087 Caepio
327 1002 486 1064 sustinere
506 1008 707 1085 potuerunt:
731 1020 842 1061 omnes
863 998 983 1081 fugati,
1007 998 1097 1059 exuti
1117 998 1249 1060 castris.
1288 996 1390 1061 Anu

184 1096 277 1163 erat,
301 1085 363 1147 nisi
385 1086 509 1147 Marius
533 1084 581 1145 illi
604 1083 734 1145 saeculo
756 1083 955 1167 contigisset.
999 1080 1060 1142 llle
1083 1103 1148 1163 qno
1175 1102 1217 1143 nc
1248 1102 1318 1143 non
1336 1102 1386 1143 ss-
1419 1142 1421 1147 .

184 1191 238 1232 sus
265 1166 421 1250 congredi
453 1169 579 1239 statim,
612 1166 751 1229 militem
780 1168 886 1229 tenuit
914 1164 947 1224 in
979 1164 1113 1238 eastris,
1146 1104 1257 1227 donec
1285 1163 1388 1243 insidi
1419 1170 1421 1231 ζ

161 1296 166 1305 .
185 1251 241 1313 illa
262 1248 390 1324 rabies,
414 1256 447 1311 et
467 1252 630 1333 impetus,
652 1270 749 1332 quem
768 1269 833 1331 pro
856 1248 978 1313 virtute
998 1246 1132 1307 barbari
1156 1246 1295 1321 habent,
1321 1268 1387 1309 eos·
1418 1304 1421 1327 1

143 1336 163 1401 6
185 1339 376 1397 senesceret.
419 1332 591 1395 Recessere
613 1333 717 1415 igitur
737 1332 954 1412 increpantes,
977 1339 1009 1389 et
1022 1336 1124 1407 (tante
1140 1339 1211 1392 erut
1225 1328 1388 1413 capiendus
1418 1330 1421 1423 2

185 1417 288 1479 Urbis
318 1414 451 1495 fiducia)
472 1415 705 1489 consulentes,
735 1417 767 1475 si
787 1415 866 1497 quid
882 1412 929 1475 ad
945 1434 1068 1474 uxorea
1097 1436 1174 1473 sum
1195 1414 1386 1475 mandarem
1418 1476 1421 1489 ,

185 1500 255 1563 Nec
275 1498 415 1585 segnius,
437 1520 535 1581 qnam
556 1498 671 1561 minati
693 1498 841 1570 fuerant,
864 1496 1034 1579 tripertito
1057 1497 1186 1575 agmine
1206 1518 1273 1577 pes·
1293 1496 1386 1577 Alpa,

108 1610 112 1617 ·
143 1582 220 1672 7id
242 1589 311 1655 est,
333 1581 473 1645 claustra
493 1581 628 1654 Italiae,
650 1580 851 1643 serebantur.
896 1578 1037 1651 Marius,
1065 1578 1149 1639 mira
1169 1578 1283 1639 statim
1304 1578 1386 1641 selo·
1417 1634 1421 1655 ,

184 1665 303 1739 citate,
343 1666 510 1745 occupatis
548 1686 622 1726 com
647 1658 773 1736 endiis,
814 1662 985 1745 praevenit
1018 1660 1163 1723 bostem:
1202 1662 1386 1745 prioraque
1417 1664 1421 1727 '.

186 1748 376 1819 Teutonos,
409 1746 468 1807 sub
500 1747 579 1828 ipsis
638 1744 743 1830 lpium
773 1745 964 1818 radicibus,
1002 1743 1193 1817 adsecutus,
1237 1744 1274 1807 in
1303 1742 1386 1815 loco,
1419 1748 1421 1756 '

185 1852 281 1915 quem
304 1830 412 1912 Aquas
432 1829 558 1891 Sextias
584 1837 713 1901 vocant,
735 1850 801 1910 quo
824 1828 933 1905 (sidem
954 1822 1122 1898 numinum
1133 1822 1160 1906 l)
1182 1825 1318 1908 proelio
1338 1846 1388 1909 op-

143 1908 323 1998 8pressitl
370 1912 500 1972 Vallum
532 1912 733 1994 llnsiumque
763 1911 906 1972 medium
936 1908 1046 1971 lrostes
1073 1910 1249 1973 tenebant:
1277 1908 1388 1991 ,noant

186 2012 344 2079 aquarum
364 1992 451 2053 nulla
474 1994 583 2077 copia.
619 1992 819 2055 Consultone
840 1992 874 2055 id
897 1992 1000 2075 egerit
1022 1991 1215 2073 imperator,
1242 2014 1285 2055 un
1306 2014 1387 2055 erro-

186 2099 257 2151 rem
280 2080 313 2138 in
334 2074 505 2137 consilinm
528 2083 683 2148 verterit,
705 2074 858 2136 dubiam:
882 2083 971 2137 certe
992 2075 1183 2136 necessitate
1205 2082 1303 2137 ancta
1326 2076 1386 2139 sir·

188 2170 241 2221 tns
272 2176 380 2221 caussa
413 2159 571 2219 victoriae
599 2157 674 2218 fuit.
715 2156 797 2217 Nam
825 2157 992 2241 flagitante
1018 2179 1133 2239 aquam
1165 2162 1334 2233 exercitu,
1361 2160 1387 2217 a·

146 2247 273 2330 gna'rs',
297 2236 424 2323 inquit,
447 2246 540 2313 estat,
563 2263 601 2300 ea
626 2241 696 2301 s'llic·
714 2236 858 2301 habetis!
893 2242 1007 2323 ltaque
1028 2247 1118 2301 tanto
1140 2240 1264 2303 ardore
1275 2263 1385 2326 pugna·

188 2334 257 2386 tum
280 2331 339 2397 est,
363 2345 463 2405 eaque
485 2322 597 2383 caedes
618 2322 764 2382 bostium
784 2323 865 2395 fnit,
888 2332 925 2384 ut
945 2326 1053 2384 victor
1073 2323 1238 2385 Romanus
1261 2326 1302 2387 dc
1322 2346 1384 2385 crn-

188 2418 264 2471 ento
287 2407 420 2468 flumine
441 2426 507 2465 non
528 2404 600 2485 plns
622 2426 725 2487 aquae
746 2404 890 2479 biberit,
919 2428 1015 2489 qnam
1033 2407 1209 2487 'sanguinis
1231 2407 1381 2470 barbaro·

148 2513 276 2555 sorum.
319 2491 492 2550 Carteres
522 2487 592 2569 ipse
619 2486 873 2561 Teutobochus,
901 2497 1078 2571 quaternos
1108 2511 1270 2572 senosque
1300 2508 1382 2573 equos

188 2571 353 2635 nausilire
373 2568 500 2643 nolitne,
522 2570 575 2629 vix
597 2591 709 2643 unum,
732 2593 830 2651 quum
853 2570 1199 2654 sugeret,·aslscendit·,
1225 2574 1382 2655 proximo·

102 2699 108 2707 1
187 2676 251 2737 qne
272 2656 305 2715 in
326 2652 409 2713 saltn
431 2653 706 2732 comprehensus,
740 2653 864 2737 insigne
888 2652 1107 2737 spectaculum
1130 2656 1292 2738 triumpbi
1315 2656 1379 2717 init:
1408 2721 1412 2733 ,

147 2738 311 2819 nquippe
325 2735 376 2795 vir
389 2737 598 2817 proceritatis
613 2737 749 2799 eximiae
762 2757 861 2817 super
874 2746 1007 2819 tropaea
1025 2738 1092 2816 ipsa
1110 2738 1286 2801 eminebat.
1309 2738 1379 2801 Sub-
1410 2748 1420 2780 a

190 2820 265 2881 latis
290 2814 435 2879 funditus
467 2818 646 2893 Teutonis,
678 2820 711 2880 in
735 2820 884 2880 Cimbros
905 2824 1120 2888 convertitur.
1159 2822 1202 2881 lli
1226 2824 1290 2883 iam
1311 2818 1378 2903 (quis
1408 2827 1420 2862 ⁰

187 2896 372 2977 crederet?)
391 2920 453 2981 per
473 2901 633 2975 hiemem,
656 2922 741 2985 qnae
762 2900 859 2967 eltins
880 2900 979 2984 Alpes
999 2903 1101 2973 levat,
1124 2903 1326 2967 Tridentinis
1340 2906 1378 2965 iu·
1407 2909 1420 2944 1'

148 2986 236 3071 uagis
268 2984 302 3050 in
332 2984 460 3045 Italiam
489 2984 659 3067 provoluti
695 2986 788 3046 ruina
820 2984 1062 3067 descenderant.
1112 2984 1249 3047 Athesin
1283 2988 1377 3049 llnnes
1407 2978 1421 3029 ¹⁴

185 3090 253 3131 nors
272 3074 373 3149 ponte
385 3113 394 3141 ,
417 3088 477 3127 nee
499 3069 655 3140 navibus,
682 3068 736 3130 scd
759 3068 897 3149 quadam
922 3067 1103 3131 stoliditate
1124 3068 1297 3131 barbarica
1318 3068 1376 3151 pri-

185 3172 275 3210 mum
297 3150 494 3231 corporibus
515 3150 674 3233 adgressi,
696 3160 869 3233 postquem
891 3152 1033 3211 retinere
1054 3174 1178 3213 amnem
1204 3156 1377 3215 manitus
1419 3160 1421 3189 ²

188 3232 312 3316 clypeis
341 3234 464 3293 frustra
490 3242 714 3305 tentaverant,
744 3233 864 3313 ingesta
897 3233 1050 3294 obrutum
1080 3233 1157 3295 silva
1182 3237 1376 3299 transilnrrct
1402 3238 1421 3295 l²

128 3315 239 3387 ubet,
263 3314 289 3374 si
312 3314 420 3372 statim
444 3315 561 3376 infesto
585 3316 712 3398 agmine
733 3316 856 3377 Urbem
878 3316 1055 3394 petissent,
1078 3318 1200 3398 grande
1221 3318 1377 3383 discrimen
1403 3304 1421 3360 'a

187 3404 285 3456 esset:
309 3392 419 3479 sedin
444 3394 592 3468 Venetia,
616 3417 681 3477 qno
704 3397 774 3457 sere
796 3404 902 3457 tractu
922 3396 1017 3459 Italia
1039 3399 1228 3461 mollissima
1251 3414 1311 3479 est,
1328 3402 1379 3483 ipss
1405 3384 1419 3443 1

188 3476 251 3535 soli
266 3470 423 3555 ¹coelique
444 3474 611 3537 clementia
634 3476 738 3538 robnr
759 3478 911 3559 elanguit.
949 3478 999 3541 Aa
1020 3480 1085 3541 boc
1106 3483 1301 3563 panis'nsu,
1322 3502 1380 3547 car·

186 3554 302 3638 nisqtae
329 3564 457 3629 coetae¹
487 3564 519 3616 et
549 3556 721 3619 d'nlcedine
749 3556 816 3623 vini
838 3560 1025 3645 mitigatos,
1049 3567 1171 3627 Marius
1194 3568 1381 3650 intempore
1408 3544 1421 3607 1

147 3638 355 3722 ιᾼαάμοεειιὲ
378 3648 435 3699 est.
479 3640 547 3699 lam
568 3639 653 3701 diem
675 3662 802 3727 pugnae
822 3665 839 3703 a
862 3654 975 3707 nostro
1002 3636 1202 3729 imperatore
1241 3654 1381 3721 eticrunt,
1410 3650 1421 3689 1·

188 3718 286 3783 etsie
315 3723 501 3804 proximum
527 3720 628 3783 dedit.
670 3724 708 3788 In
737 3728 977 3807 patentissimo,
1011 3752 1105 3812 quem
1139 3672 1303 3797 Raudium
1327 3752 1385 3795 so·
1413 3716 1421 3775 1

188 3815 280 3879 cant,
309 3824 423 3887 eampo
451 3825 659 3871 concurrere.
703 3810 782 3871 Inde
810 3809 849 3870 ad
877 3812 1040 3896 sexaginta
1061 3814 1162 3875 millia
1185 3820 1381 3881 ceciderunt:
1417 3819 1421 3887 ἵ

189 3884 267 3973 bine
296 3888 450 3948 trecentis
482 3888 607 3951 stainans:
639 3913 700 3975 per
727 3914 855 3954 omnem
885 3894 971 3956 diem
1005 3897 1192 3959 conciditur
1223 3902 1384 3965 barbarus.
1419 3890 1421 3913 ¹

149 3963 267 4030 atlante
288 3974 419 4051 qnoque
441 3971 618 4053 imperator
637 3974 809 4038 addiderat
829 3976 944 4041 virtuti
967 3978 1097 4053 dolum,
1124 3992 1254 4046 secutus
1270 3982 1387 4047 Hanni-

186 4049 293 4110 balem
318 4059 486 4133 artemque
516 4057 717 4120 Cannarum:
750 4062 911 4141 primum,
939 4061 1131 4124 nebulosum
1153 4076 1268 4129 nactus
1290 4069 1385 4137 diem,

186 4141 226 4230 nt
245 4132 333 4229 besti
356 4134 542 4213 inopinatus
561 4149 773 4216 occurreret3
796 4153 863 4203 tum
885 4154 1054 4206 ventosum
1076 4169 1227 4230 qnoque,
1251 4164 1290 4213 ut
1311 4148 1387 4234 pnl-

187 4234 236 4275 vrs
258 4236 291 4274 m
315 4216 427 4279 oculos
454 4229 486 4279 et
514 4244 570 4282 ora
592 4223 756 4296 ferretnr3
785 4234 852 4285 tum
877 4228 946 4289 acie
967 4249 1121 4291 conversa
1142 4232 1175 4291 in
1200 4236 1387 4307 Orientem,

189 4306 247 4369 nt,
269 4298 357 4380 quod
379 4320 418 4360 ex
438 4305 573 4384 captivis
594 4326 669 4365 mox
692 4309 857 4389 cognitum
880 4320 947 4384 est,
971 4333 1009 4371 ex
1031 4312 1205 4395 splendore
1229 4319 1388 4397 galearum

188 4400 225 4439 ac
246 4402 434 4461 repercussu
466 4387 556 4469 qnasi
587 4389 702 4449 ardere
730 4392 856 4452 coelum
878 4394 1053 4457 rideretur.
1097 4398 1165 4459 Nec
1188 4402 1299 4465 minor
1321 4422 1388 4465 cnm

134 4468 137 4473 '
187 4464 345 4525 uxoribus
376 4477 771 4553 eorssm'pngna‚,qnam
802 4495 874 4534 cunr
908 4477 985 4556 ipsis
1010 4479 1091 4539 fnit:
1127 4503 1233 4564 quum.
1252 4484 1389 4549 obiectis

120 4636 123 4641 Ι
190 4542 334 4631 undique
351 4546 527 4631 plaustris,
550 4560 647 4637 atque
668 4557 851 4635 carpentis,
874 4557 956 4641 altae
978 4560 1135 4647 desuper,
1159 4568 1250 4649 qnasi
1274 4590 1292 4633 e
1315 4579 1389 4633 tur.
