2850 4958
189 286 264 390 ¹⁶4
453 278 649 359 saurus
673 276 921 358 anemius
938 264 1134 361 muron

183 456 292 524 cteris
311 448 492 525 tumidior,
512 445 610 509 simul
628 467 690 530 per
710 454 848 509 aetutem
869 454 982 508 cautus
1003 464 1145 531 parunt,
1169 452 1277 531 atqua
1303 448 1386 515 animi

144 522 150 537 ⁶
182 542 367 609 vehemens,
390 530 496 595 adhuc
517 531 742 592 ministrorum
761 529 924 612 pravitate
945 528 1168 607 exsecrabilis,
1194 542 1297 617 atque
1311 556 1387 617 pne·

184 644 261 707 ceps
286 622 319 682 in
341 616 530 688 avaritiam,
553 614 806 696 despectumque
828 612 1042 687 militarium,
1065 636 1152 677 anno
1174 625 1258 698 post
1277 620 1387 681 trium·

182 708 287 792 plausu
308 702 454 774 decimo,
483 699 660 781 Magnentii
682 697 804 758 scelere
824 697 1063 758 circumventus
1093 708 1163 773 est,
1191 709 1387 765 externarum

126 778 257 873 'amane
279 784 422 873 gentium
445 782 639 863 compressis
659 780 815 842 motibus.
859 781 1004 859 Quarum
1022 780 1153 843 obsides
1166 784 1287 863 pretio
1300 806 1389 870 quae*

182 875 262 936 sitos
276 890 404 955 pueros
426 866 628 927 venustiores
648 862 738 947 quod
759 864 879 926 cultius
899 863 1080 939 habuerat,
1111 863 1261 929 libidine
1280 867 1386 931 baias-

138 955 273 1025 25modi
298 954 413 1017 arsisse
432 972 495 1034 pro
519 956 609 1011 certo
630 947 782 1025 habetur.
826 948 919 1027 Quae
939 956 1046 1009 tamen
1065 947 1147 1009 uitia
1164 948 1294 1013 utinam
1308 974 1387 1013 man-

138 1030 307 1106 ausissent.
349 1038 498 1115 Namque
519 1031 709 1114 Magnentii,
728 1039 844 1114 utpote
858 1031 1150 1113 gentisbarbarae,
1167 1032 1249 1095 diro
1263 1045 1385 1119 auoque

181 1120 336 1208 ingenio,
368 1120 465 1180 simul
495 1116 564 1189 bis,
598 1134 681 1196 quae
701 1124 777 1197 post
799 1114 969 1188 accidere,
1001 1114 1082 1176 adeo
1105 1116 1269 1179 exstincta
1289 1120 1386 1181 omnia
1415 1136 1419 1169 ¹

137 1212 343 1351 'publilii
358 1195 1386 1365 illidit„ltttiflt't‘itiittttttnl‘titif
1413 1216 1419 1251 ¹

180 1394 289 1457 coque
319 1370 438 1453 agresti
469 1366 623 1429 vecordia
653 1366 831 1448 pessimus,
864 1386 965 1448 quum
994 1386 1057 1446 per
1075 1364 1229 1447 ¹Illyrios
1253 1330 1381 1452 peditum

180 1456 369 1541 magisterio
392 1452 512 1514 milites
537 1458 688 1522 curaret,
711 1448 987 1521 dominationem,
1010 1457 1102 1510 ortus
1122 1451 1276 1516 Moesiae
1297 1474 1379 1539 supe·
1405 1464 1418 1501 θ

178 1540 281 1615 rioris
301 1536 383 1602 locis
405 1533 682 1623 squalidioribus,
705 1531 857 1617 improbe
878 1540 1107 1614 occupaverat.
1405 1531 1417 1582 l

598 1712 826 1777 CAPUT
866 1710 969 1775 XLII.

340 1817 549 1865 consumtus
563 1844 572 1873 ,
595 1818 807 1871 usrorrauus,
831 1816 1000 1859 necamus
1014 1842 1024 1873 ,
1045 1812 1243 1894 tt'rtttcttgs,

509 1958 512 1963 ι
607 1900 963 1956 tiuvinus‚1unmnus.
1406 1938 1420 2000 ὴ

216 2037 302 2103 Eum
325 2028 532 2098 Constantius
556 2031 601 2093 cis
623 2052 764 2093 mensem
786 2030 960 2105 decimum,
983 2030 1155 2095 facundiae
1178 2033 1215 2098 vi
1237 2036 1375 2101 deiectu!
1406 2028 1420 2085 it

136 2120 343 2205 uituperio‚
366 2118 399 2178 in
420 2116 583 2197 privatum
607 2114 710 2175 otium
730 2114 882 2178 removit.
927 2118 1020 2196 Quae
1049 2114 1156 2198 gloria
1182 2128 1267 2195 post
1288 2128 1373 2185 natur
1407 2128 1420 2168 a

135 2202 356 2288 Kimperium
390 2200 452 2261 soli
492 2198 654 2282 processit
700 2195 833 2282 eloquio
871 2199 1118 2279 clementiaque.
1178 2202 1267 2268 Nam
1301 2222 1372 2290 quun
1407 2214 1419 2252 n

122 2300 149 2357 ,¹
177 2312 229 2351 ma
254 2310 292 2348 na
314 2293 407 2369 parte
430 2284 595 2365 utrimque
618 2280 777 2344 exercitus
799 2284 1035 2357 convenissent,
1056 2281 1172 2347 habita
1195 2287 1238 2349 ad
1259 2290 1377 2372 specie!
1408 2274 1421 2337 l*

121 2382 156 2419 ’ἢ
174 2370 294 2435 ludicii
314 2364 474 2430 concione
487 2406 505 2439 ,·
518 2362 608 2447 quod
630 2367 698 2427 sere
718 2365 773 2426 vix
795 2374 853 2441 aut
871 2368 976 2430 multo
1001 2366 1159 2449 sanguine
1182 2371 1379 2435 obtinendam
1409 2380 1420 2418 t

131 2454 162 2543 ζ
180 2464 273 2529 erat,
306 2449 493 2534 eloquentia
524 2449 678 2529 patravit.
722 2450 816 2527 Quae
842 2470 898 2513 res
924 2450 1001 2513 satis
1032 2452 1185 2528 edocuit,
1208 2454 1379 2519 nonmodo
1410 2441 1421 2502 l

180 2538 294 2612 (lomi,
323 2556 437 2597 rerum
468 2531 605 2595 militiae
636 2551 769 2616 quoque
798 2532 928 2595 dicendi
951 2535 1082 2618 copiam
1113 2540 1380 2622 praestemque
1411 2548 1421 2585 t

177 2622 308 2685 demum
329 2617 381 2680 vel
402 2616 503 2677 ardua
525 2614 704 2700 proclivius
733 2637 772 2677 eo
795 2616 1034 2693 conficiuntur,
1065 2618 1092 2681 si
1113 2621 1285 2684 modestia·
1302 2632 1379 2707 atque
1411 2634 1421 2693 t

134 2700 156 2767 b
178 2704 366 2789 integritate
387 2708 530 2783 superet.
576 2699 673 2776 Quod
695 2698 834 2761 maxime
856 2703 1024 2785 cognitum
1046 2724 1064 2764 e
1084 2713 1202 2767 nostro
1219 2706 1378 2789 Principe:

178 2808 275 2871 quem
296 2794 424 2857 tamen,
448 2804 513 2867 quo
536 2783 642 2844 minus
665 2783 773 2843 statim
797 2783 831 2843 in
852 2784 962 2847 hostes
984 2785 1066 2848 alios
1088 2785 1129 2847 ad
1160 2789 1294 2852 ltaliam
1316 2812 1379 2853 cons

136 2870 347 2943 Stenderet,
383 2867 488 2928 hiems
520 2886 633 2947 aspera
665 2866 857 2949 clausaeque
886 2868 985 2951 Alpes
1021 2867 1204 2933 tardavero.
1263 2870 1379 2935 Interim

176 2955 322 3028 Romae,
355 2958 514 3033 corrupto
547 2949 668 3034 vulgo,
699 2948 796 3010 simul
827 2951 1004 3036 Magnentii
1028 2952 1129 3027 odio,
1156 2955 1378 3028 Potentiaaus,

176 3047 323 3100 materna
354 3035 457 3112 stirpe
489 3033 602 3095 Flavio
627 3033 852 3116 propinquus,
885 3056 977 3097 caeso
1012 3037 1096 3097 Urbi
1117 3041 1315 3121 praefecto,
1334 3061 1380 3101 ar·

134 3130 327 3208 patrataque
348 3115 566 3200 gladiatorum
589 3139 707 3191 manu,
740 3117 927 3198 Imperator
947 3120 994 3181 fit.
1038 3118 1135 3183 Cuius
1159 3123 1320 3186 stolidum
1341 3124 1382 3184 iu·

148 3212 152 3221 '
202 3205 310 3266 eniam
331 3203 413 3263 adeo
434 3199 524 3285 plebi
545 3199 709 3262 Romanae
729 3199 948 3286 Patribusque
970 3203 1181 3280 exitio-fuit,
1205 3209 1259 3269 uti
1281 3209 1382 3290 passim

176 3227 294 3350 domus
307 3286 432 3360 ,'iora,
454 3284 546 3357 viae,
568 3284 754 3366 templaque
772 3304 892 3347 cruore
916 3307 953 3347 ac
975 3285 1188 3350 cadaveribus
1210 3294 1381 3375 oppleren-

174 3376 251 3444 tur,
281 3370 455 3441 bustorum
486 3364 597 3428 modo.
650 3369 765 3451 Neque
794 3389 858 3453 per
888 3390 960 3430 eum
982 3379 1128 3447 tantum,
1159 3373 1382 3437 verumetiam

178 3451 407 3515 advolantibus
437 3449 697 3533 Magnentianis3
728 3449 785 3533 qui
815 3451 983 3515 tricesimo
1016 3450 1091 3528 die,
1119 3456 1237 3519 triduo
1271 3459 1380 3530 miuus,

136 3531 156 3599 8
176 3534 564 3621 bostemperculerant..
592 3533 655 3594 Sed
677 3534 740 3592 iam
763 3534 874 3606 antea,
891 3557 992 3620 quum
1014 3539 1139 3599 externi
1155 3548 1269 3603 motus
1284 3562 1394 3622 sospes

176 3622 367 3699 ctareutur,
384 3615 592 3702 ‚Magnentius
612 3616 710 3677 fratri
732 3617 893 3678 Decentio
920 3619 1041 3682 Gallias
1054 3666 1062 3693 ,
1077 3623 1298 3689 'Constantius
1318 3621 1380 3687 Gal

177 3702 238 3780 lo,
259 3703 353 3781 cuius
374 3723 494 3777 nomen
516 3722 573 3762 suo
596 3707 799 3773 mutaverat,
824 3701 1017 3777 Orientem,
1041 3705 1235 3771 Caesaribus
1259 3703 1385 3773 comni·

141 3808 162 3876 9
183 3796 302 3851 terant.
345 3786 413 3869 Ipsi
436 3786 523 3846 inter
543 3805 578 3859 se
598 3783 782 3857 acrioribus
791 3785 932 3866 ,proeliis
946 3808 1008 3868 per
1020 3786 1201 3852 triennium
1217 3788 1386 3879 congressi,

183 3871 435 3945 cessaremus
469 3866 904 3949 Constantiusgtugientem
924 3869 970 3930 'in
1006 3868 1143 3935 Galliam
1179 3884 1385 3954 persecutus,

142 3946 274 4017 tov'ario
295 3953 408 4031 ambos
428 3950 592 4034 supplicio
619 3958 726 4012 semet
746 3951 855 4034 adegit
878 3951 1074 4018 interficere.
1116 3953 1160 4017 Et
1181 3961 1301 4024 interea
1323 3959 1387 4018 Iu.

151 4034 160 4071 '¹
182 4035 340 4115 ddeordm'
363 4036 509 4111 seditio,
525 4035 582 4116 qui
602 4034 783 4096 Patricium
807 4036 933 4099 nefarie
954 4036 988 4098 in
1009 4038 1100 4119 regni
1123 4042 1238 4123 specie
1257 4040 1388 4107 sustule-

143 4130 259 4184 urrant
271 4168 279 4197 ,
310 4120 493 4215 oppressas
520 4117 759 4202 Nequemulto
781 4127 858 4200 post¹
878 4121 921 4182 ob
944 4121 1109 4185 saevitiam
1132 4135 1235 4210 atque
1255 4125 1386 4190 animum

143 4208 331 4281 ratruce'm,
355 4203 624 4287 Gallualllu'gustl
646 4194 733 4263 iussu
755 4202 893 4264 interiit.
938 4205 987 4265 lta
1005 4205 1107 4291 longo
1130 4207 1319 4285 interutllo,
1337 4234 1387 4273 au*

181 4290 353 4375 n'u'msifarb
372 4286 753 4385 postseptuages'imum,
774 4284 876 4358 relata
897 4286 938 4348 ad
958 4311 1057 4350 unum
1076 4311 1153 4353 cura
1168 4294 1387 4378 Reipublicae.

143 4368 275 4452 tbQua'e
294 4372 557 4456 'redituumquieta
572 4391 596 4429 ·a
615 4368 704 4445 cirili
733 4370 975 4452 trepidatione,
997 4372 1128 4437 Silvano
1160 4377 1195 4439 in
1216 4378 1389 4463 imperium

141 4452 461 4533 iiicoaeto,'tentari
480 4464 595 4527 rursus
617 4462 799 4535 occeperat.
842 4453 874 4515 Ia
894 4470 1034 4538 namque
1051 4454 1224 4537 Silvanus,
1253 4462 1290 4526 in
1312 4462 1389 4526 Gal·
1414 4492 1418 4503 ·

142 4598 149 4607 .
183 4540 230 4617 lia
251 4546 342 4602 ortus
362 4532 512 4602 baia-baris
531 4538 743 4623 parentibus,
770 4535 886 4599 ordine
907 4536 1176 4623 militianusimul
1194 4554 1214 4606 'a
1238 4548 1390 4633 Magnen-

142 4624 149 4651 '
183 4622 234 4687 tid
256 4621 297 4688 ad
316 4618 790 4709 consumtum-mugram,
809 4620 962 4710 pedestre
987 4624 1030 4692 ad
1049 4624 1278 4717 magisterium
1304 4629 1391 4695 ado·
