2850 4958
153 226 201 382 sb
643 300 843 380 ,VELLEll

148 474 261 555 οἱῳιο,
283 466 422 532 sehss‘lem
439 472 506 531 nei
522 474 626 535 cesam
644 464 775 531 habebit
795 468 1017 551 Respublica?
1058 444 1157 531 Hauc
1170 452 1284 533 'hnem'
1302 458 1376 531 cla-

82 582 89 601 ·
151 554 299 617 rissimus
326 551 453 615 invenis
481 551 569 613 vitae
598 551 738 613 habuit:
772 553 865 613 cuius
891 572 1022 614 suoram
1043 553 1179 615 minime
1202 554 1380 615 omittatur

152 646 391 717 argumentum.
416 637 543 715 ‘Quum
567 633 755 697 aedificaret
775 633 911 697 domum
932 635 965 696 iu
996 634 1125 698 Palatio
1159 638 1192 698 in
1215 658 1254 698 eo
1277 634 1379 711 loco,

151 720 210 781 uhi
242 727 311 795 est,
344 739 428 805 quae
458 716 623 803 qnondam
652 714 953 793 Ciceronis,'mox
984 718 1156 781 Censorini
1176 720 1260 794 luit,
1292 742 1381 785 nunc

150 802 275 865 Statilii
304 804 459 867 Sisennae
488 810 552 870 est:
574 803 850 885 promitteretque
872 803 901 863 ei
925 802 1147 879 architectus,
1176 808 1228 865 ita
1248 826 1285 863 se
1306 826 1379 863 eam

151 886 424 968 aedificaturum,
456 896 492 947 ut
518 884 621 946 libera
651 907 674 944 a
704 897 896 965 conspectu,
930 890 1141 971 thensaurisque
1167 886 1379 949 acumethus

152 969 288 1032 arbitret
309 982 390 1034 essct
412 970 528 1054 [aeque
547 970 714 1053 postquam
735 972 769 1030 in
790 990 862 1030 eam
884 969 1044 1050 despicere
1055 972 1196 1053 posset];
1224 975 1273 1031 Tu
1287 990 1377 1044 uero,

153 1052 281 1136 inquit,
313 1053 442 1140 siquid
466 1059 500 1116 in
520 1062 553 1114 te
572 1054 663 1113 'creis
683 1062 752 1126 est,
775 1055 826 1113 s‘ta
846 1074 1001 1135 compone
1020 1053 1151 1114 domum
1171 1074 1301 1128 meam,
1323 1064 1378 1128 ut,

152 1136 309 1282 qus'dguid
326 1160 446 1223 agam,
469 1134 510 1196 ab
532 1135 678 1196 omnibus
694 1141 840 1218 perspici
852 1137 969 1220 possit.

194 1222 227 1282 X
261 1268 270 1285 .
303 1220 343 1283 In
373 1218 500 1303 legibus
528 1218 669 1280 Gracchi
699 1218 786 1281 inter
815 1218 1092 1306 perniciosissima
1114 1218 1378 1291 numeraverim,

155 1302 246 1391 qued
268 1312 360 1385 extra
381 1302 510 1365 Italiam
533 1300 679 1364 colonias
700 1303 824 1385 posuit.
867 1302 907 1364 ld
929 1302 1083 1376 maiores,
1106 1303 1379 1386 quusnvidercnt

153 1396 248 1451 tanto
270 1389 496 1472 potentiorem
518 1384 609 1469 Tyro
631 1386 884 1469 Carthaginem,
908 1385 1084 1447 Massiliam
1106 1386 1281 1460 Phocaea,
1308 1386 1330 1447 S
1355 1420 1376 1432 -

153 1492 286 1535 racanas
308 1469 493 1543 Corintho,
519 1467 673 1555 Cyzicum
694 1491 732 1537 ac
755 1470 947 1553 Byzantium
969 1468 1108 1543 Mileto,
1132 1467 1265 1552 genitali
1289 1408 1375 1541 soh),

154 1554 332 1639 diligenter
351 1554 554 1627 vitaverant,
586 1560 620 1613 et
640 1551 727 1614 cives
752 1554 918 1617 Romanos
946 1551 986 1615 ud
1008 1553 1204 1615 censendum
1227 1573 1265 1612 ex
1288 1574 1375 1635 pre-

155 1639 272 1701 viuciis
295 1640 330 1701 in
352 1636 481 1700 ltaliam
501 1645 749 1698 revocaverant.
791 1637 903 1700 Prima
925 1644 1034 1697 autem
1057 1645 1148 1698 extra
1168 1635 1301 1697 Italiam
1321 1656 1379 1699 cc·

154 1720 246 1785 lonia
270 1718 435 1804 Carthago
458 1717 591 1781 condita
614 1726 673 1781 est.
718 1722 809 1782 Mors
829 1720 929 1783 Drusi
961 1719 1174 1801 iampridem
1197 1725 1378 1781 tumescens

153 1804 279 1866 bellum
311 1804 465 1866 excitavit
496 1801 659 1865 Italicum.
702 1803 836 1887 Quippe
865 1804 903 1863 L.
936 1804 1072 1863 Caesare
1113 1811 1145 1865 et
1179 1802 1218 1864 P.
1251 1802 1377 1866 Rutilio

159 1888 249 1950 Coss.
278 1885 399 1949 abhinc
430 1905 531 1947 annos
563 1885 670 1959 CXX,
702 1887 853 1949 universa
874 1884 991 1958 ltalia,
1014 1906 1114 1968 quum
1137 1885 1171 1948 id
1192 1884 1316 1947 malam
1339 1884 1378 1949 ab

147 1969 329 2033 'Asculanis
351 1976 461 2031 ortum
483 1973 587 2040 esset,
610 1969 668 2050 qui
690 1971 732 2050 Q.
755 1968 931 2032 Servilium
946 1967 1159 2045 Praetorem,
1181 1968 1379 2032 Fonteium-

157 2072 223 2137 que
240 2052 384 2139 legatum
401 2049 616 2125 occiderant,
639 2071 677 2114 ae
697 2050 815 2114 deinde
831 2073 854 2135 ,a
876 2052 992 2114 Marsis
1016 2062 1187 2135 exceptum
1209 2054 1244 2114 in
1266 2072 1377 2115 omnes

156 2136 359 2220 penetrasset
390 2134 564 2218 regiones,
598 2156 688 2195 arma
717 2133 871 2198 adversus
896 2134 1062 2197 Romanos
1083 2136 1182 2218 cepit.
1226 2138 1379 2217 Quorum

153 2227 198 2282 'at
217 2221 352 2283 fortuna
383 2225 500 2294 atrox,
523 2214 574 2280 ita.
591 2240 701 2282 caussa
721 2219 787 2281 luit
808 2217 1001 2282 iustissima:
1021 2218 1181 2303 petebant¹
1199 2222 1379 2284 enimcum

158 2294 347 2378 civitatem,
376 2302 469 2364 cuius
499 2302 677 2382 imperium
707 2303 807 2365 armis
836 2303 1032 2366 tuebantur:
1060 2324 1123 2384 per
1150 2326 1259 2366 omues
1277 2324 1379 2365 annos

157 2397 257 2470 atque
278 2388 389 2447 emnia
408 2385 511 2458 bella,
534 2385 658 2467 duplici
674 2407 807 2447 numero
827 2409 861 2448 se
882 2386 1022 2447 militum
1043 2386 1377 2471 equs‘tumqnefuagi,

158 2492 258 2555 neque
278 2472 311 2531 ia
341 2473 409 2530 eius
427 2472 571 2535 civitates
590 2473 641 2529 ius
661 2472 784 2550 recepi,
806 2492 889 2555 quae
904 2492 965 2550 per
986 2493 1040 2531 eos
1060 2473 1095 2533 s'n
1115 2470 1152 2530 id
1168 2474 1273 2552 speum
1293 2494 1377 2553 per·-

157 2550 508 2633 uemhsetsastsgium,
532 2576 575 2614 eac
595 2573 658 2636 quo
680 2549 823 2613 kenuines
844 2551 983 2613 eiusdem
1004 2564 1037 2615 et
1053 2556 1163 2634 gentis
1184 2567 1215 2614 et
1237 2558 1377 2637 sangui-

152 2638 230 2709 nis,
253 2644 291 2695 ut
310 2646 464 2696 externos
476 2635 669 2721 ‚alienosque
681 2635 864 2713 „fastidire
880 2647 1013 2718 posset¹¹
1035 2636 1074 2699 ld
1097 2635 1220 2698 bellum
1241 2638 1379 2719 amplias

151 2715 240 2780 ’000
260 2715 364 2786 millia
386 2717 562 2780 iuventutis
584 2717 720 2781 Italicae
741 2715 887 2781 abstulit.
913 2716 1109 2782 'Clarissimi
1132 2726 1238 2781 autem
1265 2720 1377 2804 impe-

158 2809 288 2865 ratores
314 2802 450 2876 luerunt
473 2799 613 2862 Romani
640 2821 679 2864 eo
700 2800 813 2877 hello,
836 2802 894 2864 Cn.
915 2802 1116 2887 Pompeius,
1140 2803 1199 2865 Cn.
1222 2802 1377 2889 Pompeii

161 2884 273 2970 Magni
300 2893 418 2970 pater,
447 2882 483 2946 0.
505 2884 651 2958 Marius,
678 2882 719 2946 de
747 2907 813 2969 quo
835 2885 1079 2969 praediximus,
1101 2887 1138 2947 L.
1161 2885 1270 2963 Sulla,
1291 2908 1376 2961 anne

160 2977 236 3031 ante
255 2968 416 3032 Praetura
442 2969 594 3043 functus,
617 2969 660 3048 Q.
682 2969 848 3043 Metellus,
869 2969 1036 3033 Numidici
1059 2970 1167 3044 filius,
1191 2970 1248 3054 qui
1270 2972 1377 3033 meri-

159 3058 232 3114 tum
258 3070 441 3137 cognomen
468 3050 523 3114 Pii
551 3061 744 3116 consecutus
776 3061 858 3115 erat.
900 3054 1033 3136 Quippe
1054 3051 1223 3136 expulsum
1247 3053 1378 3117 civitate

153 3144 180 3199 'a
201 3134 239 3198 L.
262 3136 440 3199 Saturnino
454 3180 462 3209 ,
478 3135 630 3198 Tribuno
651 3136 770 3220 plebis,
792 3136 882 3220 quod
903 3136 991 3197 solus
1013 3136 1046 3197 in
1067 3137 1155 3220 leges
1178 3140 1246 3199 eius
1269 3138 1392 3201 lucrare.

159 3218 335 3293 noluerat,
356 3220 479 3301 pietate
500 3241 579 3294 sua,
602 3221 799 3281 anctoritate
819 3220 978 3291 Senatus,
1001 3238 1160 3281 consensu
1181 3221 1299 3303 populi
1316 3222 1378 3285 Ro·

161 3301 272 3375 inani,
294 3300 442 3364 restituit
460 3311 600 3384 patrem.
630 3300 699 3363 Nec
719 3301 897 3385 triumphis
918 3300 1181 3386 honoribusque,
1205 3327 1302 3385 qaam
1324 3315 1379 3368 unt

162 3384 274 3446 mussa
295 3380 386 3444 exilii
409 3391 466 3443 aut
487 3380 601 3453 exsilio
623 3390 680 3444 aut
700 3381 809 3443 reditu
821 3398 838 3458 ,'
852 3382 976 3445 clarior
998 3385 1062 3446 fuit
1083 3387 1289 3450 Numidicus.

157 3488 160 3493 ·
201 3462 298 3526 xv1.
325 3463 519 3527 Italicorum
543 3472 650 3541 autem
671 3466 806 3526 fuerunt
827 3465 1033 3529 celeberrimi
1057 3470 1179 3545 duces,
1209 3470 1280 3535 Silo
1301 3470 1377 3536 Po-

161 3546 321 3639 paedins,
343 3546 464 3611 Herios
485 3543 638 3621 Asinius,
660 3548 799 3612 Insteius
832 3552 936 3626 Cato,
959 3552 995 3614 C.
1027 3552 1220 3629 Pontidius,
1244 3554 1377 3619 Telesi-

161 3651 224 3695 nus
253 3630 412 3709 Pontius,
449 3632 573 3695 Marius
600 3628 776 3717 Egnatius,
812 3633 936 3712 Papius
965 3637 1112 3702 Mutilus.
1166 3638 1296 3722 Neque,
1318 3660 1377 3726 ego
1419 3620 1421 3701 f

162 3714 378 3791 verecundia,
407 3712 577 3789 domestici
600 3716 765 3801 sanguinis
786 3717 911 3797 gloriae
936 3718 1136 3805 quidquam,
1158 3719 1236 3785 dum
1264 3743 1380 3789 serum

163 3800 297 3875 refero,
324 3796 534 3881 subtraham
565 3799 688 3885 quippe
708 3798 848 3865 multum
870 3802 998 3865 Minutii
1029 3808 1150 3893 Magii‚
1184 3802 1378 3880 atavi‘mci,

163 3880 645 3957 Aeculanensis‚'tribueudum
667 3892 715 3946 est
736 3883 926 3960 memoriae,
948 3888 1005 3971 qui
1027 3908 1129 3973 nepos
1150 3889 1247 3952 Decii
1262 3888 1378 3971 Magii,

165 3964 417 4051 Campanorum¹
434 3966 618 4053 principis,
650 3967 857 4033 celeberrimi
879 3979 913 4035 et
933 3971 1112 4034 fidelissimi
1134 3972 1221 4047 viri,
1252 3978 1379 4035 tantam

164 4044 339 4111 bochello
359 4048 514 4137 Romanis
535 4050 631 4127 fidem
652 4054 838 4135 praestitit,
861 4062 898 4115 ut
919 4076 993 4117 cum
1013 4054 1164 4139 legione,
1187 4077 1283 4139 quam
1307 4057 1380 4137 ipse

153 4128 200 4221 ‚in
219 4126 380 4214 *Hirpinis
410 4136 672 4223 conscripserat,
705 4137 945 4200 Herculaneum
976 4138 1073 4203 simul
1105 4160 1176 4201 cnm
1211 4139 1252 4203 Τ.
1273 4140 1378 4204 Didio

163 4224 320 4301 caperet,
340 4216 519 4301 Pompeios
540 4232 614 4282 'cum
636 4217 673 4281 L.
697 4217 786 4280 Sulla
808 4229 1040 4304 oppugnaret,
1067 4222 1248 4322 Coeumque
1270 4246 1378 4287 occu-

163 4309 268 4443 plaret.
314 4301 412 4364 Cuius
438 4300 479 4365 de
505 4300 682 4367 virtutibus
704 4302 804 4387 quasis
826 4302 895 4376 alii,
918 4310 988 4364 tum
1008 4307 1148 4369 maxime
1168 4305 1314 4371 dilucide
1335 4310 1378 4387 Q.

198 4385 360 4449 artensius
380 4384 416 4449 in
434 4385 615 4451 Annalibus
636 4387 701 4449 suis
722 4383 847 4449 retulit.
895 4386 993 4449 Cuius
1015 4387 1064 4450 illi
1086 4389 1242 4474 [illustri]
1262 4390 1380 4471 pietati

161 4464 293 4547 plenam
312 4467 455 4555 populas
476 4468 640 4534 Romanas
660 4467 798 4553 gratiam
819 4466 954 4543 retulit,
979 4470 1085 4555 ipsum
1105 4474 1231 4536 viritim
1246 4474 1380 4537 civitate

164 4548 341 4627 donando,
363 4553 446 4617 duos
463 4550 549 4617 tilios
581 4554 650 4615 eius
672 4548 812 4616 creando
833 4552 1030 4631 Praetores,
1052 4576 1158 4639 quum
1179 4558 1246 4620 seni
1268 4555 1379 4620 adhuc

164 4642 367 4702 crearentur.
411 4634 494 4704 Tam
521 4636 613 4703 varia
644 4643 742 4722 atque
771 4644 867 4704 atrox
896 4638 1030 4705 furtum
1054 4638 1162 4710 Italici
1185 4638 1264 4709 belli
1289 4641 1377 4718 tuit,
