2850 4958
69 226 110 315 ''-
352 366 355 371 ι
514 209 839 343 aaaviamun.
959 369 962 373 .
1096 217 1098 223 ’
1215 290 1287 370 299
1372 278 1374 283 ¹

71 443 204 499 menter
235 441 449 516 provocatae,
476 440 714 514 pervenerunt,
752 441 784 496 et
813 433 872 496 sub
905 433 1104 521 Vespasiano
1136 404 1298 519 principe,

71 519 264 592 Insularum
290 517 462 597 provincia
482 518 567 577 facta
587 527 646 578 est.

76 632 82 643 ·
117 604 176 663 xl.
208 599 457 681 Pamphyliam,
493 600 648 680 Lyciam,
685 598 885 682 Phrygiam,
921 599 1097 674 Pisidiam,
1136 601 1285 674 Cariam,
1400 616 1410 635 ¹

69 685 257 759 Isauriam,
287 683 444 743 Servilius
477 682 683 756 Proconsul,
715 683 756 744 ad
786 684 908 745 bellum
938 686 1119 765 piratarum
1149 685 1285 757 missus,
1366 730 1368 735 .

73 769 237 835 obtinuit.
281 766 468 846 Bithyniam
490 765 633 826 defuncti
656 766 741 846 regis
763 766 950 827 Nicomedis
971 776 1161 828 testamento
1177 786 1285 827 sumus

69 850 231 913 adsecuti.
286 848 565 932 Gallograeciam,
605 848 638 909 id
670 858 735 917 est,
771 851 950 921 Galatiam,
981 853 1070 930 (sunt
1105 851 1212 922 enim,
1249 858 1287 910 ut

69 955 195 996 nomen
216 941 368 1008 resonat,
392 953 409 992 e
432 931 532 991 Gallis
555 931 701 1009 Galatae)
724 933 812 1015 quod
833 932 997 993 Antiocho
1022 943 1136 994 contra
1157 935 1287 1005 Roma-

69 1039 137 1079 nos
158 1015 316 1078 auxilium
340 1014 587 1097 praebuissent,
618 1014 802 1079 invasimus.
846 1016 984 1076 Manlius
1006 1016 1189 1081 Proconsul
1210 1016 1285 1085 Ca-

69 1099 152 1163 latas
173 1107 363 1183 persecutus
385 1106 453 1173 est,
478 1106 510 1159 et
530 1094 752 1180 confugientes
773 1100 894 1181 partim
917 1100 950 1160 in
974 1100 1172 1181 Olympum,
1197 1120 1285 1180 par-

69 1183 133 1245 tim
153 1185 188 1244 in
209 1183 380 1265 Magabam
401 1182 566 1254 montem,
589 1181 645 1264 qui
667 1204 751 1242 nunc
772 1183 940 1245 Modiacus
962 1182 1095 1255 dicitur,
1119 1183 1159 1244 de
1173 1181 1283 1242 arduis

69 1287 129 1328 eos
152 1266 188 1327 iu
207 1265 303 1348 plana
337 1263 496 1338 detrusit,
530 1264 698 1346 victosque
727 1265 973 1350 inperpetuum
1002 1288 1115 1348 pacem
1146 1265 1285 1346 redegit.

69 1348 193 1411 Postea
224 1348 383 1409 Galatiam
415 1347 592 1410 Deiotarus
621 1349 837 1422 Tetrarches,
870 1349 964 1409 nobis
995 1351 1282 1430 permittentibus,
1309 1412 1310 1416 ,

69 1429 189 1494 tenuit.
231 1431 284 1492 Ad
314 1439 494 1492 extremum
524 1430 584 1491 sub
618 1431 798 1494 Octaviano
831 1432 964 1494 Caesare
985 1435 1130 1515 Augusto
1156 1433 1284 1492 Galatia
1372 1496 1374 1501 s

73 1515 112 1575 in
140 1515 278 1576 formam
305 1513 496 1596 provinciae
523 1512 653 1575 redacta
684 1523 742 1577 est.
792 1515 871 1575 Eam
907 1516 1031 1598 primus
1064 1515 1186 1576 Lollius
1217 1535 1280 1598 pro

69 1597 231 1659 Praetura
261 1595 510 1658 administrarit.
555 1596 760 1679 Cappadoces
789 1599 897 1682 primo
926 1600 1284 1660 societatem'nostram

69 1680 133 1743 sub
154 1679 327 1742 Ariarathe
348 1702 425 1764 rege
446 1701 507 1762 per
527 1679 651 1762 legatos
672 1683 879 1761 petiverunt:
913 1689 1090 1764 posteaque
1112 1681 1281 1743 Ariobar-

69 1784 164 1824 zanes
186 1784 245 1825 rex
265 1749 494 1845 Cappadocum
515 1785 532 1821 a
557 1763 748 1825 Mithridate
771 1763 942 1846 expulsus,
976 1765 1197 1826 Romanorum
1219 1786 1282 1824 ar-
1347 1784 1364 1829 t

69 1849 130 1909 mis
152 1847 320 1908 restitutus
342 1858 407 1919 est3
429 1866 623 1930 semperque
644 1847 676 1907 in
692 1847 810 1908 auxilia
826 1856 936 1909 nostra
952 1850 1044 1910 fuera
1060 1847 1280 1931 Cappadoces,

68 1938 103 1992 et
123 1931 169 1990 ita
199 1930 398 1992 maiestatem
433 1927 565 1990 coluere
595 1930 795 2003 Romanam,
824 1938 861 1990 ut
888 1931 921 1991 in
952 1931 1110 1992 honorem
1142 1932 1281 2014 Augusti

69 2012 215 2075 Caesaris
236 2015 387 2087 Mazaca,
411 2010 524 2073 civitas
548 2013 772 2094 Cappadociae
794 2015 953 2086 maxima,
978 2015 1130 2075 Caesarea
1152 2037 1282 2075 nuncu-

69 2104 217 2179 paretur.
260 2096 432 2157 Postremo
461 2117 561 2176 quum
583 2098 642 2158 sub
673 2097 876 2178 Imperatore
899 2096 1034 2167 Claudio
1059 2097 1192 2159 Caesare
1214 2097 1283 2159 Ar-
1328 2096 1330 2101 ’

70 2177 204 2240 chelaus
234 2198 273 2239 ex
305 2177 522 2260 Cappadocia·
541 2179 678 2240 Romam
706 2179 867 2250 venisset,
900 2175 1012 2263 ibique
1043 2179 1099 2240 diu
1133 2180 1281 2241 detentus

71 2261 296 2334 occubuisset,
318 2263 352 2322 in
373 2262 564 2343 provinciae
585 2262 726 2343 speciem
750 2262 954 2344 Cappadocia
977 2262 1138 2344 migrarit.
1183 2264 1282 2325 Pon-

69 2354 142 2418 tus,
174 2365 235 2425 per
263 2345 457 2426 Pompeium
488 2345 575 2406 victo
607 2343 820 2418 Mithridate,
839 2347 928 2426 'rege
949 2347 1114 2418 Pontico,
1142 2346 1283 2409 formam

71 2428 263 2510 provinciae
284 2429 422 2511 accepit.
464 2426 721 2512 Paphlagoniam
743 2426 951 2509 Pylaemenes
972 2449 1048 2499 rex,
1074 2428 1195 2488 amicus
1217 2452 1283 2510 po-

71 2511 151 2594 pulo
179 2512 347 2584 Romano,
371 2512 494 2574 ¹tenuit.
538 2512 641 2593 Saepe
664 2532 703 2571 ex
724 2517 759 2570 ea
788 2509 921 2590 pulsus,
952 2531 1053 2592 regnu
1076 2532 1093 2569 a
1115 2511 1211 2571 nobis
1234 2525 1282 2575 est

74 2596 261 2658 restitutus:
295 2614 359 2677 quo
382 2603 536 2665 mortuo,
558 2593 729 2677 provincia
755 2591 1021 2674 Paphlagonibus
1042 2593 1194 2672 imposita
1220 2607 1279 2658 est.

112 2679 191 2738 Xll.
221 2675 316 2738 Ultra
338 2677 412 2760 iuga
435 2677 536 2738 Tauri
565 2678 703 2748 montis,
732 2675 1003 2757 quemadmodum
1029 2677 1174 2736 Romana
1194 2698 1281 2758 per-

70 2761 197 2825 rexerit
216 2760 399 2843 possessio,
427 2761 638 2843 consequenti
660 2759 811 2820 locorum
833 2759 953 2841 magis,
976 2781 1072 2841 quam
1094 2768 1280 2840 temporum

69 2852 199 2907 servata
218 2843 416 2926 digestione,
439 2844 686 2904 monstrabitur.
732 2841 921 2914 Antiochus,
944 2843 1058 2923 Syriae
1080 2863 1137 2903 rex
1157 2853 1280 2924 poten-

69 2929 235 3000 tissimus,
262 2927 384 2988 bellum
404 2926 614 2989 formidabile
634 2925 759 3006 populo
782 2926 926 2986 Romano
950 2925 1072 2986 intulit.
1117 2926 1279 2989 Trecenta
1342 2995 1349 3003 ,

69 3010 179 3074 millia
198 3018 398 3072 armatorum
428 3009 563 3070 habuit:
595 3009 720 3071 falcatis
743 3011 839 3070 etiam
869 3009 1018 3069 curribus
1042 3028 1079 3067 ac
1100 3007 1279 3087 elephantis

69 3093 179 3156 aciem
200 3093 375 3163 instruxit,
400 3112 418 3151 a
437 3091 600 3174 Scipione
617 3087 776 3165 Consule,
799 3093 901 3153 fratre
922 3091 1086 3174 Scipionis
1109 3089 1277 3165 Africani,

69 3179 109 3239 in
129 3175 205 3237 Asia
222 3175 314 3259 apud
345 3175 542 3257 Magnesiam
565 3176 691 3250 rictus,
721 3195 802 3253 pace
831 3183 982 3256 accepta,
1015 3175 1099 3235 intra
1131 3175 1278 3238 Taurum

69 3268 220 3322 montem
249 3276 387 3340 regnare
417 3259 591 3339 permissus
621 3268 679 3320 est.
723 3258 801 3320 Eius
827 3256 885 3318 filii
909 3257 969 3319 sub
992 3256 1140 3317 clientela
1161 3260 1276 3339 populi
1321 3259 1349 3323 “.

69 3343 212 3411 Romani
233 3363 369 3425 regnum
390 3339 506 3422 Syriae
526 3343 751 3408 retinuerunt:
778 3342 896 3422 quibus
917 3340 1089 3414 defunctis,
1111 3341 1281 3418 Syriarum

70 3424 256 3509 provinciis
282 3423 382 3506 potiti
414 3446 535 3487 sumus.
585 3426 700 3488 Cilices
734 3434 766 3486 et
793 3426 942 3496 lsauros,
977 3423 1033 3506 qui
1055 3444 1088 3483 se
1108 3426 1225 3506 piratis
1248 3436 1280 3487 et

72 3505 298 3591 praedonibus
317 3507 490 3570 maritimis
511 3511 702 3582 iunxerant,
726 3507 882 3569 Servilius
904 3506 1097 3572 Proconsul.
1120 3508 1159 3569 ad
1181 3531 1281 3591 prae-

74 3591 201 3653 donum
230 3588 350 3650 bellum
376 3591 513 3663 missus,
542 3593 690 3669 subegit„
723 3601 755 3653 et
782 3592 867 3652 viam
887 3612 948 3672 pcr
969 3590 1114 3652 Taurum
1135 3602 1279 3654 montem

69 3672 203 3758 primus
224 3672 387 3748 instituit·,⁴
415 3677 512 3758 isque·
528 3676 568 3736 dc
591 3676 748 3737 Cilicibus
770 3685 802 3737 et
822 3673 943 3735 Isauris
963 3673 1194 3755 triumphavit,
1225 3683 1278 3734 at-

71 3776 143 3841 que
163 3755 325 3817 Isauricus
346 3766 393 3821 est
413 3761 669 3841 cognominatus.

69 3900 72 3907 ,
115 3839 211 3902 Xlll.
245 3841 388 3922 Cyprus,
420 3843 540 3902 famosa
563 3841 707 3913 divitiis,
736 3846 962 3923 paupertatem
982 3838 1098 3920 populi
1118 3839 1278 3913 Romani,

69 3927 109 3985 ut
141 3933 379 4006 occuparetur,
411 3924 610 3999 sollicitavit.
658 3923 738 3985 Eam
766 3944 825 3984 rex
854 3923 1039 3984 foederatus
1072 3922 1278 3985 Ptolemaeus

69 4007 226 4090 regebat:
257 4005 313 4069 sed
344 4014 432 4067 tanta
462 4009 526 4069 fuit
545 4009 683 4090 penuria
703 4006 822 4068 aerarii
844 4005 1002 4075 Romani,
1025 4013 1059 4066 et
1078 4015 1144 4068 tam
1165 4004 1276 4082 ingens

69 4091 157 4152 fauna
178 4113 280 4175 opum
303 4089 509 4173 Cypriarum,
533 4101 569 4153 ut
589 4090 661 4174 lege
681 4089 746 4151 lata
766 4111 827 4172 per
846 4088 1000 4151 Publium
1015 4088 1178 4163 Clodium,
1193 4089 1281 4150 Tri-

69 4172 195 4235 bunum
216 4172 343 4257 plebis,
374 4173 500 4255 Cyprus
522 4173 693 4236 confiscari
714 4174 893 4237 iuberetur.
938 4174 1013 4251 Quo
1031 4183 1171 4256 >accepto
1192 4194 1281 4234 nun-

68 4255 143 4327 tio,
164 4277 222 4318 rex
243 4255 385 4338 Cyprius
405 4279 563 4320 venenum
585 4257 720 4330 sumsit,
744 4280 808 4340 quo
832 4259 931 4317 vitam
949 4258 1054 4339 prius,
1075 4279 1172 4340 quam
1194 4254 1282 4317 divi-

69 4337 157 4410 tias,
189 4341 364 4403 amitteret.
415 4341 494 4403 Cato
530 4342 664 4424 Cyprias
697 4362 775 4421 opes
803 4341 937 4402 Romam
968 4342 1103 4402 navibus
1131 4338 1281 4411 advexit3
1349 4411 1352 4416 Ι

69 4423 140 4491 ita,
162 4430 199 4482 ut
220 4423 269 4484 ius
292 4423 360 4485 eius
382 4423 505 4486 insulae
526 4425 653 4486 avarius
675 4424 795 4506 magis,
819 4447 913 4504 quam
938 4423 1074 4497 iustius,
1097 4424 1195 4485 simus
1216 4421 1284 4482 ad·
1387 4464 1399 4487 .

69 4502 204 4567 secasti
248 4509 410 4589 Cyrenas,
449 4530 522 4569 cum
553 4509 669 4570 ceteris
700 4507 885 4569 civitatlbus
916 4508 1038 4585 Libyae
1073 4503 1283 4587 Pentapolis,

69 4585 256 4655 Ptolemaei
286 4588 481 4674 antiquioris
501 4590 700 4657 liberalitate
720 4591 930 4678 suscepimus.
972 4591 1109 4674 Libyam
1130 4608 1283 4674 supramo
