2850 4958
161 270 215 357 9,
547 242 590 351 1,
622 242 808 365 aunan
834 245 982 343 suom

155 414 247 475 nium
280 407 491 485 Macedones,
522 406 692 471 affectator
719 406 883 493 quondam
906 409 1036 492 imperii
1059 409 1216 493 populus.
1264 411 1372 495 ltaque

157 496 302 581 quamvis
323 501 401 554 tunc
421 490 597 575 Philippus
618 492 960 575 regnopraeslderet,
984 492 1121 557 Romani
1143 503 1257 556 tamen
1281 492 1373 557 dimi-

114 576 136 639 3
158 602 232 642 care
250 577 313 641 sibi
334 599 409 639 cum
430 596 508 659 rege
531 575 715 651 Alexandro
733 574 938 639 videbantur.
984 576 1235 659 Macedonicum
1257 576 1373 643 bellua

115 660 289 743 duomine
310 660 469 743 amplius,
493 682 590 745 qaam
612 660 813 743 spectatione
836 661 939 743 geritis
962 661 1034 723 fuit.
1081 664 1198 723 Caussa
1221 661 1341 743 coepit
1358 648 1385 741 a*

155 744 291 809 foedere
324 743 497 825 Philippi,
535 765 601 843 quo
634 766 691 805 rex
729 744 922 824 iampridem
960 742 1254 807 dominantem-in
1286 744 1373 821 tulii

157 829 375 891 Hannibalem
394 826 460 913 sihi
483 836 684 891 sociaverat:
710 834 824 909 postea
846 828 967 900 crevit,
1000 826 1261 911 implorantibus
1286 825 1374 909 Athe,-

157 912 208 975 nis
228 912 385 975 auxilium
408 919 524 973 contra
545 910 631 995 regis
656 904 814 983 iniurias,
837 933 938 994 quum
960 910 1015 973 ille
1037 910 1122 973 ultra
1145 912 1195 973 ius
1217 910 1373 975 victoria

116 990 138 1057 5
161 994 194 1057 in
216 996 355 1081 templa,
379 1014 463 1069 aras,
486 1004 519 1056 et
539 991 688 1077 sepulcra
711 992 780 1093 ipsa
802 996 952 1056 saeviret.
985 994 1116 1057 Placuit
1129 994 1272 1057 Senatui
1289 1012 1373 1079 open

158 1079 258 1153 tantis
285 1081 374 1144 lerre
403 1076 619 1161 supplicibus.
669 1079 803 1157 Quippe
834 1078 900 1139 iam
931 1080 1076 1161 gentium
1109 1100 1224 1162 reges,
1262 1074 1372 1153 dueei',

117 1160 138 1225 6
160 1156 298 1245 populi,
326 1161 497 1234 nationes,
526 1159 690 1245 praesidia
715 1160 777 1223 sihi
801 1160 841 1221 ab
864 1161 1030 1229 hacurbe
1050 1162 1219 1243 petebant.
1266 1160 1373 1225 Primo

158 1246 282 1331 igitur,
315 1244 457 1309 Laevino
491 1244 654 1315 Consule,
686 1242 830 1328 populus
860 1244 1022 1306 Itomanus
1054 1244 1185 1307 lonium
1208 1266 1305 1307 mare
1324 1242 1374 1307 ia·

158 1350 306 1414 gressus,
328 1337 398 1391 tota
423 1327 579 1390 Graeciae
598 1326 714 1390 littora
736 1326 837 1395 veluti
860 1328 1078 1407 triumphanti
1101 1328 1203 1393 classe
1220 1346 1375 1413 peragro,-

116 1434 138 1501 7
158 1412 219 1475 vit.
261 1411 376 1496 Spolia
397 1410 521 1511 quippe
541 1408 694 1485 Siciliae,
717 1410 906 1487 Sardiniae,
930 1412 1119 1494 Hispaniae,
1142 1410 1280 1473 Africae
1293 1408 1375 1493 prae}

158 1496 308 1571 ferebat,
332 1505 364 1559 et
385 1499 587 1559 manifestam
607 1494 783 1575 victoriam
804 1502 878 1555 nuta
900 1494 934 1555 in
956 1496 1123 1575 praetoria
1143 1494 1250 1576 puppi
1272 1492 1374 1557 lauret

118 1576 391 1665 Spollicchatur.
436 1577 561 1641 Aderat
580 1587 697 1657 sponte
720 1578 754 1639 in
776 1578 933 1641 auxilium
954 1578 1101 1652 Attalus,
1124 1598 1182 1638 rex
1204 1578 1376 1655 Pergama·
1419 1590 1421 1653 ζ

161 1684 302 1747 noram:
332 1661 467 1725 aderant
488 1660 622 1735 Rhodii,
644 1660 795 1745 nauticus
815 1660 980 1745 popular,
1002 1662 1058 1744 qui
1081 1660 1217 1723 navibus
1231 1656 1374 1741 [obvias]
1419 1676 1421 1683 ⁴

119 1748 305 1833 pemani,
339 1744 459 1808 Consul
481 1770 499 1807 a
520 1744 639 1819 terris,
673 1744 782 1805 omnia
805 1746 903 1829 equis
933 1744 1079 1829 virisque
1101 1744 1288 1829 quatiebat.
1329 1740 1374 1811 tis

124 1892 129 1907 f
159 1828 264 1909 victus
298 1851 376 1903 rex,
407 1829 458 1890 bis
485 1832 635 1911 fugatus,
667 1828 719 1897 bis
745 1836 860 1903 exutus
882 1829 1016 1890 castris:
1042 1850 1143 1913 quum
1164 1836 1280 1891 tamen
1300 1822 1374 1890 nihil
1419 1820 1421 1841 ¹

123 1918 126 1923 '
161 1912 344 1997 terribilius
365 1910 600 1975 Macedonibus
628 1911 692 1972 suit
716 1910 788 1989 ipso
811 1910 982 1974 vulneram
1009 1912 1184 1995 adspecta:
1209 1932 1299 1995 quae
1317 1928 1375 1971 non
1419 1982 1421 1993 Ι

161 1994 317 2077 spieulis,
350 2017 415 2056 non
444 1994 587 2078 sagittis,
618 1992 769 2067 necullo
793 1993 957 2057 Graeculo
980 1990 1093 2068 ferro,¹
1116 1992 1172 2055 sed
1195 1992 1374 2079 ingentibus
1418 1996 1421 2073 j

161 2070 260 2159 pilis,
293 2100 353 2139 neo
380 2077 563 2140 minoribus
594 2075 707 2137 adacta
740 2075 878 2161 gladiis,
912 2078 1000 2139 ultra
1036 2086 1175 2139 mortem
1210 2072 1373 2163 patebant.
1418 2092 1421 2101 ·

116 2148 338 2235 .ἰοΕ,ηἰηινετο
361 2160 524 2223 Flaminio
551 2161 632 2222 duce
655 2160 757 2221 invios
778 2170 873 2229 antea
895 2162 1063 2235 Chaonum
1087 2168 1232 2235 montes,
1258 2160 1385 2223 Aoum·¹

54 2274 55 2279 ¹
165 2267 229 2330 que
249 2267 373 2307 amnem
396 2264 456 2325 per
478 2244 618 2323 abrupta
640 2242 831 2321 cadentem,
861 2246 981 2329 etipsa
1007 2242 1218 2323 Macedoniae
1244 2244 1376 2307 claustra

125 2329 426 2413 npeuetravimus⁸¹
468 2330 627 2409 Introisse
659 2325 800 2389 victoria
833 2328 908 2390 luit.
951 2330 1033 2389 Num
1070 2350 1249 2409 numquam
1277 2332 1376 2412 postas

120 2452 123 2459 ·
166 2434 260 2483 ausus
289 2412 446 2497 congredi
478 2433 547 2475 rex.
592 2408 643 2483 Ad
664 2410 831 2487 tumulos,
855 2433 938 2495 quos
962 2408 1224 2495 Cynoscephalas
1248 2410 1375 2491 vocant,

119 2498 254 2570 tanao,
276 2515 313 2556 ac
335 2516 376 2555 ne
399 2496 464 2559 hoc
487 2492 727 2579 quidemiusto
753 2494 885 2579 prestio
919 2494 1133 2578 opprimitur.
1166 2490 1213 2569 Et
1234 2492 1288 2556 illi
1312 2492 1378 2577 qai-
1417 2562 1421 2571 ι

166 2578 241 2649 dem
264 2576 383 2641 Consul
406 2602 518 2662 pacem
544 2576 656 2651 dedit,
686 2578 890 2663 regnumque
911 2577 1092 2661 concessit:
1122 2598 1222 2655 mop,
1245 2570 1378 2659 nequid
1415 2612 1421 2637 ι

123 2696 150 2737 ,-
168 2668 252 2741 esset
278 2660 418 2737 hostile,
452 2661 598 2737 Thebas,
628 2669 661 2720 et
680 2660 875 2739 Euboeam,
908 2670 940 2722 et
955 2669 1156 2747 ¹grassantem
1178 2660 1238 2722 sub
1263 2654 1378 2731 Nabide
1413 2660 1421 2685 “’

124 2739 227 2808 ¹13suo
257 2744 498 2823 Lacedaemona
530 2742 744 2821 compescuit.
797 2744 953 2807 Graeciae
981 2766 1059 2823 uero
1090 2752 1235 2817 veterem
1273 2752 1379 2819 statues

122 2866 127 2877 ·
170 2825 336 2900 reddidit,
367 2839 403 2889 ut
428 2828 555 2913 legibus
583 2828 815 2905 viveretauis,
850 2834 882 2889 et
908 2828 994 2889 avita
1021 2826 1178 2901 libertate
1206 2828 1390 2913 feneratum,

131 2910 262 2991 rdQuae
284 2910 422 2993 gaudia,
446 2933 529 2997 quae
550 2908 803 2991 vociferationes
827 2912 980 2986 fucrant,
1003 2933 1102 2997 qaum
1125 2908 1192 2995 hoe
1211 2912 1305 2985 ,l'orte
1323 2910 1381 2971 lle-

170 2994 261 3075 meae
283 2996 317 3057 in
347 2996 476 3058 theatro
515 2980 811 3079 quinquennelibus
842 2994 928 3057 ludis
951 2990 1170 3077 apramonus>
1191 2974 1379 3065 caneretur?
1416 3008 1421 3017 '

120 3137 125 3149 ,
172 3076 247 3155 Quo
266 3087 435 3143 certavere
466 3074 603 3163 plausa?
637 3078 727 3157 Quid
750 3080 872 3157 florum
901 3077 934 3139 iu
956 3076 1131 3145 Consulem
1151 3076 1380 3160 profuderuntt

133 3154 355 3239 addititerum
368 3164 563 3247 'iterumque
583 3182 780 3245 praeconem
803 3169 955 3243 repetere
976 3158 1066 3232 illam
1087 3182 1200 3249 vocem
1219 3158 1381 3235 iubebant·

123 3284 130 3329 t
173 3267 237 3331 qua
262 3243 397 3307 libertas
425 3246 569 3319 Achaiae
623 3244 901 3329 roeuueiabatur:
928 3264 989 3305 nec
1016 3242 1114 3321 aliter
1143 3238 1197 3315 illa
1228 3240 1382 3325 eonselari

174 3324 354 3407 saptentiae,
376 3326 573 3413 qaam'mod
610 3326 754 3411 atissimo
777 3326 888 3411 aliquo
907 3324 1149 3409 ¹tibiarum-aut
1169 3324 1287 3407 fidium
1309 3323 1383 3391 osh-

162 3410 216 3491 'tu
233 3408 444 3495 fruebantur.

604 3585 724 3651 CAP
746 3588 779 3653 U
800 3588 829 3661 Τ
872 3583 968 3687 vlu,

487 3718 609 3764 ananau
627 3722 789 3781 senisenni
809 3722 898 3765 aecta
921 3724 1084 3767 aaarocar.
1175 3714 1177 3719 '

131 3834 159 3899 ,1
222 3805 449 3895 Macedoniam
475 3814 551 3877 Asia
572 3819 698 3893 statim,
727 3825 759 3878 et
773 3838 816 3881 're
840 3838 888 3879 em
910 3810 1104 3905 Philippum
1125 3817 1310 3907 Aptioehus
1328 3836 1392 3879 ex-

134 3912 137 3917 '
183 3890 288 3985 cepit,
310 3898 475 3991 [quodam
489 3904 594 3993 casu,]
615 3901 707 3997 quasi
724 3900 769 3969 ¹de
791 3838 951 3981 {nieustria
971 3902 1018 3973 sic
1040 3900 1286 3991 adgubeenante
1302 3902 1392 3965 For-

183 3986 282 4054 tuna,
310 3992 347 4045 ut
367 3982 639 4068 quemadmodum
660 3984 699 4046 ah
723 3978 835 4061 Afriea
856 3984 891 4047 in
915 3984 1107 4069 Europam,
1129 3987 1237 4073 sic,pb
1261 3986 1393 4081 Europa

186 4064 220 4127 in
241 4063 371 4140 Asiam,
394 4066 483 4129 ultro
505 4088 539 4129 se
559 4068 806 4153 suggerentibus
823 4068 968 4144 saumis,
989 4068 1164 4150 imperiu'in
1184 4070 1391 4154 procederet,

187 4158 313 4210 etcum
342 4158 504 4211 terrarum
533 4152 624 4215 orbis
652 4152 759 4217 situi
783 4174 823 4221 se¹
848 4152 931 4219 ordo
967 4153 1180 4214 victoriarum
1215 4156 1392 4237 navigarat-

145 4251 166 4295 s
186 4233 261 4293 Non
281 4231 370 4295 aliud
390 4233 637 4296 formidolosius
659 4236 743 4297 fama
762 4173 885 4298 hellam
907 4236 991 4308 fuit3
1014 4237 1137 4325 quippe
1153 4260 1253 4320 quum
1268 4238 1393 4309 Persas,

188 4324 220 4375 et
238 4314 425 4391 Orientem,
441 4318 570 4380 Xerxen
591 4327 688 4401 atque
711 4320 848 4381 Darium
869 4315 1071 4397 'cogitamen
1105 4318 1396 4403 quandoperfossi
1419 4372 1421 4382 .

129 4396 168 4471 ,5
188 4397 269 4479 iayii
290 4408 437 4475 montes,
460 4400 595 4485 quando·
612 4402 691 4479 velis
712 4411 865 4487 opertpap
887 4396 979 4487 mare
997 4404 1219 4484 neinoiapeturt
1260 4404 1313 4485 Ad
1335 4406 1396 4467 hoc

166 4480 343 4559 ,coelestes
373 4481 480 4547 minae
507 4484 720 4559 territabant,
750 4506 849 4575 quum
880 4483 1020 4555 humore
1047 4487 1205 4563 continuo
1237 4490 1397 4567 Cumanus

134 4630 137 4637 -
174 4564 316 4659 teda
332 4561 474 4661 sedat·
495 4564 1396 4667 ..sum«attentassemsummae.»-aa
