2850 4958
158 290 228 383 m
334 276 494 360 orreo
525 274 706 355 cenans
729 276 851 356 non.
878 276 987 354 can.
1018 251 1052 356 i.
1077 298 1114 354 u
1137 245 1188 357 s
1228 214 1233 220 ’
1344 208 1347 217 ’

106 462 134 532 7·
146 440 257 519 libro,
279 442 336 527 qul
360 443 537 525 inscriptus
557 446 626 517 eu,
658 442 710 503 De
734 443 868 524 Origine
893 443 1070 508 Patavina.
1112 437 1236 526 ltaque
1254 454 1343 519 nunt,

145 531 290 609 prtinus,
318 547 357 588 ex
381 547 416 587 ea
438 547 570 610 quoque
590 524 827 608 significatione
849 533 907 600 est,
931 536 1031 606 equa
1054 523 1137 586 illud
1158 526 1193 587 in
1217 524 1342 589 aecuadl

149 609 328 683 ¹Aeneidos,
362 608 403 670 de
431 609 675 670 enumeratione
702 628 838 680 eorum,
867 606 923 689 qui
946 628 1030 690 equo
1051 608 1160 671 Durio
1184 608 1343 692 digredie-

106 692 278 758 8bantur.
321 694 403 753 Nam
424 712 524 775 quum
544 691 741 753 nominasset
761 690 1014 764 Thessandrum,
1038 691 1247 764 Sthenelum,
1269 691 1343 772 Uly-

147 795 243 848 xem,
264 775 451 849 Acamanta,
473 774 633 848 Thoanta,
652 773 925 855 Neoptolemum
974 783 1024 835 ost
1038 772 1161 848 intulit,
1174 780 1345 857 primusque

106 885 127 948 9
149 857 319 920 Machaon.
361 862 412 920 De
433 879 499 942 quo
522 856 635 940 quaeri
656 865 782 938 potest,
816 795 982 939 quomodo
1005 866 1115 938 potest
1131 863 1261 938 prr'rnus
1280 857 1342 931 dici,

147 950 223 1024 post
248 950 378 1014 tantos,
401 943 458 1023 qui
479 961 576 1023 supra
598 940 678 1001 dieti
700 935 797 1000 aunt?
827 942 950 1002 Verum
975 940 1197 1024 intelligemus
1219 944 1342 1020 primun

148 1044 212 1106 pro
242 1024 411 1107 principe,
443 1023 495 1087 vel
524 1023 600 1106 qaia
632 1022 658 1083 is
688 1021 728 1084 ad
748 1025 929 1104 perfectum
956 1021 1021 1083 illis
1043 1024 1342 1101 temporibus'eircr

146 1106 298 1189 peritiam
320 1105 465 1169 medicae
487 1108 565 1167 artis
587 1105 783 1187 praecipuus
803 1107 902 1166 fuisse
922 1104 1077 1167 traditur.
1353 1178 1358 1187 ¹

189 1190 232 1253 ll.
259 1188 323 1250 Sed
344 1198 380 1250 ut
401 1189 441 1250 ad
462 1191 671 1271 prepositum
694 1198 907 1260 revertamur,
923 1191 1034 1249 ferunt
1048 1190 1218 1261 Creusam,
1234 1184 1344 1248 Erech·

146 1270 237 1344 tbei,
266 1272 351 1356 regis
377 1271 642 1346 Atheniensium,
670 1271 769 1333 filiam
797 1270 1088 1354 speciosissimam,
1111 1266 1343 1353 stupratem'sl

146 1355 321 1437 Apolline,
343 1356 469 1418 enixam
495 1377 656 1438 puerum,
690 1375 829 1437 eumque
858 1353 1006 1436 Delphos
1041 1355 1120 1415 olim
1155 1350 1358 1430 educando!¹

143 1449 215 1499 esse
235 1439 389 1511 missum;
411 1438 515 1521 ipsam
536 1458 615 1500 vero
641 1458 660 1497 a
685 1447 800 1517 patre,
822 1438 957 1499 istarum
978 1458 1088 1499 rerum
1103 1434 1231 1510 nescio,
1247 1434 1343 1497 Xutho

105 1521 276 1591 aonidum
296 1521 410 1583 comiti
439 1521 641 1588 collocatam.
680 1520 729 1583 Ex
751 1542 815 1603 qua
839 1543 938 1603 quum
964 1518 1019 1581 ille
1044 1528 1139 1602 pater
1158 1542 1229 1581 non
1248 1524 1344 1602 pone

120 1604 313 1677 existere,
344 1603 503 1686 Delphos
540 1626 612 1666 eum
652 1605 784 1685 petiisse
824 1605 863 1665 ad
900 1603 1132 1664 consulendum
1166 1601 1342 1677 oraculum,

145 1687 313 1769 quomodo
339 1697 435 1770 pater
462 1686 532 1750 fieri
556 1698 678 1769 posset.
722 1687 807 1747 Tum
834 1687 883 1750 illi
915 1687 1011 1747 deum
1037 1685 1268 1768 respondisse,
1298 1692 1342 1759 nt,

101 1767 241 1853 &quem
264 1779 399 1851 postero
425 1769 478 1831 die
500 1770 629 1833 obviam
655 1770 836 1843 habuisset,
863 1791 936 1830 eum
950 1770 1013 1830 sihi
1029 1767 1217 1851 adoptaret.
1243 1769 1344 1851 ltaque

144 1853 396 1932 supradictum
426 1874 585 1936 puerum,
618 1856 674 1936 qui
705 1875 744 1914 ex
775 1852 929 1934 Apolline
957 1852 1083 1928 genitus
1108 1861 1199 1924 erat,
1228 1852 1344 1914 obviae

101 1933 125 2012 4
146 1935 193 1997 illi
217 1936 335 2008 fuisse,
359 1957 498 2017 eumque
518 1935 720 2018 adoptatum.
765 1937 873 2013 Quum
895 1934 1109 2007 adolevisset,
1131 1955 1201 1995 non
1227 1943 1345 1995 conten·

145 2026 213 2079 tum
235 2017 344 2098 patrio
370 2038 471 2100 regno
498 2040 706 2102 eum-magna
740 2018 839 2080 classe
860 2019 894 2078 in
923 2019 1049 2080 ltaliam
1078 2017 1268 2090 devenisse,
1291 2038 1343 2078 oe·

145 2110 331 2182 cupntoque
363 2108 493 2174 monte,
526 2100 641 2162 urbem
674 2100 795 2162 ibidem
828 2104 1050 2176 constituisse,
1076 2120 1220 2184 eamque
1239 2120 1279 2161 ex
1296 2118 1344 2164 aaa

144 2182 277 2244 nomine
300 2181 483 2244 Ianiculum
504 2184 760 2266 cognominasse:
1218 2238 1222 2245 .

185 2266 248 2326 111.
280 2265 387 2350 Igitur
415 2267 494 2326 lano
524 2275 678 2347 regnante
703 2265 788 2348 apud
811 2266 978 2344 indigenas
1006 2267 1102 2329 rades
1127 2265 1349 2347 incultosqae,

143 2345 320 2422 Saturnus,
354 2369 454 2429 regno
486 2352 666 2432 profugus,
699 2372 798 2432 quum
828 2352 861 2409 in
882 2351 1009 2412 ltaliam
1032 2349 1197 2423 venisset,
1219 2349 1348 2432 henigne

144 2441 297 2512 exceptus
319 2431 467 2512 bospitio
493 2443 561 2506 est3
586 2433 698 2514 ibique
717 2433 805 2494 haud
826 2433 945 2515 procul
966 2457 982 2494 a
1004 2432 1152 2493 Ianiculo
1172 2450 1346 2493 areernsut

102 2533 123 2576 a
143 2518 275 2577 nomine
300 2515 483 2576 Saturniam
506 2518 688 2578 constituit.
732 2517 829 2599 Isque
852 2517 976 2596 primus
1007 2515 1246 2600 agriculturam
1271 2514 1347 2576 edo»

144 2599 235 2671 enit,
257 2598 411 2679 ferosque
433 2597 581 2659 homines
606 2609 637 2659 et
658 2608 753 2680 rapto
776 2600 885 2660 rivere
909 2589 1058 2661 hdsuetos
1079 2596 1120 2660 ad
1135 2599 1349 2682 composita*

144 2682 243 2743 vitam
266 2680 388 2741 eduxit.
432 2681 527 2742 Unde
550 2682 709 2765 Virgilius
731 2684 763 2743 in
787 2691 901 2742 octavo
926 2684 1057 2744 sinuit:
1189 2739 1191 2744 .

182 2770 274 2826 Haec
297 2786 430 2825 nemora
452 2765 620 2846 indigenae
643 2770 749 2825 Fauni
770 2763 996 2851 Nymphaeque
1019 2764 1194 2840 tenebant,
1298 2764 1300 2768 Α

95 2866 104 2877 ’·
187 2852 331 2929 (iensque
353 2853 475 2919 uirum,
501 2853 623 2908 truncis
646 2862 676 2908 et
703 2849 782 2907 duro
807 2849 924 2908 robore
945 2860 1043 2910 nata.-
1131 2881 1136 2889 ·

190 2935 285 3012 Queri
308 2953 407 3015 neque
433 2952 503 2990 mos
525 2953 624 3015 neque
649 2932 753 2991 cultus
777 2944 865 2991 erat.-
888 2953 945 2992 nec
968 2937 1102 3013 iungere
1123 2941 1268 3007 tauros,

132 3038 137 3050 ·
181 3018 252 3076 Aut
276 3036 465 3092 componere
487 3035 562 3094 oper
581 3027 718 3088 norant,
744 3027 802 3074 aut
821 3037 958 3095 parcere
976 3026 1097 3096 parto:

146 3164 148 3169 ,
182 3096 245 3157 Sed
262 3105 351 3156 rami
371 3109 468 3180 atque
490 3117 585 3178 asper
606 3103 692 3161 nictu
715 3110 846 3158 venatus
868 3099 987 3158 alebat.

99 3175 339 3261 domissoque
360 3180 452 3247 Iuno,
477 3181 532 3262 qui
556 3180 639 3241 nihil
662 3179 767 3253 aliud,
795 3202 889 3262 quam
913 3183 1010 3241 ritum
1028 3177 1248 3242 colendorum
1264 3184 1349 3245 Deoa

143 3283 216 3324 rum
241 3262 482 3344 religionesque
504 3263 695 3334 induxerat,
721 3284 754 3324 se
778 3264 918 3323 Saturno
936 3263 1049 3324 maluit
1063 3261 1262 3339 adnectere3
1286 3265 1347 3348 qui,

139 3346 240 3406 vitam
261 3364 432 3425 moresque
456 3348 534 3407 feris
563 3348 658 3407 etiam
687 3355 755 3406 turn
779 3347 940 3406 mentibus
970 3347 1153 3418 insinuans,
1183 3346 1225 3406 ad
1253 3370 1345 3409 com·

141 3447 271 3488 munem
296 3425 489 3501 utilitatem,
517 3437 552 3488 ut
575 3426 854 3509 supradiximus,
880 3428 1084 3511 disciplinam
1106 3429 1243 3492 colendi
1267 3430 1345 3493 Νὴ

142 3509 294 3581 edocuit,
322 3510 511 3592 ut-quidem
537 3509 683 3571 indicant
706 3509 756 3570 illi
781 3517 910 3572 versus:

180 3595 328 3673 dagenus
350 3593 487 3655 indocile
505 3613 547 3650 ae
572 3593 746 3672 dispersum
766 3595 926 3654 montibus
946 3596 1024 3656 altis

184 3678 385 3756 Composuit,
407 3677 554 3759 legesque
574 3675 678 3750 dedit,
700 3680 894 3763 Latiumque
913 3680 1029 3742 uocari

129 3774 131 3779 '
180 3760 318 3828 Maluit,
341 3756 389 3820 ti's
409 3764 560 3842 quoniam
580 3760 729 3820 latuisset
748 3771 837 3821 tutus
856 3767 890 3822 in
911 3767 1004 3824 oris,

98 3838 243 3922 {Istum
268 3841 364 3902 etiarn
386 3864 477 3903 usum
500 3842 646 3918 signandi
669 3843 752 3903 neris
775 3865 812 3902 ac
833 3853 982 3904 monetae
1007 3843 1203 3907 informem
1226 3843 1341 3908 incuti⁴

142 3923 242 3983 endas
265 3922 443 3986 ostendisse
464 3926 623 4000 traditur,
649 3925 683 3986 in
706 3947 768 4008 qua
790 3926 830 3985 ab
854 3949 916 3987 una
939 3937 1033 4009 parte
1057 3937 1156 4009 eaput
1183 3930 1252 3991 cius
1273 3927 1337 3989 im·

97 3997 358 4086 bprimeretur,
382 4009 482 4069 altera
503 4010 609 4082 navis,
641 4031 703 4090 qua
725 4017 835 4068 vectus
857 4009 915 4071 illo
939 4020 1018 4070 erat.
1061 4011 1159 4072 Unde
1182 4012 1339 4092 hodieque

139 4085 317 4162 aleatores,
354 4092 463 4170 posito
501 4112 633 4153 nummo
665 4099 874 4173 opertoque,
915 4095 1080 4174 optionem
1123 4095 1337 4159 collusoribus

138 4179 266 4253 ponant
287 4173 486 4248 enuntiandi,
510 4175 589 4257 quid
609 4183 725 4254 putent
746 4177 887 4247 subesse,
910 4185 1008 4258 caput
1026 4185 1081 4237 aut
1094 4197 1232 4239 navem:
1253 4174 1334 4263 qnod

96 4249 222 4316 inune
248 4254 345 4334 vulgo
378 4266 624 4339 corrumpentes
655 4263 784 4320 naviam
812 4258 937 4320 dicunt.
989 4259 1092 4321 Aedes
1121 4282 1257 4345 quoque
1284 4260 1335 4323 sub

137 4335 221 4398 cliro
246 4338 452 4418 Capitolino,
475 4340 507 4400 in
531 4360 596 4422 quo
617 4341 788 4422 pecuniam
811 4343 976 4402 conditam
997 4343 1158 4416 hahebat,
1182 4346 1335 4407 aerarium

94 4441 116 4504 7
136 4419 269 4482 Saturni
291 4419 455 4504 hodieque
477 4419 609 4483 dicitur.
654 4423 779 4485 Verum
801 4425 889 4506 quia,
913 4433 1062 4508 utsupra
1080 4425 1234 4501 diximus,
1250 4429 1336 4517 prior

136 4501 216 4572 illuc
237 4504 334 4577 lanus
351 4505 547 4578 advenerat,
575 4528 674 4589 quum
696 4528 752 4588 eos
772 4517 849 4588 post
871 4508 997 4569 obitum
1020 4509 1138 4571 divinis
1159 4510 1336 4573 honorium

125 4585 346 4664 ’cumulandos
365 4586 584 4664 censuissent,
615 4589 649 4650 in
664 4591 769 4655 meris
791 4591 942 4665 omnibus
963 4592 1106 4674 primam
1131 4591 1244 4658 locum
1264 4595 1335 4664 lan·
