2850 4958
125 268 198 366 ¹⁶4
596 258 850 341 EUTROPII

123 450 257 515 quoque
278 425 407 501 Carbo,
440 424 514 493 Cos.
547 423 652 501 alter,
683 426 724 488 ab
750 425 900 488 Arimino
929 424 970 487 ad
1000 423 1148 485 Siciliam
1171 424 1317 509 largit,et

121 515 169 580 ibi
191 534 251 595 per
272 511 329 573 Cn.
351 506 545 592 Pompeium
565 509 755 572 interfectus
777 520 844 583 est,
868 530 963 589 quem
986 506 1229 569 adolescentem
1244 508 1316 571 Sullt

121 617 223 661 annos
243 616 342 656 unum
363 603 396 656 et
416 592 532 677 viginti
552 601 675 666 natum,
697 594 827 676 cognita
850 593 918 652 eius
940 590 1113 663 industrie,
1131 592 1316 655 exercitibus

120 674 1021 843 Prdlllecgddilouterlgedutliddllolue?udlilrilidlsHPedldlpeius
1037 756 1180 854 recepit.
1207 758 1316 820 Tmus-

120 863 249 927 gressus
277 842 352 903 inde
381 841 422 904 ud
448 839 614 913 Africam,
645 842 848 913 Domitium,
874 840 1039 899 Marianae
1061 847 1170 919 partas
1194 840 1314 917 «lucen,

121 935 156 990 et
175 923 352 997 Hiarbam,
379 945 488 1007 regem
511 924 743 998 Mauretaniae,
768 925 824 1007 qui
849 922 999 983 Domitio
1014 921 1176 983 auxilium
1193 924 1312 1001 ferebat,

121 1008 257 1072 oceidit.
299 1007 380 1067 Post
403 1007 483 1069 haec
507 1005 596 1068 Sulla
624 1006 665 1067 de
694 1006 887 1069 Mithridate
918 1005 1041 1088 ingenti
1062 1002 1173 1087 gloria
1200 1006 1310 1069 trium·

119 1089 247 1176 pbavit.
291 1090 348 1151 Cn.
371 1090 469 1151 etiam
488 1088 676 1172 Pompeius,
693 1089 798 1173 [quod
812 1089 892 1150 nulli
916 1089 1142 1149 Romanorum
1167 1091 1312 1155 tributus

121 1178 224 1253 erat,]
259 1179 411 1255 quartum
434 1180 467 1233 et
486 1172 548 1233 XX
576 1193 693 1234 annum
727 1192 844 1259 agens,
880 1171 921 1232 de
954 1169 1066 1231 Africa
1096 1171 1310 1256 triumphavit.

119 1256 217 1319 Hunc
241 1254 336 1318 finem
358 1254 543 1318 habueruut
564 1253 629 1316 duo
656 1253 742 1316 bellu
766 1255 1004 1317 funestissima:
1038 1253 1216 1329 Italicam,
1241 1254 1310 1341 qual

121 1347 156 1400 et
179 1337 297 1399 sociale
324 1336 448 1399 dictum
478 1346 543 1411 est,
577 1344 610 1398 et
637 1337 748 1399 civile:
785 1358 868 1422 quae
899 1336 994 1397 ambo
1025 1344 1132 1399 tracta
1166 1349 1243 1401 sunt
1267 1360 1313 1423 pes

61 1484 65 1495 ,
122 1440 222 1482 annos
247 1420 369 1485 decem.
413 1421 663 1482 Consumserunt
688 1420 774 1483 ultra
806 1421 856 1483 CI.
886 1420 986 1481 millia
1009 1418 1212 1483 bominum:
1240 1424 1309 1485 viros

121 1503 314 1565 Consulares
342 1501 475 1578 XXIV,
505 1503 696 1566 Praetorius
730 1503 814 1578 Vll,
849 1502 1023 1565 Aedilitios
1045 1504 1124 1577 LX,
1154 1504 1308 1581 Senatores
1343 1530 1346 1566 ε

120 1586 191 1651 tere
221 1586 282 1649 CC.
790 1628 793 1633 ,

485 1761 674 1840 LIBER
706 1762 959 1842 SEXTUS.

117 1996 148 2061 1.
171 1913 344 2078 Marco
377 1993 519 2059 Aemilio
551 1994 676 2079 Lepido
689 2039 700 2070 ,
739 1998 781 2076 Q.
818 1992 945 2058 Catulo'
968 1997 1187 2074 Consulibus,
1226 2020 1307 2085 quun

116 2076 208 2143 Sulla
231 2076 474 2159 Rempublicam
498 2080 751 2158 composuisset,
775 2077 859 2140 bella
881 2100 965 2140 nova
991 2092 1205 2145 exarserunt:
1228 2104 1308 2147 unuu

119 2162 156 2224 iu
179 2161 355 2241 Hispania3
378 2159 466 2221 aliud
488 2160 521 2221 in
543 2161 754 2235 Macedonie3
779 2162 913 2223 tertium
935 2163 968 2223 in
988 2163 1186 2248 Pamphylia
1212 2178 1245 2229 et
1266 2168 1308 2243 fii·

117 2244 217 2318 licia·,
248 2252 398 2326 quartum
427 2243 459 2304 in
490 2243 663 2305 Dalmatis.
705 2244 788 2305 Nam
813 2266 1077 2321 searoauns,
1101 2250 1159 2330 qui
1180 2252 1307 2331 partin!

116 2326 337 2389 Marianarum
357 2328 481 2399 fuerat,
513 2326 629 2388 timens
653 2329 817 2388 fortunam
840 2337 1051 2403 ceterorum
1078 2333 1135 2413 qui
1159 2331 1309 2403 interemti

73 2468 79 2481 ,
118 2418 228 2484 erant,
256 2409 296 2470 ad
324 2407 447 2470 bellum
469 2409 647 2471 commorit
669 2408 851 2492 Hispanias.
894 2412 983 2473 Missi
1011 2423 1087 2474 sunt
1108 2426 1228 2478 contra
1250 2436 1307 2479 eun

117 2490 217 2554 duces
244 2491 286 2569 Q.
309 2490 467 2552 Caecilius
495 2490 665 2566 Metellus,
696 2492 887 2565 filiuseius,
916 2496 971 2575 qui
996 2496 1190 2573 Iugurtham
1214 2508 1311 2583 regetu'

116 2575 209 2648 vicit,
227 2573 309 2635 etl..
323 2573 501 2645 Domitius,
515 2575 667 2637 Praetor.
707 2575 736 2637 A
756 2576 896 2638 Sertorii
919 2578 1002 2639 duce
1020 2580 1188 2642 Hirtuleio
1206 2582 1313 2643 Domi·

115 2657 182 2718 tius
203 2660 349 2735 occisus:
381 2654 532 2718 Metellus
551 2657 642 2719 vario
665 2680 811 2721 successu
833 2669 944 2720 contra
968 2662 1153 2724 Sertorium
1176 2665 1306 2727 dimica·
1344 2672 1346 2727 J

114 2739 176 2801 vit.
215 2739 333 2800 Postea
353 2738 523 2814 Metellus,
546 2760 645 2823 quum
668 2743 774 2825 impar
794 2763 921 2825 pugnae
942 2744 1029 2807 solus
1051 2756 1238 2827 putaretur,
1260 2748 1305 2810 Cu.

112 2819 293 2902 Pompeius
314 2819 355 2882 ad
375 2821 546 2906 Hispanias
566 2824 679 2885 missus
705 2834 762 2887 eat.
803 2827 854 2885 Ita
874 2826 998 2888 duobus
1021 2829 1159 2891 ducibus
1176 2832 1305 2893 advenit

112 2903 281 2965 Sertorius
301 2905 434 2965 fortuna
453 2905 544 2966 varia
564 2927 659 2989 saepe
678 2909 845 2993 pugnavit.
889 2909 1015 2972 Octavo
1042 2910 1170 2973 deinum
1197 2936 1308 2976 annos

112 2986 181 3048 suis
201 2987 326 3049 occisus
347 2996 416 3060 est,
439 2997 471 3048 et
491 2987 564 3050 finis
585 2991 615 3052 ei
636 2990 723 3053 bello
746 2991 839 3053 datus
858 3013 920 3074 per
941 2996 999 3054 Cn.
1023 2994 1219 3078 Pompeium
1237 2998 1307 3059 ado·

110 3066 306 3143 lescentem,
328 3078 361 3131 et
382 3071 424 3149 Q.
445 3070 611 3133 Metellum
630 3072 744 3135 Pium:
767 3085 874 3160 atque,
887 3098 998 3139 omues
1017 3098 1125 3161 prope
1140 3080 1307 3164 Hispanias

111 3150 149 3213 in
169 3149 329 3213 ditionem
349 3153 465 3233 populi
486 3152 623 3229 Romani
643 3156 794 3219 redactae
815 3167 899 3221 sunt.

133 3230 200 3307 ,11.
230 3232 283 3295 Ad
302 3232 525 3297 Macedoniam
546 3239 660 3300 missus
680 3249 728 3301 est
749 3241 874 3324 Appius
904 3239 1055 3303 Claudius
1088 3254 1165 3324 post
1192 3246 1310 3307 Consu·

110 3313 232 3378 latum:
262 3313 493 3414 leyiaproelia
512 3318 630 3385 habuit
648 3331 763 3383 contra
779 3324 887 3422 ‘va-rias
908 3334 1039 3405 gentes,
1071 3348 1156 3407 quae
1176 3328 1309 3427 Rhode-

109 3415 410 3540 tt?.tit{¹.tt:tt
424 3398 1213 3571 dtltltttat‘tttltttttttttt',“t
1230 3414 1312 3558 lit:

110 3558 212 3633 denos
232 3557 333 3634 vicit,
362 3569 395 3622 et
421 3581 523 3644 usque
542 3563 582 3625 ad
601 3567 787 3630 Danubium
809 3575 1014 3653 penetravit3
1046 3575 1312 3663 triumphumque

108 3643 248 3719 meruit,
272 3651 304 3705 et
324 3640 411 3707 intra
431 3645 609 3707 triennium
628 3647 725 3713 finem
745 3652 832 3716 bello
856 3653 957 3718 dedit.
1344 3716 1346 3725 .

148 3725 212 3788 III.
243 3725 295 3787 Ad
317 3724 463 3788 Ciliciam
492 3736 526 3790 et
554 3728 781 3815 Pamphyliam
810 3737 924 3799 missus
955 3748 1003 3801 est
1024 3740 1065 3802 P.
1086 3740 1248 3806 Servilius
1275 3764 1312 3807 ex

108 3806 270 3885 Consule,
290 3809 344 3871 vir
363 3816 521 3873 strenuus.
563 3813 596 3875 Is
618 3816 765 3879 Ciliciam
784 3820 933 3902 subegit,
966 3824 1083 3903 Lyciae
1113 3827 1218 3888 nrbes
1241 3826 1307 3891 ols-

105 3888 248 3953 rissimas
280 3893 498 3993 oppugnarit,
531 3903 563 3956 et
593 3900 682 3981 cepit
705 3899 738 3961 in
769 3901 820 3964 his
850 3904 1076 3979 Phaselidem,
1109 3909 1307 3993 Olympum,-

105 3972 268 4053 Goryeum
293 3976 438 4041 Ciliciae.
480 3978 610 4041 Isauros
633 4004 764 4065 quoque
786 3986 954 4066 adgressus
976 3989 1238 4055 in'deditionem
1254 4000 1310 4055 te-

103 4051 214 4139 degit,
237 4065 333 4147 atque
351 4059 437 4120 intra
458 4062 635 4124 triennium
658 4065 746 4130 bello
770 4068 862 4129 finem
887 4070 987 4131 dedit.
1019 4072 1149 4135 Primus
1165 4070 1310 4137 omnium

102 4135 326 4215 Romanorum
349 4141 383 4203 in
405 4141 514 4207 Tauro
536 4145 601 4207 iter
619 4147 709 4214 fecit.
751 4151 926 4214 Revertens
946 4155 1150 4239 triumphum
1170 4161 1308 4243 accepit,

103 4227 136 4283 et
154 4241 272 4282 nomen
293 4228 434 4285 Isaurici
450 4226 582 4289 meruit.
1315 4248 1318 4253 '

130 4290 295 4383 [leAd
327 4304 494 4387 Illyricum
529 4309 644 4372 missus
674 4322 723 4375 est
754 4293 1018 4379 CnsCoseonius
1049 4343 1110 4404 pro
1143 4324 1307 4389 'Consules

99 4383 235 4477 multam
255 4397 379 4470 partem
400 4391 579 4452 Dalmatiae
599 4395 750 4475 subegit,
777 4400 911 4462 Salonas
933 4404 1042 4485 cepit,
1065 4414 1097 4465 et
1116 4412 1307 4491 canapoaita·

96 4464 185 4531 bello
207 4470 340 4537 Romam
362 4482 438 4551 post
457 4471 624 4539 biennium
647 4480 754 4541 rediit,
802 4488 805 4493 '
1112 4490 1115 4495 ·
1275 4494 1283 4509 ·
1312 4516 1315 4523 .

138 4550 181 4612 V.
212 4550 332 4629 lisdem
363 4556 566 4638 temporibus
595 4560 714 4625 Consul
743 4564 792 4625 M.
814 4563 972 4629 Aemilius
1002 4568 1164 4653 Lepidus,
1200 4574 1315 4639 catate
1340 4560 1343 4569 ¹
