2850 4958
130 461 132 464 ⁴
469 444 907 636 mannaan
1105 555 1107 558 ·
1230 451 1232 455 i

288 699 725 932 MESSALAE
751 690 1100 820 CORVINI

233 975 701 1056 ou‘rnvmnuu
752 966 1151 1058 suousrun

365 1219 623 1297 rnoeemu
647 1111 742 1298 sliil
767 1181 1016 1300 meamus.

115 1365 162 1420 m
186 1364 269 1440 Quo
295 1364 420 1427 smus
448 1367 499 1424 rr
526 1369 645 1426 emm
669 1366 781 1431 unns
806 1358 1002 1453 ancrnnts
1026 1353 1072 1427 sa
1093 1354 1266 1430 uxonmo

419 1464 650 1523 nnavrssmu
680 1465 964 1525 exrononrun.
1283 1468 1286 1476 ·

459 1618 463 1623 .
549 1574 837 1621 mvwww

88 1773 120 1832 1.
146 1631 310 1848 Quum
330 1778 519 1861 frequenter
539 1800 591 1854 me
612 1779 706 1863 digna
724 1782 852 1839 moveat
872 1775 1132 1859 postulationes,
1159 1780 1291 1846 ‘entium

88 1855 322 1938 gloriosissime
342 1862 541 1942 Imperator,
564 1871 600 1923 ut
621 1862 809 1946 progeniem
829 1868 902 1920 tuae
921 1858 1045 1922 scilicet
1066 1795 1205 1945 intl'ylae
1224 1889 1290 1948 po-

87 1942 261 2014 steritatis,
285 1942 434 2004 simulet
456 1945 544 2005 urbis
564 1946 686 2006 Romae
708 1945 812 2025 prima
833 1964 870 2004 re
894 1943 990 2003 imina
1013 1944 1053 2004 ab
1075 1946 1213 2007 eiordio‘
1236 1948 1291 2010 lit·

87 2024 170 2082 teris
196 2025 392 2106 distinguere
418 2026 499 2086 mihi
529 2027 757 2110 persuadeam:
785 1965 908 2107 paredo
931 2021 1234 2104 clementiaelua'e,
1258 2036 1291 2092 et

87 2126 225 2183 operam
259 2106 365 2181 dabo,
397 2109 523 2192 aliquid
554 2110 692 2194 ingenii,
727 2108 783 2169 sed
813 2130 928 2190 parum
959 2106 1082 2170 laboris
1115 2124 1290 2194 occupare.

85 2184 274 2269 Numquae
295 2191 414 2272 poscis,
437 2215 536 2274 quum
557 2196 597 2256 ab
621 2193 797 2268 historicis,
819 2187 1126 2274 studiosissimisque
1143 2201 1290 2259 teterum

87 2272 279 2331 auctoribus
300 2274 396 2356 longe
424 2273 553 2357 lateque
584 2276 649 2337 sint
671 2273 853 2346 declarata,
877 2281 908 2334 et
931 2278 961 2332 te
982 2275 1205 2355 copiosissime
1227 2300 1290 2339 re-

86 2374 164 2414 rum
195 2356 404 2418 maximarum
434 2359 549 2425 studiis
580 2355 725 2418 deditum
753 2354 840 2413 haud
863 2354 1030 2434 ignorem:
1062 2357 1189 2427 tamen,
1211 2362 1289 2440 quia

88 2435 204 2508 iubes,
229 2459 311 2518 opus
335 2432 522 2516 expediam,
549 2447 581 2497 ct
604 2447 679 2496 tuae
699 2435 940 2511 vetustissimae⁴
954 2435 1059 2516 gentis
1080 2439 1287 2520 prosapiam,

88 2541 172 2599 quac
193 2541 278 2579 nunc
300 2521 333 2580 in
354 2517 550 2596 amplissimo
575 2517 749 2580 maiestatis
768 2517 909 2607 culmine
928 2512 1033 2576 locata
1057 2507 1163 2579 icium
1182 2505 1222 2580 od
1241 2523 1289 2582 si:-

88 2603 167 2663 dcrn
197 2609 341 2682 spectat,
370 2608 494 2660 arctato
520 2602 646 2662 itineris
673 2600 778 2662 limite
808 2598 952 2660 insistam
984 2594 1160 2681 declarare.
1204 2602 1289 2666 Nam

88 2705 284 2766 quamquam
309 2706 326 2743 a
348 2683 512 2764 profundo
536 2684 671 2767 originis
692 2685 799 2756 fonte,
823 2688 933 2743 cursus
955 2676 1151 2762 pedetentim
1174 2677 1289 2747 ‘suisse-

90 2765 237 2850 quendus
258 2766 355 2839 foret,
378 2765 557 2844 accelerare
578 2765 760 2838 maturabo,
781 2763 983 2827 serenissime
1004 2762 1119 2826 Caesar
1132 2756 1288 2851 dug'ust'e.

60 2889 64 2897 .
132 2850 177 2907 11.
212 2848 329 2908 Totius
358 2849 449 2925 orbis
478 2857 639 2910 terrarum
667 2848 827 2921 ambitus,
857 2858 952 2930 quem
973 2831 1117 2930 undique
1139 2836 1288 2929 lice-enus

89 2930 241 2990 verberat
262 2929 376 3004 undis,
399 2931 438 2991 ab
460 2930 625 2991 historicis
650 2938 681 2990 et
702 2921 944 3012 cosmograplris
967 2928 1096 3003 trifarie
1117 2917 1287 2997 dividitur.

91 3014 188 3073 Cuius
209 3014 350 3094 partium
372 3015 488 3094 prima,
512 3014 597 3073 inter
617 3013 658 3074 Se
682 3013 887 3086 temtrionem
903 3020 941 3087 ‚et
962 2997 1133 3089 dimidient
1153 3015 1193 3076 ad
1212 3017 1285 3093 Ori·

91 3106 195 3155 entem
219 3095 413 3166 extenditur,
430 3095 531 3156 Asia:
555 3035 704 3167 secunda,
727 3096 766 3156 ab
789 3095 872 3155 ostio
894 3093 1033 3165 fluminis
1050 3079 1178 3170 Tanais,
1194 3088 1287 3177 llyr-

91 3177 471 3262 canorumque'linibus,
494 3178 549 3238 ubi
572 3179 717 3261 iungitur
737 3177 853 3250 Asiae,
878 3177 962 3237 inter
981 3175 1285 3257 septemtrionalem

93 3262 257 3321 Oceanum
287 3270 319 3321 et
349 3261 621 3322 Mediterraneum
653 3282 793 3342 aequor,
824 3255 865 3320 sd
896 3258 1024 3338 ultimas
1050 3254 1225 3343 Hispanias·
1252 3265 1285 3325 in
1358 3274 1362 3280 “

91 3365 205 3403 occasu
232 3344 403 3417 terminat,
432 3344 585 3424 Eurepa:
618 3341 735 3414 tertia,
759 3342 799 3404 ab
821 3336 968 3424 Aegypto
990 3328 1131 3486 Niltipu'e
1155 3344 1286 3408 flumine

91 3425 261 3486 exordium
284 3427 434 3500 trahens„
462 3427 584 3488 relictis
614 3424 762 3486 terminis
792 3416 903 3498 Asiae,
940 3424 1025 3484 inter
1090 3425 1224 3489 eridie'm
1254 3436 1287 3491 et

90 3508 363 3568 Mediterraneum
382 3512 500 3571 fretum
519 3508 692 3591 producta,
714 3502 757 3570 tid
783 3506 941 3570 Occasum
962 3505 996 3568 in
1008 3503 1163 3571 Atlantici
1178 3511 1286 3573 Ocea-

89 3593 125 3652 ni
148 3591 260 3650 littore
281 3588 418 3663 desinit,
441 3591 563 3653 Africa.

133 3675 196 3732 111.
227 3670 303 3731 Asia
331 3693 426 3755 ergo,
457 3672 484 3734 si
513 3673 553 3732 ad
580 3692 750 3733 numerum
777 3672 976 3754 spectamus,
1008 3669 1099 3732 orbis
1121 3666 1284 3735 terrarum

51 3789 52 3793 ,
89 3777 166 3839 pars
187 3755 283 3815 tertia
306 3754 385 3814 erit:
412 3753 439 3814 si
461 3754 501 3814 ad
522 3753 795 3836 magnitudinem,
824 3753 964 3815 medium
985 3760 1146 3826 terraru‘ni
1171 3755 1284 3816 orbem

90 3841 125 3903 in
158 3861 191 3898 se
222 3836 390 3898 continere
420 3835 524 3898 videri
552 3836 697 3918 poterit:
728 3836 775 3896 sic
805 3819 890 3895 dicta
917 3837 1087 3917 anomine
1116 3835 1283 3898 cuiusdam

89 3920 254 3992 mulieris,
283 3919 428 3981 Orientis
449 3919 591 4000 reginae.
633 3919 672 3978 ln
693 3939 727 3988 ea
749 3917 850 4000 igitur
874 3918 959 3978 inter
978 3924 1099 3979 ceteras
1119 3920 1283 4000 provinci-

92 4026 125 4064 as
147 3996 258 4067 Minor
285 4000 358 4062 Asia
387 4011 453 4076 est3
485 4003 518 4062 in
545 4023 606 4085 qua
627 3998 769 4082 Phrygia
789 3999 902 4076 regio,
924 3992 971 4060 sic
994 3997 1081 4060 dicta
1101 4009 1119 4059 a
1139 3993 1284 4083 Phrygia

92 4085 207 4169 Aesepi
229 4095 261 4148 et
285 4085 436 4167 Europae
458 4082 543 4157 filia,
566 4094 617 4158 et,
640 4092 675 4144 ut
695 4084 749 4144 alii
770 4082 917 4152 tradunt,
941 4086 980 4142 ex'
1000 4081 1078 4144 love
1099 4092 1131 4144 et
1150 4083 1283 4164 Europa

92 4178 177 4229 nata.
220 4169 424 4242 Dardanum,
460 4170 539 4229 Iove
565 4176 598 4230 et
626 4165 754 4227 Electra
785 4162 921 4225 Atlantis
955 4161 1021 4226 filia
1054 4167 1282 4250 progenitum,

90 4254 236 4314 Deorum
260 4251 387 4314 monitu
408 4250 447 4311 ab
471 4246 585 4324 Italia,
611 4258 662 4321 et,
689 4256 726 4310 ut
748 4246 819 4308 aliis
843 4246 970 4328 placet,
996 4249 1132 4310 cereta
1157 4248 1282 4324 insula,

91 4334 217 4416 patrios
242 4334 439 4396 deserentem
461 4332 563 4405 lares,
591 4329 794 4393 multitudine
819 4328 983 4412 gentium,
1009 4327 1051 4390 ad
1072 4329 1156 4391 hanc
1172 4330 1285 4410 Phry-

90 4419 177 4502 giam
202 4415 363 4497 devenissp
384 4419 512 4489 ferunt,
536 4415 649 4476 urbem
669 4410 867 4485 condidisse,
892 4417 1026 4493 eamque
1046 4432 1136 4474 exse
1156 4412 1286 4474 Darda-

90 4502 178 4565 niam
199 4519 415 4584 nancupuss:
442 4498 528 4565 unde
551 4519 627 4583 gens
650 4492 812 4569 Dardana,
834 4501 866 4557 et
885 4493 1062 4558 incolentes
1075 4502 1178 4558 terras
1196 4497 1288 4560 Dar.

1259 4839 1268 4850 ι
1335 4826 1424 4850 ι·-
