2850 4958
418 304 544 407 arar.
570 274 693 382 aon.
715 300 806 384 nn
834 305 879 381 n.
1155 378 1158 383 .
1221 308 1267 405 41·

50 462 310 533 summssrerum
325 470 443 535 Ceasar
460 468 613 547 attalem,
636 474 682 534 Μ.
707 471 834 535 Caelius
846 519 855 547 ,
869 473 922 534 rir
937 471 1071 557 eloquio
1093 472 1270 559 animoque

52 553 189 615 Curioni
214 553 419 630 simillimus,
441 555 498 615 scd
524 555 558 615 in
583 564 728 641 utroque
747 557 947 637 perfectior,
969 578 1029 617 nee
1049 558 1153 618 minus
1175 559 1272 643 inge-

51 638 146 699 niose
166 658 324 720 nequam,
348 662 449 721 quum
469 658 510 698 ne
531 639 666 702 modico
685 640 818 724 quidem
838 639 960 700 servari
977 649 1107 721 posset,
1131 643 1274 726 (quippe

51 722 151 804 peior
171 721 218 782 illi
242 742 293 782 res
318 724 487 784 familiaris
511 745 606 805 quam
636 746 725 786 mens
747 727 851 803 erat,)
875 724 908 783 in
929 722 1089 785 Praetura
1112 746 1274 789 novarum

49 803 239 879 tabularum
254 813 371 867 auctor
392 807 536 879 exstitit3
559 809 753 891 nequiitque
768 807 905 869 Senatus
928 815 961 866 et
974 808 1171 869 auctoritate
1189 810 1274 871 Con-

49 887 132 950 sulis
152 886 331 950 deterreri:
357 892 581 972 accitofletiam
602 890 727 953 Milone
749 890 880 964 Annio,
904 891 981 974 qui,
1004 911 1072 952 non
1095 891 1272 970 impetrato

44 971 184 1045 reditu,
223 971 357 1034 Iulianis
387 975 538 1052 partibus
571 975 706 1036 infestus
738 984 828 1048 erat,
864 975 896 1035 in
927 973 1020 1034 Urbe
1056 974 1272 1052 seditionem,

48 1050 141 1119 baud
165 1055 267 1138 magis
292 1057 420 1135 occulte
441 1057 597 1120 bellicum
618 1058 795 1120 tumultum
817 1078 971 1131 movens,
990 1056 1101 1138 primo
1125 1080 1275 1121 summo-

50 1150 105 1201 tus
136 1162 153 1201 a
187 1138 386 1220 Republica,
427 1156 505 1202 mox
542 1140 776 1204 Consularibus
801 1142 919 1216 armis,
961 1148 1098 1201 auctore
1125 1142 1272 1218 Senatu,

50 1224 141 1285 cirea
166 1222 312 1285 Thurios
330 1244 504 1306 oppressus
528 1232 586 1286 est.
630 1227 767 1307 incepto
787 1224 861 1307 pari
883 1224 1006 1286 similis¹
1020 1224 1153 1287 fortuna
1171 1227 1276 1303 Milo·

51 1308 103 1369 nis
126 1307 210 1381 fuit3
237 1309 293 1387 qui
317 1307 490 1390 Compsam
511 1308 545 1369 in
566 1307 716 1391 Hirpinis
740 1328 951 1392 oppugnans,
974 1307 1273 1393 ictusquenlapide,

52 1399 125 1471 tam
145 1390 184 1452 P.
208 1382 349 1463 Clodio,
372 1398 442 1451 tum
462 1391 607 1474 patriae,
636 1414 733 1475 quam
755 1392 853 1454 armis
880 1391 1013 1473 petebat
1026 1438 1040 1464 ,,
1062 1398 1185 1471 p'oenas
1208 1393 1276 1455 de-

53 1462 124 1548 dir,
154 1475 207 1535 vir
234 1473 379 1556 inquies,
411 1483 444 1535 et
471 1473 558 1535 ultra
585 1476 705 1537 fortem
726 1476 932 1537 temerarius.
977 1474 1145 1553 Quatenus
1165 1486 1277 1538 autem

53 1557 181 1641 aliquid
203 1570 242 1618 ex
265 1557 392 1617 omissis
413 1566 511 1638 peto,
539 1556 696 1641 notetur3
729 1559 904 1620 immodica
928 1565 960 1619 et
980 1557 1208 1641 intempestiva
1229 1559 1277 1621 li-

52 1638 183 1705 bertate
204 1661 279 1700 usos
302 1638 454 1700 adversus
478 1641 513 1702 C.
535 1642 715 1716 Caesarem,
739 1641 915 1703 Marullum
936 1640 1105 1722 Epidium,
1127 1642 1278 1703 Flavum·

53 1740 118 1808 qne
141 1724 344 1797 Caesetium,
368 1713 536 1802 Tribunus
549 1724 685 1805 plebis,
709 1724 785 1785 dum
808 1733 949 1808 arguunt
971 1726 1004 1786 in
1027 1746 1065 1785 eo
1089 1725 1182 1808 regni
1211 1747 1275 1786 vo-

52 1808 230 1882 luntatem,
252 1827 355 1888 paene
375 1806 443 1869 rint
463 1806 699 1883 dominationis
721 1809 890 1889 expertos?
918 1807 956 1867 In
970 1807 1036 1869 lroo
1051 1816 1160 1869 tamen
1176 1829 1274 1890 saepe

53 1882 196 1955 lacessiti
217 1890 378 1973 principis
401 1890 449 1951 ira
473 1891 632 1971 excessit,
655 1896 692 1952 ut
714 1886 1001 1973 Censoria'potius
1023 1898 1197 1952 contentus
1217 1913 1278 1953 no-

55 1985 107 2048 ta,
132 1990 230 2059 quam
251 1972 532 2036 animadversione
559 1974 764 2046 Dictatoria,
786 1983 1016 2036 ‘summoveret
1038 1995 1093 2035 eos
1116 1997 1134 2035 a
1156 1975 1276 2057 Repu-

55 2052 168 2133 blica,
198 2064 460 2139 testareturque,
481 2072 548 2119 esse
569 2058 633 2120 azbi
647 2063 874 2131 taeterrimum,
897 2058 1058 2141 quoderat
1080 2069 1202 2119 natura
1218 2081 1279 2119 sua

54 2146 89 2203 εἰ
107 2141 321 2203 excedendum
335 2140 438 2218 foret
450 2187 459 2217 ,
488 2152 548 2202 aas
576 2142 747 2203 minuenda
775 2140 929 2224 dignitas.
972 2141 1036 2203 Sed
1063 2140 1104 2201 ad
1127 2140 1279 2203 ordinem

53 2224 286 2287 revertendum
309 2231 367 2284 est.
389 2280 393 2285 .
1030 2229 1034 2237 ⁴

96 2309 213 2369 LXIX.
246 2308 315 2367 lam
338 2315 370 2367 et
395 2304 567 2386 Dolabella
591 2308 623 2369 in
645 2307 719 2368 Asia
751 2308 787 2368 C.
810 2305 1015 2369 Trebonium
1043 2307 1277 2383 Consularem,

54 2395 110 2454 cui
133 2391 347 2464 succedebat,
369 2380 485 2469 fraude
508 2390 680 2472 deceptum
701 2391 859 2473 Smyrnae
881 2391 1064 2465 occiderat,
1085 2393 1193 2452 virum
1217 2392 1280 2465 ad,-

54 2487 171 2539 rersus
194 2477 308 2536 merita
336 2470 481 2535 Caesaris
503 2475 758 2557 ingratissimum
780 2474 1043 2557 participemque
1065 2473 1172 2536 caedis
1194 2476 1275 2549 eius,
1350 2508 1356 2533 i

56 2581 75 2620 a
97 2576 165 2642 quo
188 2557 313 2640 ipsein
337 2556 514 2619 Consulare
534 2566 710 2638 provectus
732 2558 897 2640 fastigium
918 2558 1037 2619 fuerat.
1081 2558 1124 2619 Et
1146 2558 1182 2618 C.
1199 2560 1280 2621 Cas-

56 2634 148 2718 sius,
172 2632 314 2723 acceptis
336 2662 353 2700 a
374 2629 481 2701 Statio
507 2642 622 2703 Murco
647 2651 679 2701 et
702 2643 817 2723 Crispo
842 2640 990 2715 Marcio,
1014 2641 1197 2705 Praetoriis
1217 2644 1278 2704 ri-

55 2727 127 2792 r'is.
152 2719 407 2803 imperatoribus
429 2724 574 2807 quippe,
596 2724 711 2786 validis
735 2723 768 2786 in
788 2722 883 2803 Syria
903 2721 1100 2807 legionibus,
1117 2724 1279 2788 inclusum

53 2809 285 2889 Dolabellam,
308 2807 365 2887 qui
387 2816 628 2888 praeoccupata
649 2808 726 2868 Asia
746 2808 780 2868 in
802 2805 931 2889 Syriam
952 2818 1158 2887 pervenerat,
1183 2808 1279 2871 Lao-

56 2892 193 2966 diceae,
227 2898 407 2969 expugnata
436 2908 473 2948 ea
494 2888 595 2962 urbe,
618 2892 826 2964 confecerat,
848 2889 906 2963 (ita
928 2897 1048 2962 tamen,
1069 2890 1162 2952 atad
1180 2892 1301 2952 ictum·

56 2977 144 3039 servi
168 2966 218 3036 sui
240 2970 412 3034 Dolabella
434 2992 503 3032 non
523 2973 668 3049 segniter
689 2974 850 3033 cervicem
872 2970 996 3051 daret),
1028 2981 1060 3033 et
1089 2973 1202 3033 decem
1221 2974 1282 3033 le-

58 3061 172 3139 giones
195 3060 230 3120 in
253 3072 291 3117 eo
315 3062 422 3116 tractu
444 3054 494 3116 sui
517 3055 599 3115 iuris
624 3057 758 3116 fecerat.
802 3052 846 3113 Et
864 3053 909 3110 M.
925 3057 1044 3115 Brutus
1067 3056 1102 3114 C.
1120 3055 1279 3130 Antonio,

57 3144 156 3207 fratri
180 3145 225 3203 M.
248 3139 407 3213 Antonii,
432 3137 465 3199 in
488 3137 701 3215 Macedonia,
734 3132 939 3214 Vatinidque
961 3137 1048 3198 eirea
1070 3136 1283 3218 Dyrrhachi-

58 3250 116 3289 um
136 3225 281 3287 volentes
302 3222 449 3307 legiones
471 3230 671 3294 extorserat3
694 3220 750 3282 sed
772 3220 952 3281 Antonium
973 3218 1062 3280 bello
1084 3218 1281 3297 lacessierat,

60 3309 232 3372 Vatinium
255 3305 444 3389 dignatione
466 3307 642 3379 obruarar,
665 3326 765 3387 quum
784 3312 831 3381 ,fl
858 3304 978 3364 Brutus
1004 3302 1142 3366 cuilibet
1162 3298 1283 3367 ducum

58 3391 294 3478 praeferendus
315 3387 505 3462 videretur,
529 3398 562 3451 et
583 3389 735 3449 Vatinius
756 3386 839 3463 nulli
860 3386 986 3447 nomini
1008 3406 1074 3448 non
1091 3396 1173 3448 esset
1186 3395 1284 3468 post-

59 3477 225 3541 ferendus.
269 3476 308 3534 In
329 3494 394 3554 quo
418 3471 609 3534 (informitas
631 3473 783 3555 corporis
805 3472 880 3531 cam
900 3469 1108 3543 turpitudine
1135 3471 1284 3534 certabat
1359 3519 1361 3523 -

60 3560 208 3645 ingenii,
231 3558 311 3621 adeo
334 3565 372 3616 ut
394 3555 519 3616 animus
542 3558 611 3617 eius
632 3554 822 3635 dignissimo
852 3554 1023 3615 domicilio
1052 3553 1194 3615 inclusus
1222 3555 1283 3614 vi-

63 3642 217 3705 deretur:
257 3648 392 3720 eratque
422 3648 545 3720 septem
576 3638 761 3721 legionibus
792 3637 930 3699 validus.
985 3635 1028 3695 Aa
1058 3635 1131 3715 lege
1162 3634 1282 3708 Pedia,

62 3748 163 3811 quam
193 3723 315 3787 Consul
340 3714 478 3795 Pedius,
510 3721 634 3803 collega
659 3721 827 3792 Caesaris,
857 3719 1004 3790 tulerat,
1032 3716 1203 3790 omnibus,
1227 3719 1286 3801 qui

63 3812 382 3890 Caesarem-patrem
409 3805 662 3875 interfecerant,
695 3826 778 3887 aqua
800 3803 933 3885 ignique
956 3799 1148 3881 [damnatis]
1171 3800 1283 3861 inter-

62 3895 187 3957 dictum
211 3900 293 3967 erat.
337 3890 412 3964 Quo
441 3895 591 3969 ternpore
613 3886 752 3964 Capito,
780 3893 917 3967 patruus
938 3904 1049 3955 mens,
1081 3883 1133 3944 vir
1156 3883 1283 3945 ordinis
1397 3912 1400 3918 ⁴

63 3976 252 4048 Senatorii,
285 3972 455 4056 Agrippae¹
479 3970 673 4052 subscripsit
700 3971 734 4030 in
757 3967 972 4030 ascanium.
1015 3968 1168 4045 Dumque
1191 3987 1226 4026 ea
1248 3967 1285 4045 in

62 4056 161 4124 Italia
182 4050 364 4138 qeruntur,
388 4046 581 4137 acri'atque'
596 4051 824 4134 prosperrimo
845 4050 934 4113 bello
959 4049 1085 4110 Cassius
1106 4048 1282 4124 Rhodum,

61 4166 136 4209 rem
158 4130 307 4209 immanis
330 4138 460 4221 operis,
483 4134 636 4219 ceperat:
660 4138 779 4197 Brutus
798 4132 919 4214 Lycios
941 4131 1126 4207 devicerat,
1150 4139 1183 4192 et
1207 4130 1285 4194 inde
1336 4148 1348 4167 ⁸

63 4230 101 4293 in
122 4218 348 4289 Macedoniam
372 4218 533 4282 exercitus
548 4220 762 4292 traiecerant3
785 4239 886 4300 quum
900 4237 962 4298 per
976 4215 1085 4296 omnia
1100 4234 1286 4296 repugnans

63 4304 203 4375 naturae
231 4329 306 4370 suae
335 4306 462 4368 Cassius
490 4303 588 4365 etiarn
616 4304 708 4381 Bruti
740 4299 945 4363 clementiam
970 4299 1128 4359 vinceret.
1171 4298 1288 4380 Neque

63 4394 235 4479 reperias,
258 4412 342 4475 quos
363 4382 420 4450 aut
439 4389 580 4463 pronior
600 4387 748 4448 Fortuna
770 4385 925 4446 comitata
946 4382 1005 4457 sit,
1028 4391 1083 4442 aut
1105 4377 1206 4443 veluti
1228 4385 1289 4444 fa-

63 4480 168 4565 tigata
190 4476 349 4537 maturius
372 4470 575 4545 destituerit,
599 4492 695 4554 quam
716 4470 855 4546 Brutum
877 4478 909 4528 et
933 4463 1088 4528 Cassiam.

109 4561 212 4625 Lxx,
243 4558 328 4620 Tam
353 4559 470 4619 Caesar
494 4561 526 4617 et
550 4555 712 4617 Antonius
734 4552 937 4615 traiecerunt
959 4549 1122 4611 exereitus
1147 4548 1183 4610 in
1208 4548 1296 4621 Maff

67 4642 274 4721 cedentum,
295 4649 328 4707 e't
354 4632 442 4725 apud
468 4628 586 4704 urbem
611 4632 788 4722 Philippos
810 4656 886 4780 cqm
906 4636 953 4697 M.
976 4634 1080 4699 brute
1113 4631 1293 4719 Cassioque
