2850 4958
479 278 628 355 einen
657 278 843 362 NONUS.
995 344 999 357 .
1200 289 1267 367 sat

46 458 90 511 te
109 445 263 510 idoneum
283 443 509 507 Diocletianus
530 442 731 507 moderando
748 447 890 529 imperia
905 468 974 513 esee
986 451 1134 526 sanaret,
1149 463 1267 518 enetos

51 530 216 595 Herculio
239 529 323 603 fuit,
355 537 391 589 ut
412 527 447 590 in
464 527 628 609 privatam
650 530 749 590 vitam
771 531 1013 607 concederent,
1043 544 1076 596 et
1096 539 1270 600 stationem

54 614 199 681 tuendae
219 610 433 695 Reipublicae
451 610 669 710 viridioribus
691 613 943 698 iunioribusque
966 617 1165 682 mandarent.
1210 621 1272 683 Gai

22 836 30 841 .
54 718 175 841 titt„
188 695 328 862 iiiii,
347 695 1273 860 tiisstt‘itia,illinitis,titaiiat‘ttiff

52 861 163 925 culius
190 861 390 933 Mediolani,
422 870 499 942 post
524 861 730 945 triumphum
757 861 934 939 inclutum,
966 885 1062 948 quem
1089 865 1211 932 Romae
1231 890 1273 932 ex

51 946 238 1008 numerosis
268 944 418 1027 gentibus
448 951 602 1027 egerant,
638 963 759 1027 pompa
789 946 993 1009 ferculorum
1027 947 1169 1025 illustri,
1205 972 1272 1037 que

53 1026 173 1092 Narsei
200 1030 355 1112 coniuges
386 1048 585 1111 sororesque
612 1035 645 1103 et
675 1026 774 1089 liberi
806 1039 882 1093 ante
905 1051 1040 1094 currum
1069 1031 1160 1097 ducti
1184 1045 1273 1099 sunt.

55 1112 300 1175 concesserunt
322 1118 401 1171 tuuc
421 1110 557 1171 Salonas
576 1131 660 1172 unus
671 1153 680 1185 ,
704 1109 787 1172 alter
808 1113 843 1173 in
862 1114 1049 1177 Lucaniam.

25 1236 29 1241 -
55 1204 64 1219 ‘
98 1195 257 1257 XXVIII.
288 1192 514 1256 Diocletianus
540 1193 689 1274 privatus
710 1192 861 1270 invilla,
894 1219 977 1281 quae
1000 1197 1089 1261 baud
1108 1199 1272 1282 procule

53 1276 188 1341 Salonis
221 1286 289 1352 est,
320 1276 491 1360 praeclaro
523 1277 592 1338 otio
624 1276 752 1338 senuit:
789 1279 940 1343 inusitata
971 1281 1095 1344 virtute
1115 1290 1211 1359 usus',
1233 1295 1272 1347 at

54 1360 147 1431 eolus
168 1360 326 1435 omnium,
343 1367 416 1441 post
437 1360 606 1422 conditum
628 1360 810 1423 Romanum
831 1362 1019 1442 imperium,
1043 1384 1083 1428 ex
1102 1373 1194 1427 tanto
1215 1369 1271 1428 t's·

52 1446 156 1528 stigio
179 1453 295 1527 sponte
323 1444 363 1506 ad
383 1442 531 1523 privatae
553 1444 639 1505 uitae
659 1451 778 1505 statum
808 1444 1066 1531 civilitatemque
1094 1459 1270 1513 remearet.

11 1528 17 1537 '
53 1528 206 1610 Contigit
235 1527 338 1607 igitur
368 1526 541 1610 ei,‚quod
565 1526 648 1589 nulli
671 1534 749 1610 post
769 1536 863 1590 natos
882 1529 1056 1605 homines,
1088 1538 1147 1604 αἱ,
1169 1552 1271 1617 quun
1297 1585 1299 1589 .

16 1646 37 1669 ,ρ
51 1611 206 1697 priuatus
228 1610 368 1685 obisset,
390 1609 480 1673 inter
497 1608 602 1673 Divos
622 1619 730 1672 tamen
751 1611 945 1677 referretur.
1195 1636 1199 1643 ·
1263 1640 1266 1645 ·
1326 1618 1328 1625 ’

374 1804 581 1883 asena
628 1757 949 1891 neamus,

49 2026 87 2092 1.
197 2022 225 2087 is
246 2023 350 2110 igitur
368 2024 564 2088 abeuntibus
584 2023 625 2088 ab
640 2022 923 2090 administratione
936 2025 1159 2113 Reipublicae,
1176 2051 1269 2098 eea·

48 2129 263 2175 susanna
297 2121 330 2173 et
360 2127 571 2172 caesurus
602 2107 741 2186 Augusti
763 2111 865 2172 creati
887 2121 977 2175 auat:
1001 2113 1188 2201 divisusque
1208 2116 1267 2181 In·

47 2201 107 2259 ter
128 2212 184 2253 eos
203 2192 248 2254 ita
268 2191 433 2256 Romanus
455 2192 566 2267 orbis,
588 2198 626 2255 ut
651 2190 812 2267 Galliam,
834 2192 984 2272 Italiam,
1006 2196 1153 2262 Africam
1175 2201 1269 2263 (losa--¹

48 2276 210 2349 stantius,
235 2275 424 2359 Illyricum,
446 2275 579 2350 Asiam,
603 2275 774 2338 Orientem
796 2276 945 2342 Galerius
969 2279 1153 2356 obtineret,
1176 2302 1269 2345 eum·

48 2362 97 2427 tis
116 2359 244 2422 duobus
274 2358 474 2422 Caesaribus.
519 2359 725 2421 Constantius
751 2367 879 2432 mmen,
910 2371 1082 2425 contentus
1107 2364 1267 2448 dignitate

47 2443 208 2528 Augusti,
230 2443 345 2506 ltaliae
366 2449 464 2524 atque
485 2440 616 2513 Africae
637 2441 910 2505 administrandae
930 2445 1189 2508 sollicitudinem
1208 2468 1267 2509 re-

49 2526 199 2591 casavit:
221 2527 274 2588 vir
294 2524 443 2610 egregius
465 2531 498 2584 et
516 2524 810 2608 praestantissimae
831 2526 1019 2601 civilitatis,
1041 2528 1166 2590 divitiis
1185 2551 1268 2612 pro.

43 2609 243 2674 vincialiom
264 2630 302 2669 ec
322 2607 528 2690 privatorum
551 2606 703 2679 studens,
726 2607 797 2670 fisci
819 2608 1075 2672 commodanon
1091 2610 1268 2678 admodum

10 2766 16 2787 ι
50 2693 239 2764 edsectane,
271 2690 467 2775 dicensque,
498 2688 612 2751 melius
636 2690 786 2791 publicus
815 2702 943 2770 opero
965 2697 1108 2774 priuatis
1133 2692 1267 2773 tabem,

10 2790 37 2909 i
50 2797 155 2931 tiit
173 2785 384 2918 iiiiii?
402 2772 596 2929 {latitia
607 2772 1165 2923 '223⁹“52310itttttt0ttiit'
1184 2802 1269 2927 330}

49 2938 273 3025 epulandum,
294 2938 500 3016 privatorum
522 2938 552 3000 ei
575 2945 709 3020 argento
733 2936 877 2999 ostiatim
899 2940 1006 3021 petito
1021 2941 1164 3004 triclinia
1178 2954 1268 3009 ster-

50 3032 224 3089 nerentur.
267 3022 419 3084 Hic'non
440 3018 541 3081 modo
563 3018 732 3094 amabilis,
753 3017 810 3080 sed
831 3019 929 3083 etiam
948 3021 1144 3084 venerabilis
1164 3026 1267 3091 Gallis
1312 3077 1316 3089 .

19 3144 31 3177 -,
50 3108 139 3173 fnit:
177 3106 357 3187 praecipue
392 3101 482 3187 quod
518 3102 716 3166 Diocletiani
753 3112 934 3182 suspectam
967 3104 1199 3189 prudentiam,
1235 3118 1272 3174 et

9 3218 20 3233 ·
51 3190 244 3257 Maximiani
280 3186 520 3272 sanguinariam
557 3185 774 3249 temeritatem
808 3186 949 3270 imperio
984 3187 1053 3251 eius
1087 3200 1266 3256 evaserant.

9 3318 20 3355 ·.
51 3274 155 3338 Obiit
181 3274 215 3335 in
245 3272 415 3334 Britannia
444 3267 611 3344 Eboraci,
639 3267 844 3354 principatus
874 3289 959 3334 anno
986 3271 1087 3336 tertio
1113 3271 1265 3353 decimo,

9 3374 22 3411 ι·
53 3354 90 3421 et
138 3357 264 3420 einter
283 3355 386 3419 Divos
407 3351 529 3417 relatus
550 3361 609 3418 est.
1249 3384 1252 3391 -

64 3482 69 3497 .
90 3378 141 3504 if.
175 3439 345 3511 Galerius,
373 3440 427 3500 vir
447 3443 481 3498 et
500 3436 608 3519 probe
630 3441 798 3510 moratas,
827 3442 861 3497 et
883 3436 1031 3523 egregius
1052 3437 1087 3499 In
1108 3458 1147 3502 re
1165 3442 1264 3525 mili-3

54 3524 146 3602 teri,
167 3520 414 3607 quumltaliam
436 3540 590 3604 quoque,
610 3518 735 3581 sinente
759 3519 967 3596 Constantio,
989 3520 1266 3592 administrationi

12 3618 19 3675 ὲ
53 3627 134 3671 suae
154 3605 323 3669 accessisse
347 3603 504 3677 sentiret,
527 3604 678 3665 Caesares
700 3600 783 3665 duos
803 3600 946 3665 creavit:
966 3618 1262 3684 'naxitanum

9 3680 23 3753 l'
50 3710 152 3775 quem
173 3689 305 3751 Orienti
325 3684 504 3767 prastaam
532 3693 565 3747 et
585 3703 806 3757 suanacas,
828 3683 883 3747 cui
904 3682 1032 3747 Italiam
1054 3683 1165 3748 dedite
1189 3690 1262 3770 ipse

9 3762 15 3805 ἶ
47 3772 89 3841 ln
106 3771 243 3857 Illyrico
266 3777 486 3834 commoratus
506 3776 565 3831 est.
608 3767 734 3827 Verum
755 3766 945 3830 Constantio
971 3773 1126 3838 mortuo,
1160 3789 1267 3832 coss

48 3875 312 3927 ennarrans,
342 3872 382 3914 ex
402 3850 588 3914 obscuriori
607 3846 818 3912 matrimonio
841 3848 911 3911 eius
930 3846 1037 3922 tilius,
1058 3847 1094 3909 in
1115 3848 1253 3917 britan..

8 3970 11 3975 ·
47 3941 107 4006 nie
135 3947 263 4002 creatus
293 3943 342 3998 est
366 3934 574 4018 Imperator,
605 3941 639 3996 et
664 3929 698 3992 in
725 3926 835 3990 locum
859 3929 965 4009 petris
990 3930 1251 4010 exoptatissima.

48 4022 242 4089 moderator
264 4018 408 4081 accessit.
449 4017 571 4079 Romae
592 4015 716 4077 interea
734 4012 949 4094 praetoriani,
969 4011 1110 4075 excitato
1125 4018 1257 4082 tumul-

8 4128 13 4149 ··
47 4115 109 4182 tu,
139 4121 420 4175 naxennuus,
452 4098 600 4161 Herculii
621 4096 746 4170 tilium,
774 4093 831 4176 qui
851 4090 938 4154 baud
959 4091 1077 4176 procul
1098 4096 1138 4159 ab
1159 4099 1254 4166 Urbe

8 4246 10 4253 .
47 4191 89 4256 in
118 4188 194 4251 villa
222 4184 356 4271 publica
386 4180 598 4254 morabatur,
635 4178 815 4263 Augustum
849 4188 1126 4259 nuncupaverunt.
1176 4182 1252 4259 Quo
1342 4245 1345 4256 Ι

46 4271 170 4339 nuntio
190 4267 403 4332 Maximianus
423 4264 597 4327 Herculius
616 4261 658 4324 ed
676 4282 766 4344 spem
787 4266 932 4322 arrectus
952 4260 1136 4321 resumendi
1155 4265 1252 4328 fasti..

8 4412 23 4429 ·’
46 4345 727 4516 tizititttzttlsstt‘’altat‘
738 4340 1264 4496 :littinff‘ttttnttt

48 4520 360 4600 Diocletianumque
380 4517 478 4579 etiam
498 4534 560 4594 per
579 4512 705 4575 litteras
726 4508 917 4571 adhortatus
937 4516 996 4584 est,
1018 4515 1054 4571 ut
1071 4507 1093 4571 d
1137 4509 1252 4579 ositan

50 4610 236 4675 numeret
258 4602 474 4690 potetatem:
507 4618 597 4685 quas·
616 4594 674 4661 ille
698 4594 810 4660 irritas
830 4591 963 4659 babuit.
995 4590 1072 4697 §ed
1153 4612 1284 4659 m-

797 4677 843 4761 st
