2834 4950
145 276 196 379 so
540 342 543 349 .
666 272 879 351 sunum.

145 451 230 507 ants.
244 438 327 505 mari
347 436 481 502 flumine
499 434 577 501 dibi
597 436 768 515 subvectu,
793 438 1010 525 plurimarum
1034 438 1182 525 gentium
1204 442 1361 523 victoris,

145 548 222 589 cum
243 523 519 586 abundantissima
538 542 652 587 rerum
674 524 822 588 omnium
845 523 960 609 copis,
981 524 1142 587 exercitui
1163 526 1362 615 Csessrlqus

145 632 181 672 se
203 606 320 671 iunxit.
1360 668 1363 673 .

191 692 294 755 CVII.
326 685 402 751 Non
428 694 582 772 temporo
615 690 720 767 mibi,
751 689 832 774 quin
865 694 974 751 tantae
1003 708 1113 753 rerum
1143 692 1362 777 magnitudini

145 774 234 851 boc,
258 773 494 857 qualecumque
514 782 578 848 est,
602 774 753 839 inseram.
795 773 905 853 Quum
926 773 1113 835 citeriorem
1128 777 1237 858 ripam
1260 796 1364 861 prae-t

146 860 229 923 dicti
252 853 396 923 fluminis
418 857 532 917 castris
557 879 820 941 occupassemus,
849 867 883 919 et
904 857 1045 919 ulterior
1065 868 1188 920 armata
1213 858 1364 927 bostiunl

146 943 315 1007 iuventute
336 940 497 1024 fulgeret,
519 940 579 1001 sub
602 963 697 1003 omen
721 951 908 1025 metumque
927 948 1114 1003 nostrarum
1133 941 1270 1007 narium
1287 950 1362 1031 proi

144 1030 234 1090 tinus
263 1024 514 1111 refugientium,
547 1046 629 1085 unus
659 1046 678 1092 s
707 1026 878 1096 barbaris,
910 1025 1176 1100 aetate'xsenior,
1216 1048 1362 1115 corpore

148 1107 326 1184 excellens,
358 1101 538 1207 dignitate,
567 1117 725 1190 quantum
746 1108 938 1171 ostendebat
961 1107 1088 1183 cultus,
1112 1109 1280 1187 eminens,
1302 1110 1361 1175 es-

146 1206 275 1269 vatum,
300 1202 338 1255 ut
359 1190 424 1254 illrs
448 1212 519 1253 mos
543 1202 607 1267 est,
629 1213 669 1253 ex
692 1192 828 1255 materia
850 1191 1041 1253 conscendit
1054 1192 1192 1265 alveum,
1208 1196 1363 1281 solusque

145 1278 183 1342 id
204 1276 325 1361 navigii
355 1296 455 1361 genus
481 1284 685 1357 temperans,
711 1275 927 1337 tad-medium
949 1276 1113 1357 processit
1133 1276 1303 1355 flumiuis,
1333 1289 1364 1356 et

146 1364 266 1448 petiit,
288 1364 402 1422 liceret
423 1359 487 1420 sibi
494 1404 504 1433 ,
530 1366 599 1422 suite
614 1361 780 1439 periculo,
810 1364 845 1420 ἐπ
868 1378 957 1431 earn,
985 1380 1083 1441 quam
1102 1365 1205 1421 arms’s
1222 1364 1364 1425 tenedu-

147 1469 237 1521 mus,
260 1442 373 1528 egredi
390 1446 496 1525 ripum
508 1486 517 1517 ‚
542 1443 708 1505 arridere
732 1445 913 1525 Caesarem.
958 1442 1041 1503 Data
1070 1436 1105 1521 [a
1126 1444 1289 1529 Caesare]
1304 1465 1366 1531 pei

146 1531 232 1593 tenti
261 1526 409 1590 facultas.
458 1526 544 1587 Tum
574 1525 711 1608 appulso
738 1524 860 1598 lintre,
892 1522 949 1586 diu
974 1523 1094 1586 tacitus
1124 1530 1363 1613 contemplatus

149 1614 331 1675 Caesarem.
375 1609 501 1672 Nostra
526 1612 673 1695 qustiem,
706 1608 831 1692 inquit,
848 1606 949 1688 furit
970 1612 1133 1684 iuuentus,
1163 1626 1250 1695 quae
1269 1629 1364 1697 quum

147 1708 289 1764 vestrum
312 1717 427 1756 numen
447 1688 627 1755 absentium
646 1694 753 1768 colat,
769 1694 988 1774 praesentatem
1001 1696 1114 1775 potius
1126 1713 1222 1755 arma
1237 1700 1364 1773 metiss't,

147 1803 245 1865 quam
267 1776 534 1863 sequs‘turfidem.
577 1776 639 1838 Sed
659 1798 720 1858 ego
743 1776 897 1855 beneficio
920 1794 961 1833 ae
980 1780 1140 1856 permissu
1159 1788 1239 1854 tuo,
1276 1784 1364 1843 Gae-

146 1886 205 1925 sar
216 1907 225 1936 ,
248 1885 328 1947 quos
348 1870 425 1922 ante
447 1855 634 1941 audiebam,
656 1848 751 1919 bodie
769 1858 835 1923 vidi
853 1858 957 1917 Deos:
980 1880 1039 1919 nec
1047 1858 1243 1937 feliciorem
1264 1864 1365 1927 ullum

146 1954 236 2014 ritae
259 1967 351 2005 meae
373 1953 434 2003 aut
453 1949 564 2025 optavi
579 1955 639 2003 aut
659 1944 744 2003 semi
761 1941 857 2003 diem.
900 1938 1159 2026 Impetratoque,
1181 1952 1218 2006 ut
1231 1968 1365 2011 manum

147 2024 374 2111 contingeret,
397 2046 545 2087 reversus
567 2026 600 2085 in
622 2023 824 2099 naviculam,
854 2021 924 2085 sine
945 2022 1009 2088 tine
1028 2036 1213 2110 respectans
1240 2028 1364 2093 Caesi·

147 2134 241 2185 rem,
263 2112 356 2194 ripae
377 2129 512 2171 suorum
534 2107 687 2193 appulsus
712 2116 771 2170 est.

190 2192 312 2271 Victor
339 2192 484 2255 omnium
515 2193 659 2274 gentium
685 2190 920 2273 locorumque,
951 2204 1033 2276 qnos
1054 2187 1201 2268 adierat,
1217 2195 1367 2271 .Gaesst·',·

149 2300 224 2342 cum
252 2274 410 2340 incolumi
435 2274 681 2359 inviolatoque,
704 2282 736 2338 et
761 2277 859 2340 semel
880 2277 1124 2350 tantummodo,
1147 2292 1263 2362 magna
1293 2286 1367 2343 'cum

147 2360 240 2426 clade
263 2358 427 2433 hostium,
450 2357 566 2422 fraude
591 2380 705 2421 eorum
724 2363 849 2421 tentato
874 2360 1031 2432 exercitu,
1056 2361 1088 2421 in
1104 2360 1241 2423 biberna
1257 2362 1370 2447 legio-5

146 2469 204 2509 nes
229 2444 381 2518 reduxit3
405 2442 529 2518 eadem,
551 2464 615 2527 qua
633 2442 749 2523 priore
763 2465 860 2518 anno,
876 2443 1086 2506 festinatione
1101 2445 1226 2505 Urbem
1240 2452 1367 2528 peteus‘:

190 2526 312 2593 CVIII.
343 2521 436 2593 Nihil
456 2533 526 2589 erat
547 2524 611 2589 iam
632 2527 666 2589 in
689 2527 881 2600 Germania,
907 2527 996 2610 quod
1018 2526 1104 2589 vinci
1127 2536 1250 2609 posset,
1266 2542 1368 2612 prae-⁴

146 2622 200 2676 ter
221 2606 348 2698 gentem
369 2614 696 2683 Marcomannorum
726 2631 809 2693 quae
839 2602 1157 2673 Maroboduodnce
1178 2608 1286 2675 excitu
1315 2634 1368 2675 se*

148 2695 244 2758 dibus
267 2696 344 2770 suis,
370 2705 403 2755 at
428 2715 468 2754 ue
490 2690 524 2757 in
544 2690 703 2755 interiora
722 2688 897 2779 refugiens,
919 2688 1078 2755 incinctos
1100 2694 1266 2778 Hercynia
1288 2696 1368 2759 silrs

148 2796 282 2862 campos
303 2714 479 2841 incolebat.
522 2770 619 2839 Nulla
639 2776 806 2839 festinatio
830 2768 929 2839 buius
949 2777 1014 2838 siri
1035 2778 1235 2841 mentionem
1257 2787 1369 2843 trans*

147 2862 242 2951 gredi
266 2858 374 2926 debet·
418 2860 661 2961 Maroboduus,
682 2881 800 2945 genere
821 2852 963 2936 nobilis,
986 2881 1131 2945 corpore
1151 2862 1368 2945 praevalens,

147 2944 258 3010 animo
281 2949 396 3021 ferox,
419 2946 551 3007 natione
572 2967 673 3031 magis
694 2966 793 3029 quam
813 2945 943 3007 ratione
962 2942 1137 3019 barbarus,
1158 2966 1226 3007 non
1240 2946 1371 3011 tumuli

147 3029 314 3106 tuarium,
336 3052 442 3113 neque
464 3024 662 3104 fortuitum,
691 3050 798 3112 neque
811 3026 978 3091 'mobilem
1000 3031 1034 3089 ct
1054 3042 1093 3089 ex
1114 3018 1286 3093 voluntate
1304 3052 1370 3115 pa·

145 3115 298 3179 rentium.
314 3118 527 3193 constantem,
550 3112 638 3177 inter
659 3133 733 3176 suos
756 3104 931 3193 occupavit
949 3100 1184 3193 principatum,
1206 3113 1264 3175 sed
1287 3130 1369 3177 cer-

147 3198 219 3260 t'um
240 3194 417 3283 imperium
437 3199 569 3281 vimque
589 3191 714 3277 regiam
734 3194 923 3278 complexus
945 3186 1067 3267 animo,
1083 3194 1209 3269 statuit,
1230 3206 1369 3261 avocate

147 3280 268 3366 procul
290 3302 308 3341 a
329 3280 481 3341 Romanis
502 3287 598 3363 gente
624 3299 699 3350 sua,
732 3297 771 3339 eo
793 3266 972 3360 progredi,
1005 3276 1205 3362 ubl,vquum
1224 3289 1371 3365 propter

147 3362 339 3450 potentiora
364 3384 454 3421 arma
475 3358 648 3439 rcfugisset
660 3404 670 3433 ,
700 3376 756 3439 sua
776 3355 900 3421 faceret
922 3360 1160 3440 potentissima.

193 3444 276 3508 CIX.
311 3436 489 3520 Occupatis
516 3436 640 3526 igitur,
679 3461 762 3524 quos
790 3434 1035 3523 praediximus,
1067 3438 1171 3529 lucit,
1209 3440 1371 3511 finitimo·

151 3548 263 3591 omnes
283 3535 340 3613 aut
360 3524 592 3600 bellodomuit,
614 3531 672 3591 aut
692 3525 938 3588 conditionibus
960 3524 1042 3588 iuris
1061 3523 1111 3589 sni
1125 3529 1221 3592 fecit:
1243 3544 1369 3614 corpus

129 3632 245 3686 suum
268 3602 424 3675 ‚custodia
455 3604 610 3671 munivit:
644 3600 837 3691 imperium,
866 3602 1234 3693 perpetuisarmorum
1264 3628 1371 3677 exeris

150 3692 239 3759 titiis
260 3695 406 3760 exercitu
423 3712 535 3777 paene
564 3690 606 3755 sd
630 3682 794 3755 Romanae
826 3684 1018 3779 disciplinae
1045 3691 1186 3759 formam
1210 3697 1371 3773 redacto,

149 3776 246 3843 brevi
270 3776 312 3843 ,in
343 3773 485 3840 eminens
517 3783 551 3838 et
577 3776 693 3840 nostro
728 3798 860 3861 quoque
890 3780 1030 3864 imperio
1065 3778 1245 3843 timendum
1281 3802 1368 3865 per-

150 3864 245 3927 duxit
270 3861 453 3946 fastigium:
482 3853 687 3945 gerebatque
717 3881 751 3923 se
775 3854 820 3925 ita
842 3861 994 3926 adversus
1016 3862 1200 3939 Romanos,
1233 3872 1272 3927 ut
1299 3884 1368 3927 ne·-

151 3968 217 4031 que
230 4005 233 4012 .
246 3944 335 4009 bello
367 3964 427 4007 nos
458 3941 650 4021 lacesseret3
685 3952 737 4021 et,
773 3945 799 4007 si
829 3938 1064 4020 lacesseretur,
1096 3967 1266 4029 superesse
1296 3946 1374 4011 'sibi-

150 4032 217 4093 rim
240 4050 277 4091 ac
298 4024 499 4099 voluntatem
519 4026 691 4093 resistendi
715 4019 913 4093 ostenderet.
955 4024 1086 4114 Legati,
1110 4052 1193 4115 quos
1214 4024 1373 4095 mittebat

151 4114 193 4176 ad
216 4112 383 4191 Caesares,
397 4108 578 4175 interdum
608 4118 647 4176 ut
676 4107 858 4196 supplicem
888 4105 1174 4190 commendabant,
1200 4115 1375 4179 interdum

150 4208 190 4260 ut
209 4218 272 4282 pro
294 4193 368 4279 pari
388 4194 621 4279 loquebantur.
664 4194 824 4258 Gentibus
852 4192 1107 4280 hominibusque
1127 4219 1146 4258 a
1166 4197 1264 4260 nobis
1286 4200 1373 4263 des-

151 4280 350 4345 ciscentibus
377 4288 448 4341 erat
468 4279 556 4365 opud
584 4302 659 4342 eum
688 4273 897 4364 perfugium:
927 4288 1082 4364 totusque
1110 4302 1149 4342 ex
1174 4281 1258 4343 male
1293 4283 1372 4347 dis-

151 4362 305 4428 simulato
336 4362 452 4449 agebat
477 4362 657 4443 aemulum:
689 4363 945 4446 exercitumque,
978 4384 1076 4445 quem
1105 4364 1205 4427 Lxx·
1225 4365 1373 4431 millium

151 4447 322 4595 peditum,
354 4456 498 4531 quatuor
525 4447 671 4547 equitum
703 4447 842 4517 fecerat,
874 4446 1010 4509 assiduis
1032 4446 1184 4511 adsersus
1207 4448 1370 4514 finitimos

178 4532 248 4595 ellis
278 4529 479 4606 exercendo,
510 4530 651 4604 maiori,
682 4551 779 4615 quam
807 4528 903 4681 quod
934 4531 1070 4605 obibat,
1099 4534 1193 4615 operi
1223 4555 1375 4618 praepa-

60 4685 68 4708 „
152 4617 258 4682 rabat.
313 4614 459 4703 Eratque
494 4612 594 4681 etism
620 4634 670 4710 ¹eu
704 4612 807 4681 timer
830 4635 893 4693 us,
933 4614 1046 4705 quod,
1084 4638 1186 4706 quum
1227 4618 1374 4685 Garma-
