2850 4958
269 655 725 775 nnnnvono
787 628 1152 770 necrom-
1241 720 1244 733 ·

384 858 387 864 ,
643 877 683 954 s·
732 875 779 950 D·
877 924 880 929 Ι
1248 852 1254 865 ,
1365 843 1368 847 ,

428 1070 966 1183 'sa.r1nn1na

1060 1202 1086 1243 ἢ
1326 1220 1356 1267 ‚a
1372 1218 1395 1275 F

599 1287 825 1326 mmm&

88 1465 157 1630 p
160 1563 336 1646 opulorum
362 1575 510 1632 veterum
536 1590 589 1633 res
618 1577 729 1656 gestae
758 1579 792 1635 at
816 1570 967 1650 virorum
990 1568 1177 1639 illustrium
1189 1568 1276 1632 vitae
1297 1574 1336 1651 ut
1380 1621 1384 1633 .

89 1689 129 1729 ex
150 1668 229 1751 ipsis
257 1668 417 1754 antiquis,
451 1671 486 1734 id
511 1683 579 1748 est,
614 1675 748 1741 Graecis
778 1683 878 1758 atque
898 1672 1052 1736 Romanis
1073 1669 1295 1752 scriptoribus
1316 1691 1335 1728 a

87 1772 244 1855 studiosis
263 1771 451 1836 litterarum
471 1775 635 1838 bonarum
658 1783 916 1862 cognoscantur,
938 1795 1019 1838 neve
1039 1773 1146 1835 solum
1166 1764 1337 1834 asummass

90 1874 150 1936 riis
177 1875 244 1937 sire
270 1875 466 1952 breviariis,
494 1880 674 1942 recentiori
698 1878 831 1964 quidem
853 1899 932 1941 aevo
956 1886 989 1939 et
1008 1873 1183 1939 vernaculo
1205 1894 1336 1936 sermo-

90 1978 306 2062 asscriptis,
337 1979 527 2056 discantur,
549 2005 567 2043 a
590 1983 770 2066 magistris,
803 1980 861 2065 qui
884 1978 1088 2064 antiquitatis
1111 1988 1144 2042 et
1168 1976 1335 2040 ⁴historiae
1389 2015 1392 2020 -

90 2081 196 2142 studia
219 2081 252 2143 in
274 2082 396 2146 scholis
417 2082 552 2170 regant,
575 2107 673 2169 qaam
695 2083 942 2168 diligentissime
963 2083 1145 2147 curandum
1166 2102 1250 2156 esse,
1274 2071 1337 2141 ness

90 2206 144 2246 mo
173 2207 240 2246 non
270 2186 454 2263 concedet,
486 2187 542 2271 qui
574 2185 788 2248 scholasticae
819 2184 1056 2271 institutionis,
1094 2182 1199 2268 qualis
1223 2191 1337 2266 nostra

89 2285 221 2370 quidem
242 2295 349 2350 aetate
372 2292 577 2353 conformata
597 2299 664 2365 est,
686 2287 901 2351 subtilitatem
923 2297 1021 2372 atque
1042 2287 1213 2369 ambitum,
1233 2270 1339 2359 disoi{

88 2389 263 2476 plinacque
282 2392 421 2475 puerilis
442 2395 649 2457 severitatem
670 2413 716 2473 ao,
728 2391 921 2478 gravitatem
945 2389 1226 2475 comprobaverit.
1254 2386 1338 2477 Ete-¹
1371 2477 1372 2480 Ἴ
1411 2368 1419 2387 ’

88 2494 157 2554 nim
173 2493 260 2580 quid
282 2504 341 2570 est,
367 2496 459 2579 quod
480 2496 574 2560 etad
595 2505 782 2558 accuratam
802 2494 963 2558 historiae
991 2495 1145 2578 antiquae
1166 2491 1338 2556 scientiam

53 2600 57 2610 ’
87 2597 342 2680 comparandam
364 2601 489 2683 aptius,
517 2598 559 2662 ad
579 2598 766 2682 linguarum
787 2606 933 2661 veterum
964 2597 1190 2681 cognitionem
1212 2614 1339 2679 augen-

89 2703 164 2765 dam
192 2704 295 2786 magis
325 2699 542 2784 frugiferum,
574 2709 607 2762 et
638 2698 678 2759 ad
709 2699 857 2760 intimam
881 2723 956 2763 oum
986 2699 1182 2784 antiquitate
1209 2696 1339 2773 erudita

90 2804 147 2866 illa
169 2803 426 2864 familiaritatem
449 2790 622 2864 ineundam
644 2800 802 2862 efficacius
825 2823 893 2863 esse
913 2804 1045 2886 possit,
1069 2824 1166 2888 quam
1193 2823 1232 2864 ex
1253 2802 1340 2862 fon-

90 2906 182 2967 tibus
213 2902 315 2985 ipsis,
347 2903 468 2986 quibus
497 2923 575 2963 vcra
606 2911 639 2962 et
670 2914 820 2964 accurata
852 2889 965 2975 rerum
992 2900 1159 2990 gesturum
1190 2900 1376 2975 narratio⁸²

92 3006 319 3078 contincatur,
343 3009 496 3090 antiquae
515 3004 676 3068 historiae
696 3004 849 3067 notitiam
868 3006 1039 3070 hauriret
1066 3009 1196 3090 Quibus
1220 2992 1348 3101 caussip·

91 3110 259 3196 permoti,
281 3109 552 3194 praestantissimi
570 3107 787 3181 historiarum
806 3118 1039 3192 praeceptores
1054 3100 1180 3191 adibus
1194 3111 1340 3175 studium

92 3213 271 3276 iuvandum
294 3212 623 3297 promovendumque
642 3209 748 3273 libros
772 3196 993 3303 scripserunt,
1013 3214 1050 3277 ‘in
1071 3212 1191 3300 quibus
1211 3216 1338 3298 capita,

93 3316 284 3399 cognitione
309 3316 514 3399 dignissima,
548 3336 587 3376 ex
609 3316 741 3378 summis
763 3313 977 3405 auctoribus,
999 3325 1032 3378 et
1053 3317 1188 3382 Graecis
1210 3327 1243 3381 et
1262 3318 1338 3381 Ro·
1397 3342 1400 3347 ·

93 3421 219 3492 munis,
251 3428 403 3500 excerpta
435 3428 467 3476 et
489 3416 529 3479 nd
556 3421 715 3500 temporis
738 3418 890 3480 ordinem
911 3427 987 3500 apte
1008 3418 1168 3504 disposita
1190 3420 1337 3484 ederent·

93 3523 142 3584 tta
164 3526 211 3584 Ῑο.
240 3521 375 3602 Godofr.
399 3519 571 3596 eichhorn,
595 3527 682 3605 Aug.
708 3521 878 3598 Matthias,
903 3522 992 3583 Frid.
1014 3524 1052 3583 de
1072 3533 1230 3596 Ruumer,
1251 3521 1340 3583 Frid.

92 3626 227 3702 Jacobs,
260 3627 390 3711 egregie
422 3625 462 3686 de
488 3626 648 3689 historiae
680 3626 787 3688 studio
821 3626 957 3687 meritos
980 3644 1066 3698 esse,
1095 3625 1258 3707 quiscat,
1281 3623 1339 3706 qui
1409 3696 1413 3702 ⁸

55 3778 58 3789 .
93 3733 235 3814 ignoret,
257 3750 438 3811 eorumque
452 3727 570 3804 libros,
587 3744 728 3813 quorum
744 3727 858 3789 titulos
875 3727 960 3788 inira
976 3727 1161 3809 descriptos
1173 3725 1274 3791 habes
1292 3728 1338 3806 ὑ),

91 3832 200 3894 denuo
224 3833 323 3893 etiam
345 3842 442 3916 atque
463 3836 561 3895 etiam
582 3830 830 3904 commendare,
859 3833 900 3892 ab
924 3832 991 3895 boc
1012 3831 1147 3917 quidem
1171 3827 1246 3892 ioco
1269 3833 1341 3890 nun

91 3929 236 4000 alienum
280 3957 365 3999 esse·
388 3935 582 3999 existimavi.
635 3937 802 4015 Quorum*
826 3934 977 3997 virorum
1011 3932 1186 3998 consilium
1221 3933 1355 4002 imita-‚

95 4111 450 4131 Μ

94 4185 132 4261 *J
148 4183 292 4267 Antiqua
313 4183 454 4248 historia
477 4205 516 4247 ex
537 4186 617 4269 ipsis
637 4191 784 4246 veterum
806 4184 1010 4262 scriptorum
1043 4183 1224 4246 latinorum
1254 4203 1340 4242 nar-

155 4268 339 4330 rationibus
370 4278 534 4331 contexta.
587 4267 649 4329 Ed.
681 4273 749 4336 Io„
767 4266 903 4344 Godofr.
934 4265 1105 4330 Eiclshorn.
1139 4267 1181 4328 Τ.
1200 4267 1229 4328 Ι.
1253 4265 1340 4326 Hist.

155 4348 249 4408 Asiae
271 4361 304 4413 et
326 4353 468 4415 Africae.
513 4340 553 4414 T.
577 4352 623 4414 11.
647 4351 732 4413 Hist.
756 4350 922 4427 Europae.
950 4351 1127 4434 Gottingae
1151 4350 1242 4414 1811.
1267 4348 1341 4406 8·—

153 4434 302 4496 Et'usdem
323 4435 467 4517 Antiqua
489 4436 630 4498 historia
651 4454 689 4497 ex
711 4436 790 4508 ipsis
811 4444 959 4496 veterum
975 4435 1176 4514 scriptorum
1191 4436 1343 4496 Graeco-

153 4538 229 4579 rum
251 4521 490 4584 narrationibus
512 4528 675 4601 contexta.
719 4517 849 4603 Lipsiae
873 4517 963 4578 1812.
985 4520 1050 4581 .1v.
1075 4516 1166 4580 Voll.
1190 4519 1221 4589 8.
