2850 4958
209 263 369 345 carso
398 261 580 344 caurus
611 266 735 345 non.
760 268 872 347 aar.
902 268 1048 369 att-14.
1177 300 1250 384 199
1281 264 1298 303 '
1362 366 1364 370 ,

96 450 136 493 ac
157 439 249 498 erant
272 450 311 493 ex
331 430 485 494 stramine
506 431 595 513 apii,
618 438 796 507 comestas-3
818 431 933 495 arbem
954 433 988 496 iu
1012 455 1051 499 eo
1073 434 1150 500 loco
1171 462 1258 504 con.

47 506 190 586 'idisse3
211 534 359 597 eamque,
379 513 469 596 quod
490 514 525 574 in
545 522 658 597 stagno
673 513 801 587 laverit,
816 514 985 577 Lavinium
999 522 1256 601 cognominasse.

48 600 137 660 Tum
159 596 278 658 deinde
298 619 316 658 a
337 598 475 671 Latino,
498 617 575 681 rege
596 597 834 680 Aboriginum,
857 597 931 659 data
953 599 1003 674 ei,
1025 625 1107 684 quae
1128 605 1257 670 incole-

47 692 122 755 ret,
144 681 255 763 iugera
277 679 464 763 quingenta.
506 678 551 739 At
573 681 651 741 Cato
677 681 710 740 in
733 680 871 764 Origine
901 684 1027 764 generis
1047 686 1183 752 ltomani
1209 692 1254 755 ita
1275 690 1296 759 5

48 765 166 827 docet:
197 763 295 824 Suem
315 764 450 846 triginta
471 763 626 844 porculos
647 765 812 844 peperisse
835 764 869 825 in
891 786 929 826 eo
950 765 1048 842 loco,
1080 771 1137 830 ubi
1168 797 1255 838 nunc

47 857 101 910 est
121 846 307 908 Lavinium:
331 866 497 927 quumque
521 847 639 907 Aeneas
662 846 708 906 ibi
731 847 843 908 urbem
866 848 1007 911 condere
1024 854 1254 934 constituisset,
1285 882 1290 893 ·

46 939 255 1014 propterque
276 931 346 1012 agri
368 929 572 991 sterilitatem
597 938 772 1002 metueret,
794 952 854 1012 per
874 931 1016 1012 quietem
1038 935 1067 994 ei
1083 937 1148 996 visa
1162 944 1257 1002 Deo.

47 1034 124 1076 rum
152 1014 310 1074 Penatum
331 1012 525 1084 simulacra,
548 1012 803 1086 adhortantium,
827 1024 863 1076 ut
882 1028 1104 1095 perseveraret
1125 1019 1156 1080 iu
1173 1044 1257 1085 con.

49 1096 155 1159 denda
188 1095 290 1169 urbe,
321 1118 418 1178 quam
448 1104 623 1176 coeperat,
654 1117 726 1157 nam
756 1106 833 1177 post
862 1119 962 1158 annos
992 1101 1150 1175 totidem,
1174 1117 1257 1189 quot

47 1181 159 1242 foetus
181 1178 268 1239 illius
291 1181 356 1241 suis
379 1187 502 1251 essent,
527 1179 688 1239 Troianos
711 1179 743 1239 iu
767 1180 839 1241 loca
861 1180 982 1242 fertilia
1001 1193 1098 1266 atque
1118 1188 1258 1253 uberio-

47 1283 121 1325 rem
153 1282 266 1345 agrum
297 1263 604 1346 transmigraturus,
641 1271 675 1324 et
700 1262 815 1326 urbem
846 1263 1015 1327 clarissimi
1046 1270 1188 1333 nominis
1220 1275 1256 1338 is

46 1344 145 1407 ltalia
166 1343 366 1408 conditurus.

91 1429 186 1489 XIII.
219 1428 325 1509 Igitur
345 1426 507 1500 Latinum,
528 1426 746 1509 Aboriginum
767 1450 888 1513 regem,
912 1451 1011 1511 quum
1029 1431 1058 1493 ei
1073 1436 1258 1501 nuntiatum

11 1514 20 1573 ἰ
47 1520 152 1585 esset,
182 1510 422 1573 multitudinem
455 1508 668 1584 advenarum,
701 1512 801 1573 classe
831 1513 1013 1586 advectam,
1049 1523 1257 1600 occupavisse

49 1615 165 1675 agrum
189 1595 393 1667 Laurentem,
417 1592 584 1653 adversum
601 1595 727 1655 subitos
749 1595 999 1676 inopinatosque
1013 1597 1123 1660 hostes
1139 1604 1257 1665 incun-
1287 1674 1291 1680 ¹

11 1694 25 1737 :-
49 1687 178 1737 ctanter
199 1699 270 1739 suas
297 1679 407 1758 copias
429 1675 594 1736 eduxisse·
628 1699 664 1739 ac
685 1678 789 1757 prius,
812 1700 906 1759 quam
930 1681 1056 1761 signum
1081 1683 1299 1750 dimicantis

11 1744 22 1813 Ϊ
47 1760 163 1830 daret,
194 1760 458 1821 animadvertisse
480 1759 643 1820 Troianos
665 1759 852 1821 militariter
873 1761 1060 1836 instructos,
1084 1789 1183 1849 quum
1206 1771 1257 1832 sui

46 1840 213 1925 lapidibus
235 1865 273 1905 ac
294 1843 427 1904 sudibus
449 1842 586 1912 armati,
609 1851 677 1903 tum
700 1845 797 1903 etiam
818 1853 904 1905 veste
924 1855 980 1906 aut
1000 1847 1151 1928 pellibus,
1174 1871 1258 1936 quae

48 1926 96 1986 eis
118 1927 338 2009 integumento
362 1934 470 1996 erant,
494 1925 633 1986 sinistris
654 1927 801 1987 manibus
822 1925 988 1999 involutis,
1010 1937 1255 2009 processissent.

43 2007 164 2092 ltaque
183 2030 337 2088 suspenso
361 2009 559 2081 certamine,
580 2029 643 2089 per
664 2008 865 2092 colloquium
895 2013 1073 2093 inquisito,
1107 2019 1163 2100 qui
1197 2041 1257 2081 e..

42 2102 140 2165 sent,
169 2092 287 2174 quidve
309 2099 475 2174 peterent,
504 2099 620 2171 utpote
641 2092 697 2172 qui
721 2092 752 2152 in
774 2093 838 2154 hoc
866 2097 1037 2159 consilium
1060 2103 1257 2164 auctoritate

41 2176 215 2237 numinum
243 2177 441 2258 cogebatur:
475 2195 614 2256 namque
636 2174 716 2235 extis
738 2196 775 2236 ac
796 2178 930 2240 somniis
952 2203 1047 2262 saepe
1070 2184 1256 2247 admonitus

40 2268 136 2330 erat,
161 2259 313 2319 tutiorem
336 2279 369 2319 se
390 2260 558 2319 adversum
579 2255 688 2318 hostes
709 2258 802 2332 fore,
825 2260 851 2320 si
874 2264 984 2344 copias
1006 2285 1077 2325 suas
1099 2290 1170 2330 cum
1194 2270 1256 2331 ad·

40 2342 139 2402 venis
161 2341 400 2403 coniunxisset:
434 2360 599 2422 quumque
619 2341 845 2421 cognovisset,
867 2344 1006 2408 Aeneam
1033 2356 1065 2407 et
1079 2350 1253 2426 Anchisen,
1275 2346 1298 2413 3

38 2423 135 2487 bello
156 2426 261 2506 patria
283 2425 407 2504 pulsos,
430 2445 501 2483 cum
525 2422 705 2484 simulacris
719 2425 865 2487 Deorum
881 2439 1024 2489 errantes
1039 2431 1144 2493 sedem
1161 2456 1258 2515 quoe·

36 2526 144 2580 rere,
181 2507 357 2569 amicitiam
389 2505 523 2567 loedere
554 2505 668 2578 inisse,
700 2506 775 2567 dato
808 2507 944 2570 invicem
968 2512 1195 2589 iureiurando,
1219 2526 1256 2579 ut

40 2605 236 2651 communes
258 2610 387 2670 quoque
408 2587 518 2648 hostes
540 2588 701 2648 amicosve
720 2588 890 2651 baberent.
933 2594 1047 2677 Itaque
1069 2607 1221 2680 coeptum
1237 2595 1300 2676 uA

38 2670 201 2733 Troianis
223 2673 343 2732 muniri
363 2669 495 2743 locum,
528 2690 624 2752 quem
645 2671 767 2731 Aeneas
789 2693 827 2733 ex
854 2677 986 2737 nomine
1017 2680 1128 2741 uxoris
1158 2704 1254 2758 suae,

37 2754 155 2816 Latini
189 2755 274 2836 regis
306 2753 409 2825 filiae,
440 2773 523 2833 quae
553 2752 615 2811 iam
638 2761 712 2813 ante
734 2754 926 2836 desponsata
948 2759 1060 2821 Turno
1083 2763 1254 2829 Herdonio

39 2839 173 2908 fuerat,
195 2836 365 2897 Lavinium
390 2834 642 2916 cognominavit.
687 2835 730 2896 At
751 2858 829 2897 vero
853 2837 1021 2915 Amatam,
1041 2844 1146 2907 Latini
1169 2851 1255 2933 regis
1275 2844 1295 2910 5

39 2941 205 2994 uxorem,
229 2941 329 3001 quum
350 2916 481 2999 indigne
503 2918 615 2989 ferret,
638 2918 817 2990 Lavinium,
839 2922 1012 3003 repudiato
1035 2925 1147 2988 Turno
1171 2952 1256 2993 con-

41 3002 184 3066 sobrino
215 3024 297 3075 suo,
330 2999 475 3061 Troiano
508 2999 649 3060 advenae
680 3001 894 3077 collocatam,
928 3006 1074 3066 Turnum
1105 3010 1145 3070 ad
1167 3032 1256 3076 arma

41 3085 277 3158 concitavisse,
310 3102 447 3166 eumque
468 3104 565 3156 mox,
594 3093 709 3145 coacto
734 3083 929 3148 Rutulorum
952 3090 1117 3164 exercitu,
1139 3100 1255 3154 teten-

42 3168 132 3231 disse
159 3168 192 3230 in
223 3187 337 3252 agrum
366 3168 579 3238 Laurentem,
613 3174 645 3227 et
674 3167 825 3229 adversus
855 3191 927 3231 eum
958 3172 1108 3235 Latinum
1129 3176 1256 3258 pariter

43 3273 121 3314 cum
142 3250 248 3313 Aenea
270 3246 501 3334 progreslum,
534 3249 621 3311 inter
645 3250 845 3331 proeliantes
867 3253 1126 3325 ¹circumventum
1154 3261 1253 3322 occi·

40 3354 192 3417 sumque.
236 3335 304 3395 Nec
325 3343 452 3406 tamen,
485 3332 602 3393 amisso
631 3353 768 3410 socero,
800 3333 924 3398 Aeneas
943 3338 1072 3402 ltutulis
1095 3341 1294 3409 obsisterat

39 3416 164 3492 desiit,
187 3438 325 3500 namque
347 3426 380 3478 et
397 3415 546 3477 Turnum
567 3415 744 3478 interemit.
787 3417 946 3499 Hostibus
962 3424 1042 3486 fusis
1056 3426 1250 3509 fugatisque,
1271 3452 1294 3516 7

42 3502 156 3564 victor
174 3500 341 3562 Lavinium
364 3520 398 3561 se
419 3520 493 3561 cum
518 3497 584 3559 suis
604 3501 747 3583 recepit,
776 3500 999 3590 comensuque
1021 3509 1166 3571 omnium
1185 3512 1251 3573 La-

43 3585 192 3647 tinorum
219 3605 276 3646 rex
303 3582 483 3645 declaratus
507 3589 570 3656 est3
599 3590 636 3643 ut
658 3583 776 3646 scribit
803 3586 950 3661 Lutatius
978 3589 1038 3650 lib.
1066 3592 1129 3656 Ill.
1170 3594 1248 3657 Piso
1270 3592 1290 3658 8

38 3667 201 3751 quidem,
224 3667 370 3727 Turnum
392 3663 581 3727 matruelem
602 3663 736 3728 Amatae
756 3667 855 3731 fuisse
874 3671 988 3747 uadit,
1011 3671 1250 3759 iuterfecthuc
1292 3713 1295 3718 ·

41 3751 187 3824 Latino,
208 3758 349 3811 mortem
371 3746 472 3830 ipsam
494 3747 625 3809 sibimet
648 3750 851 3815 conscivisse.
966 3800 981 3815 ,„

87 3834 180 3897 XIV.
213 3833 319 3916 Igitur
338 3828 501 3904 Aeneam,
535 3829 644 3891 occiso
674 3831 810 3906 Turno,
831 3854 942 3903 rerum
961 3836 1128 3917 potitum,
1150 3860 1251 3924 quum

41 3917 153 3983 tdhuc
175 3917 298 3978 irarum
319 3934 446 3975 memor
466 3913 603 3974 Rutulos
633 3912 721 3975 bello
750 3919 900 4000 persequi
930 3918 1141 3997 instituisset,
1173 3921 1248 3988 illos

41 4002 109 4067 sibi
133 4022 171 4063 ex
188 3998 321 4062 Etruria
343 3996 498 4057 auxilium
520 3994 686 4071 Mezentii,
708 3997 795 4079 regis
816 3996 1058 4082 Agyllaeorum,
1079 4003 1252 4071 adscivisse

41 4106 89 4159 ec⁴
106 4084 350 4168 imploravisse,
371 4078 560 4163 pollicitos,
582 4073 609 4140 si
631 4079 770 4143 victorie
790 4090 882 4161 parta
903 4085 1003 4161 foret,
1026 4089 1146 4164 omnia,
1168 4110 1251 4173 quae

42 4167 239 4230 Latinorum
261 4171 384 4235 esseut,
408 4161 568 4223 Mezentio
591 4181 729 4227 cessura.
772 4164 856 4227 Tum
876 4163 1027 4243 Aeneam,
1043 4173 1133 4254 quod
1147 4171 1252 4258 copiis
1270 4189 1293 4236 ο

45 4248 189 4315 inferior
212 4258 303 4322 erat,
329 4245 440 4307 multis
461 4244 581 4319 rebus,
609 4267 692 4329 quas
711 4248 893 4311 necessario
914 4250 1053 4314 tuendae
1073 4264 1186 4328 erant,
1215 4254 1250 4317 in

43 4332 163 4397 urbem
186 4330 421 4415 comportatis,
445 4336 549 4389 castra
571 4329 631 4390 sub
652 4329 787 4392 Lavinio
809 4330 1002 4408 collocasse3
1034 4338 1252 4419 praeposito&

41 4437 113 4502 que
133 4415 185 4478 bis
205 4415 273 4478 tilio
295 4411 500 4496 Eurylsone,
523 4409 640 4495 ipsum,
664 4412 768 4475 electo
788 4414 830 4476 ad
851 4414 1070 4481 dimicandum
1089 4428 1251 4502 tempore,

45 4500 161 4585 copias
183 4498 338 4561 insciam
361 4493 566 4573 produxisse,
590 4495 676 4558 circa
698 4496 827 4559 Numici
849 4498 989 4563 fluminis
1010 4510 1176 4587 stagnum:
1195 4501 1254 4564 nbi

42 4604 149 4669 quum
171 4580 329 4647 acerrime
347 4579 583 4653 dimicaretur,
613 4578 731 4645 subitis
751 4580 941 4651 turbinibus
967 4583 1136 4651 intuscata
1160 4592 1271 4657 texe,
