2850 4958
278 246 347 341 ns
372 239 692 368 massanus.
720 242 833 337 car.
859 244 1007 355 saga
1178 247 1255 345 ssi

51 412 148 496 quasi
169 411 332 495 fragorem
354 409 514 496 quendam
535 408 723 495 impendere
737 409 902 492 comperit
913 418 1013 475 status
1026 410 1182 486 Romaui3
1205 432 1265 474 co-
1292 468 1297 477 .

50 499 181 561 lebrato
205 495 299 578 regni
320 495 472 558 vicesimo
495 517 599 569 anno,
620 493 783 556 valentior
803 515 914 555 curam
935 492 1147 578 Reipublicae
1167 495 1264 556 abio-

52 585 121 654 cit;
153 600 253 662 quum
276 577 309 640 in
334 578 526 640 sententiam
556 578 748 640 Herculium
768 577 948 660 aegerrime
969 578 1184 652 traduxisset,
1207 578 1263 641 cui

53 686 137 726 anno
161 663 266 723 minus
286 663 433 745 potentia
456 663 574 723 fuerat.
617 661 660 722 Et
681 683 887 745 quamquam,
910 661 981 723 aliis
1004 662 1066 723 alia
1087 663 1265 723 aestimas*

51 747 161 820 tibus,
195 745 262 806 veri
293 748 397 830 gratia
429 753 586 828 corrupta
614 746 680 819 sit,
712 745 807 825 nobis
828 754 936 806 tamen
958 745 1126 807 excellenti
1146 753 1264 808 natura

52 830 188 895 ridetur.
202 828 243 891 ad
264 849 470 892 communem
490 830 612 905 vitam,
634 824 746 915 spreto
764 824 914 903 ambitis,
937 828 1150 893 descendisse.

374 972 377 977 ’
488 1006 825 1073 casuras.

110 1112 321 1158 Gottd'ffli‘l'ltld
345 1114 383 1157 ET
406 1112 647 1168 tentaremus,
681 1113 816 1156 seruus
839 1113 877 1153 ΕΤ
896 1113 1101 1169 ttulimus,
1122 1111 1205 1157 m!
1297 1126 1303 1139 ¹

403 1198 631 1241 Golts'sslt'l'lltts
660 1197 699 1239 ΕΤ
720 1196 913 1240 assumus·

12 1380 19 1389 .
90 1327 200 1412 Igitur
225 1329 414 1393 Constantio
444 1327 719 1412 Armentarioque
745 1324 798 1392 lais
826 1325 1095 1402 succedentibus,
1124 1327 1264 1391 Severus

11 1441 20 1476 ε
41 1409 332 1497 Maximinusque,
353 1412 566 1496 Illyricorum
587 1412 777 1498 indigenae,
801 1411 972 1487 Caesares,
994 1412 1092 1495 prior
1111 1411 1262 1486 ltaliam,

12 1534 18 1543 ·
40 1497 220 1579 posterior
240 1498 274 1559 in
295 1519 379 1580 quae
399 1497 511 1559 lovios
534 1497 739 1570 obtinuerat,
761 1495 975 1558 destinantur.
1007 1493 1106 1575 Quod
1120 1494 1263 1557 tolerare
1283 1510 1310 1579 ⁸.

38 1581 207 1662 nequiens
236 1581 484 1655 Constantinus,
515 1580 606 1642 cuius
637 1580 702 1642 iam
727 1589 797 1641 tum
820 1601 838 1639 a
859 1599 963 1659 puero
989 1578 1098 1663 ingens
1120 1588 1264 1661 potens-

37 1685 116 1745 que
147 1665 271 1724 animus
300 1663 421 1726 ardore
452 1663 661 1745 imperitandi
692 1663 897 1747 agitabatur,
927 1664 1024 1745 fugae
1054 1669 1263 1744 commento,
1298 1712 1302 1741 :

38 1768 152 1828 quum
173 1746 213 1807 ad
235 1746 441 1808 frustrandos
465 1748 670 1828 insequentes
692 1746 825 1829 publica
853 1745 995 1807 iumenta
1008 1791 1017 1819 ,
1049 1766 1177 1828 quaqua
1199 1744 1265 1806 iter

35 1837 181 1913 egerat,
215 1830 433 1899 interficeret,
466 1829 499 1890 in
526 1829 726 1891 Britanniam
747 1829 913 1910 pervenit:
947 1850 1020 1889 nam
1040 1827 1067 1889 is
1088 1850 1106 1888 a
1129 1825 1261 1889 Galerio

35 1912 220 1994 religionis
252 1915 369 1995 specie·
395 1913 436 1975 ad
465 1913 568 1975 vicem
598 1911 722 1974 obsidis
749 1912 933 1975 tenebatur.
975 1911 1018 1973 Et
1037 1912 1126 1973 forte
1147 1907 1306 1973 iisdemss

37 1995 164 2057 (liebus
192 1997 314 2059 ibidem
344 1996 568 2059 Constantium
598 2003 724 2078 patrem
750 1997 837 2057 ritae
859 1994 971 2056 ultima
993 1995 1141 2078 agebant.
1185 1992 1307 2074 Quod

37 2088 205 2153 mortuo,
236 2080 378 2153 cunctis,
408 2079 465 2162 qui
495 2078 652 2153 aderant,
683 2078 925 2150 adnitentibus,
958 2077 1132 2160 imperium
1159 2078 1260 2161 capit.

39 2161 186 2225 Interim
208 2163 329 2225 Romae
350 2162 464 2247 vulgus
485 2171 677 2246 turmaeque
697 2162 885 2244 praetoriae
910 2162 1131 2236 Maxentium,
1154 2171 1263 2223 retra-
1283 2154 1304 2220 5

44 2254 160 2308 ctante
181 2247 238 2308 diu
259 2256 353 2329 patre
374 2247 550 2320 Herculio,
573 2248 811 2329 Imperatorem
836 2245 1042 2309 confirmant.
1085 2246 1184 2323 Quod
1206 2244 1263 2307 ubi
1284 2240 1305 2305 6

41 2328 276 2393 Armentarius
306 2331 453 2413 accepit,
483 2331 639 2392 Severum
671 2330 858 2402 Caesarem,
889 2331 946 2412 qui
977 2351 1052 2391 osu
1073 2327 1115 2389 ad
1135 2328 1283 2413 Urbem·
1309 2374 1314 2385 1
1356 2401 1371 2411 ι

47 2421 141 2487 erat,
171 2436 260 2475 arma
293 2414 326 2475 in
353 2413 482 2475 bostem
512 2415 601 2485 ferre
629 2433 774 2496 propere
805 2412 908 2471 iubet.
951 2412 982 2472 Is
996 2352 1128 2472 bircam
1150 2368 1311 2498 muros?
1371 2473 1373 2477 ,

45 2518 150 2578 quum
174 2505 316 2581 ageret,
329 2496 474 2559 desertus
496 2518 514 2557 a
535 2494 601 2557 suis
613 2538 622 2569 ,
645 2516 728 2576 quos
749 2494 973 2576 praemiorum
995 2491 1158 2553 illecebris
1183 2493 1263 2552 Ma-

45 2580 178 2641 xentius
210 2580 422 2650 traduxerat,
451 2579 598 2662 fugiens,
631 2579 844 2660 obsessusque
862 2576 1032 2637 Ravennae
1053 2573 1148 2634 obiit.
1190 2573 1305 2639 Hocss

43 2663 162 2724 acrior
184 2661 345 2734 Galerius,
367 2659 490 2723 adscito
515 2662 547 2722 in
570 2660 743 2722 consilium
762 2659 870 2731 Iovio,
893 2657 1057 2720 Licinium
1076 2665 1187 2719 vetere
1201 2677 1265 2719 co-

45 2745 178 2828 gnitum
209 2745 353 2806 amicitia
384 2745 573 2817 Caesarem,
606 2751 696 2805 creat
725 2744 930 2829 Augustum
959 2761 1064 2823 eoque
1084 2739 1125 2802 ad
1145 2732 1264 2803 muni·
1309 2787 1313 2795 .

45 2836 196 2889 mentum
227 2827 355 2909 lllyrici
387 2848 424 2889 ac
446 2827 608 2889 Thraciae
639 2825 780 2903 relicto,
814 2827 950 2889 Romam
985 2823 1164 2886 contendit.
1207 2822 1308 2913 lbig

48 2933 153 2992 quum
179 2911 352 2973 obsidione
373 2909 604 2985 distineretur,
630 2910 790 2973 militibus
814 2910 947 2983 eadem,
973 2931 1037 2991 qua
1062 2908 1261 2989 superiores,

44 2994 102 3055 via
123 2996 311 3071 attentatis,
344 3003 432 3054 metu
462 3014 504 3057 ns
525 2992 751 3068 desereretur,
780 2992 874 3055 Italia
899 2992 1057 3065 decessit,
1083 2988 1262 3074 paulloque

47 3086 129 3162 post
157 3078 294 3140 vulnere
320 3077 486 3161 pestilenti
512 3086 698 3140 consumtus
721 3087 788 3152 est,
814 3099 913 3159 quum
940 3098 1053 3159 agrum
1082 3075 1159 3137 satis
1181 3074 1263 3135 Rei-

76 3159 203 3305 ”iiim
226 3159 512 3234 commodantem,
540 3161 640 3223 caesis
671 3161 864 3223 immanibus
887 3160 998 3233 silvis,
1023 3171 1121 3241 atque
1144 3158 1260 3221 emisso
1296 3214 1300 3221 .

47 3267 86 3309 sn
135 3245 290 3307 anubium
310 3244 384 3307 lacu
403 3242 555 3319 Pelsone,
577 3243 662 3328 apud
677 3243 866 3307 Pannonios
886 3244 1026 3308 lecisset.
1071 3243 1303 3328 Cuiusgra-ro

9 3380 18 3391 .
46 3327 97 3389 tia
118 3329 324 3410 provinciam
348 3327 462 3391 uxoris
481 3327 614 3390 nomine
635 3328 801 3391 Valeriam
825 3325 1013 3410 appellavit.
1053 3329 1140 3391 Huic
1163 3327 1301 3411 quin-rr

47 3412 185 3494 quennii
207 3413 399 3495 imperinm,
422 3412 613 3474 Constantio
636 3435 777 3474 annuum
799 3413 881 3475 fuit:
906 3432 1006 3495 quum
1027 3434 1103 3474 sane
1124 3419 1262 3494 uterque

48 3495 231 3576 potentiam
264 3497 435 3558 Caesarum
461 3517 563 3557 annos
584 3495 745 3559 tredecim
763 3497 944 3582 gessissent.
987 3494 1079 3559 Adeo
1101 3495 1177 3575 miri
1201 3513 1319 3577 na-ra¹

38 3584 147 3636 turae
179 3576 314 3653 officiis,
345 3588 461 3652 ntea,
492 3578 559 3640 sia
586 3578 697 3651 doctis,
723 3580 915 3663 pectoribus
949 3579 1261 3661 proficiscerentur,

48 3680 160 3742 neque
180 3661 359 3723 insulsitate
381 3661 600 3733 offenderent,
622 3663 711 3726 haud
732 3665 831 3727 dubie
852 3658 1262 3746 praecipua'baberentur.
1290 3670 1294 3675 “

48 3745 163 3823 Quare
196 3756 400 3830 compertum
441 3754 520 3821 est,
545 3744 786 3822 eruditionem,
823 3738 1305 3831 elegantiam,.comitutem15

76 3828 265 3903 raosertim,
286 3826 492 3913 principibus
516 3829 711 3891 necessarias
733 3849 820 3902 esse3
844 3852 943 3913 quum
965 3830 1036 3891 sine
1054 3824 1107 3889 bis
1128 3834 1262 3887 naturae

46 3850 136 3974 bona
158 3912 250 3996 quasi
275 3911 440 3987 incomta,
462 3918 519 3975 aut
540 3912 638 3974 etiam
659 3912 797 3975 horrida
817 3910 983 3995 despectui
1006 3913 1091 3986 sint,
1121 3918 1261 3971 contra-

46 4017 114 4078 que
144 4017 180 4056 ea
210 3996 386 4058 Persarum
415 3995 485 4079 regi
514 3997 600 4079 Cyro
631 4004 796 4069 aeternam
817 3994 956 4080 gloriam
977 3995 1176 4078 mutaverint.
1219 3989 1305 4068 Atsd

47 4079 208 4141 memoria
231 4101 301 4141 mea
324 4079 588 4153 Constantinum,
611 4100 805 4163 quamquam
829 4081 945 4144 ceteris
966 4089 1135 4159 promtum
1154 4076 1263 4141 virtu»-

50 4159 160 4234 tibus,
181 4162 327 4247 adusque
348 4172 434 4224 astra
455 4164 540 4225 votis
563 4163 708 4225 omnium
731 4163 920 4224 subvexere.
965 4163 1029 4241 Qui
1052 4165 1202 4246 prolecto
1233 4153 1303 4221 sirb

49 4244 291 4309 munificentiae
312 4257 410 4331 atque
432 4246 604 4309 ambitioni
627 4244 780 4321 modum,
803 4245 920 4327 hisque
940 4248 1064 4309 artibus
1086 4246 1262 4319 statuisset,

51 4327 126 4411 quis
158 4332 334 4413 praecipue
363 4329 472 4392 adulta
503 4330 632 4407 ingenia
660 4327 785 4412 gloriae
811 4329 919 4391 studio
942 4350 1112 4414 progressa
1132 4327 1263 4412 longius

47 4412 84 4475 in
107 4414 308 4477 contrarium
333 4414 507 4481 labuntur,
530 4410 617 4475 baud
638 4412 775 4473 multum
798 4414 923 4475 abesset
943 4416 1027 4476 Deo¹
1072 4414 1104 4474 ls
1125 4411 1181 4471 ubi
1204 4407 1306 4475 va-rt

46 4494 128 4559 stari
160 4494 284 4559 Urbem
315 4507 414 4583 atque
445 4495 573 4557 Italiam
605 4496 788 4579 comperit,
817 4496 996 4580 pulsosque
1023 4518 1078 4559 seu
1101 4493 1266 4565 redemtos

50 4577 234 4652 exercitus,
266 4589 299 4645 at
327 4584 549 4669 Imperatores
579 4578 684 4657 duos,
715 4581 897 4666 composita
927 4604 1008 4667 pace
1037 4598 1100 4668 par
1119 4577 1262 4659 Gallias,
