2850 4958
484 250 929 365 transmetantis.
1238 292 1307 370 εει

99 458 136 516 et
157 448 410 515 XXVIl'rnillia
430 453 636 535 captivorum
661 454 810 517 reduiitt
845 454 966 517 Atilius
986 450 1127 541 Regulus
1145 453 1181 517 in
1196 452 1311 518 Africa

100 535 268 600 remansit.
309 535 341 597 Is
362 544 476 598 eontra
498 537 596 599 Afros
619 539 721 600 aciens
742 540 916 612 instruxit,
939 548 1053 600 contra
1074 549 1141 601 tres
1164 539 1311 600 Cartha-

96 619 299 703 ¹giniensium
331 618 428 681 duces
456 620 633 695 dimicans,
665 623 775 684 victor
796 625 879 696 fuit,
906 623 1021 685 XVIII
1044 622 1144 684 millia
1164 621 1312 684 hostium

100 703 246 776 cecidit,
279 702 424 785 quinque
454 703 555 763 millia
587 727 659 766 cum
690 707 805 777 XVIII
831 706 1012 787 elephantis
1044 708 1149 788 cepit,
1171 706 1312 768 LXXIII

89 787 252 848 -ciritates
284 786 317 845 in
347 787 443 850 fidem
468 790 605 869 accepit.
651 790 736 850 Tum
756 790 834 852 victi
860 788 1138 873 Carthaginienses
1157 810 1270 870 pacem
1292 810 1312 850 a

92 870 258 932 Romanis
283 870 470 950 petierunt:
502 891 597 952 quam
628 894 728 954 quum
750 874 890 958 Regulus
914 873 1018 934 nollet
1044 873 1108 933 nisi
1130 871 1311 933 durissimis

91 952 351 1015 conditionibus
382 955 479 1028 dare,
513 957 584 1016 Afri
617 957 773 1018 auxilium
795 980 812 1017 a
834 956 1096 1018 Lacedaemoniis
1123 957 1310 1037 petierunt:

97 1048 135 1099 et
159 1036 242 1097 duce
263 1037 476 1121 Xanthippo,
500 1040 556 1120 qui
579 1061 596 1099 a
618 1040 879 1103 Lacedaemoniis
901 1041 1014 1101 missus
1035 1041 1162 1112 fuerat,
1190 1039 1314 1098 Roma-

93 1141 225 1183 norum
246 1120 311 1181 dux
333 1121 473 1203 Regulus
493 1124 598 1183 rictus
618 1132 667 1183 est
686 1122 800 1184 ultima
820 1124 978 1206 pernicie.
1023 1123 1105 1182 Nam
1129 1122 1194 1182 duo
1210 1120 1314 1181 millia

93 1210 231 1265 tantum
261 1225 300 1264 ex
329 1206 418 1266 omni
450 1205 595 1267 Romano
629 1207 773 1267 exercitu
805 1210 1012 1291 refugerunt3
1044 1205 1213 1289 quingeint
1239 1226 1314 1264 cnm

92 1288 306 1369 imperatore
326 1288 450 1369 Regulo
473 1290 561 1373 capti
582 1299 674 1351 sunt:
697 1290 789 1352 XXX
801 1291 903 1353 millia
920 1290 1049 1353 occisa:
1080 1287 1221 1372 Regulus
1243 1287 1314 1370 ipse

93 1370 136 1433 in
160 1379 287 1432 catenas
310 1373 487 1434 coniectus.
810 1373 814 1379 '
929 1393 931 1397 ’

143 1470 255 1530 XXII.
288 1473 334 1531 M.
358 1470 498 1533 Aemilio
529 1473 669 1548 Paullo,
701 1473 816 1537 Servio
846 1473 964 1537 Fulvio
995 1472 1171 1535 Nobiliore
1202 1472 1314 1546 Cosa,

94 1555 202 1617 umbo
222 1554 359 1614 Romani
382 1556 535 1617 Consules
563 1557 603 1618 ad
624 1554 770 1618 Africam
789 1559 933 1641 profecti
954 1566 1028 1618 sunt
1049 1577 1122 1617 cum
1143 1564 1315 1616 trecenta-

93 1658 181 1703 rum
210 1638 341 1697 navium
366 1638 485 1713 classe3
517 1640 660 1721 primum
691 1640 786 1702 Afros
817 1640 922 1701 navali
945 1639 1122 1702 certamine
1149 1646 1313 1720 superant.

96 1718 264 1783 Aemilius
297 1720 417 1782 Consul
449 1732 578 1782 centnm
608 1732 641 1784 et
668 1733 812 1804 quatuor
839 1744 942 1784 naves*
964 1722 1110 1783 hostium
1138 1721 1314 1783 demersit:

76 1802 242 1886 'triginta
264 1824 336 1863 cum
357 1806 595 1886 pugnatoribus
617 1805 810 1888 cepitt'XV
832 1806 934 1867 millia
952 1805 1097 1866 hostium
1112 1813 1167 1865 aut
1182 1803 1317 1878 occidit,

73 1895 165 1964 'aut
191 1887 298 1969 cepit:
331 1888 469 1948 militem
500 1910 594 1949 suum
627 1890 749 1975 ingenti
780 1888 904 1971 praeda
918 1888 1059 1956 ,ditavit
1113 1887 1156 1948 Et
1184 1886 1319 1948 subacta

102 1970 220 2032 Africa
242 1978 310 2031 tum
331 1972 464 2045 fuisset,
486 1973 550 2033 nisi
570 1980 659 2032 tanta
680 1974 780 2033 fames
801 1973 936 2044 fuisset,
958 1980 996 2032 ut
1017 1970 1139 2032 diutius
1154 1978 1319 2051 exspecta-

84 2060 146 2127 ]re
167 2053 326 2113 exercitus
347 2076 412 2115 non
434 2065 556 2136 posset.
602 2055 755 2117 Consules
777 2076 850 2116 cum
872 2054 1001 2116 victrici
1018 2054 1116 2115 classe
1130 2054 1315 2134 redeuntes,
1386 2070 1391 2081 ¹

104 2137 197 2199 eirca
217 2135 361 2197 Siciliam
384 2139 589 2222 naufragium
610 2139 695 2223 passi
714 2146 808 2200 sunt:
831 2146 862 2198 et
881 2145 968 2199 tanta
991 2145 1162 2219 tempestas
1182 2137 1258 2209 fuit,
1275 2143 1319 2196 ut

106 2238 150 2282 ex
180 2217 423 2303 quadringentis
453 2224 617 2307 sexaginta
647 2230 790 2305 quatuor
819 2221 955 2282 naribus
990 2221 1157 2301 octoginta
1192 2217 1316 2280 servarl

82 2303 164 2379 ‘vix
194 2304 374 2384 potuerint.
416 2305 464 2366 Ne
489 2327 528 2367 ue
555 2306 624 2367 ullo
655 2314 805 2388 tempore
834 2311 924 2364 tanta
954 2303 1117 2364 maritima
1144 2310 1318 2383 tempestas

106 2385 220 2447 audita
242 2394 301 2448 est.
344 2388 480 2450 Romam
512 2397 618 2450 tamen
640 2390 748 2451 statim
771 2387 925 2450 ducentas
945 2407 1046 2449 naves
1061 2391 1317 2468 reparaverunt3

84 2484 216 2550 'neque
237 2469 271 2530 in
291 2470 402 2553 aliquo
425 2474 550 2533 animus
570 2472 621 2533 his
642 2473 799 2535 infractus
822 2471 897 2531 fuit.

150 2572 276 2633 XXIII.
310 2574 367 2632 Cn.
388 2574 545 2635 Servilius
567 2576 699 2656 Caepio,
723 2584 755 2637 et
778 2576 811 2636 C.
833 2573 1046 2657 Sempronius
1069 2570 1199 2633 Blaesus
1226 2570 1315 2631 Coss.

83 2718 87 2725 ,
106 2675 187 2717 cum
208 2654 354 2716 ducentis
375 2657 539 2741 sexaginta
558 2661 693 2721 navibus
714 2658 754 2719 ad
774 2659 918 2720 Africam
931 2657 1075 2740 profecti
1090 2664 1174 2729 sunt,
1191 2653 1320 2735 aliquot

106 2738 261 2799 civitates
291 2748 462 2819 ceperunt:
498 2740 651 2821 praedam
682 2742 846 2824 ingentem
874 2740 1081 2813 reducentes,
1112 2738 1319 2820 naufragium

105 2819 197 2905 passi
221 2828 304 2881 sunt.
348 2820 463 2905 Itaque
484 2844 582 2905 quum
604 2824 777 2885 continuae
800 2821 996 2883 calamitates
1016 2822 1168 2901 Romanis
1191 2820 1316 2902 displi-

106 2911 245 2975 cerent,
278 2902 423 2970 decrevit
452 2905 612 2979 Senatus,
638 2915 675 2969 ut
696 2928 714 2966 a
734 2904 907 2966 maritimis
927 2903 1064 2984 proeliis
1087 2904 1316 2981 recederetur,

80 2998 93 3009 “
108 2995 145 3048 et
168 2994 293 3045 tantum
315 2987 477 3070 sexaginta
499 3008 594 3048 naves
614 2986 653 3048 ad
674 2986 875 3071 praesidium
895 2984 1009 3046 Italiae
1029 2984 1133 3045 salvae
1154 2994 1268 3055 essent.

149 3088 277 3148 XXIV.
308 3089 344 3150 L.
369 3090 510 3152 Caecilio
534 3090 689 3166 Metello,
713 3092 748 3155 C.
769 3091 872 3151 Furio
899 3088 1011 3150 Pacilo
1045 3088 1133 3147 Coss.
1168 3082 1317 3148 Metellus

109 3170 148 3235 in
178 3171 289 3232 Sicilia
321 3173 476 3235 Afrorum
509 3174 644 3247 ducem,
676 3196 750 3235 cum
783 3174 899 3234 CXXX
931 3170 1111 3269 elephantis
1138 3178 1169 3269 et
1196 3169 1318 3243 magnis

69 3360 80 3377 ‚
110 3256 1023 3404 ωΡῗῘ11111ἕξῗῗέζῑίἱέᾗέᾞῗέἕὲἶέζῖ
1044 3251 1318 3399 ⁰⁰?,tltatl‘lf

106 3338 193 3484 11111]
213 3361 383 3497 litabat?
398 3364 548 3508 cdllegiil,
573 3434 605 3488 et
625 3425 760 3487 Romam
782 3364 911 3485 ieduxit
931 3359 1199 3506 ingenliisompa,
1215 3441 1316 3506 quum

109 3506 235 3567 CXXX
254 3503 500 3587 elephantorum
520 3524 674 3573 numerus
694 3508 802 3569 omnia
824 3507 940 3569 itinera
963 3505 1154 3587 compleret.

155 3606 261 3666 XXV.
291 3607 374 3668 Post
392 3610 473 3671 haec
492 3611 574 3673 mala
598 3612 875 3695 Carthaginienses
893 3606 1052 3691 Regulum
1074 3604 1200 3677 ducem,
1219 3626 1316 3684 quem

106 3697 286 3770 ceperant,
307 3693 493 3771 petierunt,
515 3704 551 3756 ut
572 3696 706 3757 Romam
726 3694 991 3774 proficisceretur
1015 3696 1047 3753 et
1064 3707 1177 3769 pacem
1199 3707 1217 3743 a
1237 3687 1315 3744 RO-

107 3772 217 3835 manis
245 3772 428 3851 obtineret,
464 3798 503 3837 ac
530 3778 803 3860 permutationem
834 3775 1038 3856 captivorum
1069 3772 1202 3831 faceret.
1256 3766 1316 3829 Ille

110 3856 252 3920 Romam
275 3879 374 3939 quum
395 3861 553 3934 venisset,
585 3861 734 3922 inductus
756 3859 790 3919 in
817 3855 991 3928 Senatum,
1020 3852 1105 3916 nihil
1126 3852 1215 3934 quasi
1237 3851 1315 3911 Ro-

108 3961 228 4003 manus
251 3945 333 4023 egit:
355 3943 522 4028 dixitque,
543 3967 578 4004 sc
597 3967 640 4006 ecc
661 3945 720 4005 illo
739 3941 800 4015 dic,
821 3958 885 4021 quo
904 3946 937 3999 in
947 3947 1139 4019 potestatem
1153 3935 1315 4014 Afrorum

111 4028 266 4098 censeret,
289 4035 472 4089 Romanum
494 4048 560 4089 esse
580 4027 715 4089 desiisse.
758 4026 872 4105 Itaque
893 4030 926 4081 et
946 4040 1078 4079 uxorem
1103 4040 1120 4076 a
1143 4018 1315 4101 complexu

112 4110 280 4181 removit,
312 4119 344 4171 et
374 4112 525 4172 Romanis
553 4110 674 4185 suasit,
704 4128 747 4171 ne
768 4130 831 4193 pax
853 4125 925 4164 cum
946 4103 1066 4163 Potuit
1092 4098 1194 4163 fieret·
1237 4102 1316 4161 W⁰⁸

113 4194 223 4263 enim,
240 4193 381 4271 fructos
403 4207 454 4255 tot
484 4194 630 4268 casibus,
660 4215 747 4274 pem
778 4189 900 4254 nullam
928 4180 1065 4245 habere.-
1086 4206 1120 4243 ³⁰
1149 4187 1237 4245 “11th
1252 4204 1315 4243 '¹⁰7¹

113 4294 206 4345 csso,
236 4287 272 4336 ut
297 4289 348 4337 tot
377 4274 482 4339 mallia
509 4284 710 4359 captiuorum
736 4287 873 4358 propter
894 4292 989 4333 unum
1010 4290 1060 4342 ³0,
1083 4278 1115 4328 02
1137 4288 1261 4338 Mem,
1283 4275 1316 4326 0²

101 4378 258 4443 paucos,
289 4368 344 4446 qui
371 4364 602 4425 un'Itomans's
634 4364 725 4441 capti
745 4356 903 4435 fuerunt,
937 4350 1153 4415 reddet'ssnlut'·
1201 4348 1316 4429 qulffl

99 4443 275 4505 ·cbtinuit.
318 4448 398 4507 Nam
420 4444 651 4528 Afrospacem
672 4450 818 4526 petentes
838 4440 946 4505 nullus
967 4434 1114 4496 admisit:
1138 4434 1206 4514 ipse
1228 4430 1317 4490 Car-

112 4526 281 4607 thaginem
301 4530 420 4605 rediit,
444 4528 718 4611 offerentibusque
738 4527 906 4597 Romanis,
930 4529 966 4583 nt
987 4540 1059 4581 eum
1080 4518 1201 4579 Romae
1222 4522 1320 4576 tene·

114 4624 209 4689 rent,
232 4617 360 4702 negavit
379 4640 414 4681 se
433 4617 471 4680 in
489 4638 525 4679 ea
547 4612 631 4677 urhe
649 4631 837 4677 mansurum
850 4658 867 4689 „
881 4609 917 4674 in
938 4626 1019 4693 que,
1037 4611 1224 4691 postquam
1249 4594 1345 4657 tuen
