2850 4958
484 254 904 367 ursna'ocrsvns.
1233 306 1303 389 a„

83 442 204 517 cillam
233 460 344 524 snam,
372 440 528 507 milliario
556 446 597 506 ab
620 445 714 507 Urbe
733 444 811 510 ΧΠ.
837 446 925 507 vitae
950 462 1035 509 anno
1055 439 1207 515 mm.
1238 452 1304 514 lm·-

87 531 180 621 perii
200 528 325 595 xxm.
348 537 446 613 atque
466 524 553 590 inter
574 524 677 593 BIros
692 528 813 590 relatus
828 536 887 603 est,
904 535 936 589 et
950 529 1068 590 merito
1084 544 1303 599 consecratus.

137 616 197 678 1x.
227 614 309 675 Post
335 610 423 675 hunc
453 610 626 695 imperavit
657 628 832 676 mancus
865 630 1110 693 anronrrns
1141 628 1303 694 vanna.

88 698 183 763 baud
213 696 313 758 dubie
342 694 586 771 nobilissimum
615 694 738 778 quippe
764 712 864 780 quum
897 694 966 757 eius
997 694 1093 779 origo
1122 706 1258 780 paterna
1285 723 1305 771 ιΙ

86 782 197 849 Numa
217 773 398 861 Pompilio,
420 787 565 839 materna
586 800 605 839 a
624 774 805 842 Sallentino
827 795 905 862 rego
923 776 1103 860 penderet,
1124 791 1244 845 etcum
1263 805 1304 847 eo

90 886 124 929 r..
148 863 604 946 [annrtrs]·anron1nus
635 879 784 926 vanus.
827 861 977 943 Tumque
997 861 1141 941 primum
1161 862 1308 929 Romana

94 942 282 1030 respublica
304 946 453 1019 duobus,
487 965 591 1027 aequo
614 940 686 1007 iure
708 944 882 1027 imperium
903 938 1219 1025 administrantibus,
1243 970 1308 1032 pa·

94 1031 187 1106 ruit,
217 1049 317 1112 quum
344 1044 447 1110 usque
477 1026 515 1087 nd
548 1046 602 1089 cos
629 1025 774 1114 singulos
798 1048 925 1111 semper
944 1025 1113 1091 habuisset
1130 1029 1308 1114 Augustos.

142 1116 183 1178 X.
215 1113 259 1175 Hi
292 1120 325 1172 et
354 1127 480 1193 genere¹
504 1105 591 1171 inter
621 1133 655 1174 se
695 1105 862 1173 coniuncti
894 1110 1028 1172 fuerunt
1057 1120 1090 1173 et
1123 1112 1306 1178 adfinitate.

91 1195 180 1265 IIam
201 1193 308 1259 Verus
330 1189 486 1275 [Annius]
508 1190 692 1257 Antoninus
712 1192 758 1258 M.
774 1188 933 1256 Antonini
956 1192 1056 1265 filiam
1078 1195 1112 1257 in
1134 1199 1311 1263 matrimo-

94 1282 191 1345 nium
210 1274 344 1340 habuit:
376 1273 423 1339 M.
446 1280 552 1337 autem
579 1275 764 1345 Antoninus
789 1297 889 1362 gener
909 1275 1069 1339 Antonini
1089 1275 1144 1341 Pii
1165 1282 1229 1343 fuit
1249 1299 1310 1366 per

94 1383 236 1427 uxorem
258 1361 421 1423 Galeriam
446 1356 632 1422 Faustinam
653 1360 834 1435 iuniorem,
860 1361 1091 1423 consobrinam
1121 1385 1223 1425 suam.
1266 1358 1311 1427 Hi

95 1444 224 1521 bellum
254 1454 369 1509 contra
398 1439 538 1514 Parthos
568 1452 756 1526 gesserunt,
790 1439 847 1528 qui
877 1446 954 1524 post
980 1444 1155 1519 victoriam
1177 1443 1310 1509 Traiani

93 1536 170 1592 tum
200 1526 343 1610 primurn
375 1526 622 1589 rebellaverant.
676 1526 784 1589 Verus
814 1522 999 1587 Antoninus
1022 1527 1063 1588 ad
1085 1527 1119 1590 id
1140 1528 1311 1611 profectus

96 1620 170 1676 est:
192 1611 248 1694 qui
270 1604 465 1671 Antiochiae
487 1612 521 1669 et
541 1610 628 1670 circa
649 1607 835 1670 Armeniam
858 1624 972 1690 agens,
997 1609 1098 1671 multa
1118 1632 1179 1691 per
1201 1612 1311 1689 duces,

98 1705 137 1758 et
158 1692 298 1778 ingentia
329 1689 490 1774 patrarit:
523 1688 725 1766 Seleuciam,
747 1686 898 1773 Assyriae
919 1692 1034 1753 urbem
1055 1693 1312 1770 nobilissimam,

77 1801 176 1859 ‘cum
199 1771 412 1860 quadraginta
432 1773 577 1837 millibus
590 1771 763 1836 bominum
777 1772 880 1856 cepit:
902 1773 1093 1837 Parthicum
1107 1775 1312 1860 triumphum

95 1858 242 1933 reverit3
266 1859 464 1920 cumfratre
487 1857 666 1941 eodemque
687 1878 802 1919 socero
826 1851 1053 1937 triumphavit.
1096 1859 1192 1921 Obiit
1205 1868 1314 1925 tamen

97 1941 137 2009 in
157 1940 317 2015 Venetia,
340 1963 441 2023 quum
462 1963 480 2001 a
504 1936 689 2003 Concordia
712 1936 843 2002 civitate
865 1934 1011 2002 Altinum
1033 1941 1313 2022 proficIsceretur,

102 2036 139 2090 et
161 2049 233 2088 cum
257 2023 359 2091 fratre
382 2023 415 2084 in
437 2019 588 2085 vehiculo
611 2022 759 2097 sederet,
791 2022 901 2084 subito
923 2022 1077 2106 sanguine
1099 2026 1205 2101 ictus,
1237 2044 1315 2093 casn

96 2105 233 2182 morbi,
256 2128 351 2191 quem
373 2102 490 2167 Graeci
513 2102 699 2180 &rainhalin
720 2112 848 2168 vocant.
893 2102 958 2168 Vir
978 2106 1100 2192 ingenii
1121 2131 1238 2192 parum
1260 2110 1314 2173 ci·
1404 2126 1410 2138 ’

94 2190 194 2267 vilis,
217 2186 400 2254 reverentia
422 2198 528 2251 tamen
549 2188 662 2252 fratrIs
683 2185 768 2251 nihil
787 2208 940 2271 umquam
955 2200 1050 2253 atrox
1068 2212 1173 2254 ausus.
1203 2195 1315 2274 Quum

99 2275 228 2340 obisset
255 2268 426 2335 undecimo
454 2268 585 2355 imperii
608 2290 711 2345 anno,
735 2269 821 2334 inter
840 2275 929 2334 Deos
950 2273 1071 2336 relatus
1093 2285 1152 2337 est.

143 2355 203 2420 XI.
241 2353 323 2418 Post
355 2377 428 2417 eum
458 2371 627 2421 uiscus
661 2374 905 2418 surorunus
944 2356 1032 2419 solus
1061 2355 1312 2441 Rempublicam

99 2438 230 2504 tenuit:
261 2442 333 2512 vir,
367 2460 473 2522 quem·
494 2435 608 2499 mirari
638 2436 766 2500 facilius
797 2438 891 2521 quis,
921 2461 1017 2523 quam
1042 2438 1177 2501 laudare
1196 2444 1315 2523 possit.

100 2519 276 2606 PrinprIo
304 2519 390 2583 vitae
419 2516 724 2603 tranquillissImust
759 2516 862 2595 adeo,
894 2529 932 2583 ut
960 2544 998 2584 ex
1025 2520 1159 2584 infantia
1182 2546 1315 2607 quoquc

99 2605 230 2672 vultum
250 2626 310 2668 neo
332 2620 372 2664 ex
392 2598 535 2687 gaudio,
563 2623 624 2664 nec
649 2619 688 2663 ex
708 2624 862 2665 moerore
882 2612 1034 2666 mutaret.
1077 2605 1317 2690 Philosophiae

104 2689 237 2753 deditus
257 2683 410 2758 Stoicae·,
439 2680 508 2767 ipse
536 2679 632 2746 etiam
653 2705 720 2746 non
741 2685 847 2747 solum
864 2684 950 2748 vitae
968 2685 1130 2759 moribus,
1146 2689 1200 2751 sed
1217 2691 1318 2755 etiam

104 2768 294 2835 eruditione
320 2764 558 2851 philosophus·,
589 2774 697 2829 tantae
728 2764 952 2829 admirationis
980 2768 1087 2832 adhuc
1112 2772 1257 2849 invenis,
1280 2785 1320 2839 ut

101 2876 182 2917 eum
223 2866 439 2916 successorem
488 2848 655 2932 paraverit
694 2846 878 2911 Hadrianus
913 2849 1119 2934 relinquere:
1156 2858 1315 2938 adoptato

101 2944 215 3001 tamen
237 2930 403 2997 Antonino
424 2926 508 3008 Pio,
531 2951 685 3015 generum
708 2952 776 2993 esse
797 2927 827 2997 ci
850 2928 976 2994 ichrco
998 2932 1161 3009 voluerit,
1191 2948 1230 3001 ut
1248 2941 1318 3004 hon

105 3016 227 3085 ordine
249 3016 289 3080 ad
312 3012 486 3097 imperium
505 3010 705 3099 perveniret.

149 3101 226 3165 XII.
260 3098 431 3163 Institutas
454 3107 502 3160 est
526 3096 564 3159 ad
592 3093 838 3179 philosophiam
856 3114 918 3179 per
939 3090 1153 3180 Apollonium
1175 3099 1319 3163 Chalce-

109 3182 269 3260 doninm3
293 3181 333 3245 ad
354 3177 522 3244 scientiam
544 3177 731 3242 litterarum
752 3180 950 3242 Graecarum
971 3203 1033 3262 per
1052 3178 1186 3245 Sextum
1213 3184 1343 3248 Chae-a.

107 3288 301 3342 nonensem,
322 3260 493 3329 Plutarchi
515 3271 690 3348 nepotem;
713 3258 842 3324 Latinas
862 3272 969 3325 antem
989 3263 1116 3328 litteras
1130 3287 1204 3329 eum
1216 3267 1322 3335 Fron·

108 3357 169 3427 to,
193 3358 308 3415 orator
329 3344 574 3421 nobilissimus,
598 3341 722 3407 docuit.
765 3340 829 3406 Hic
850 3367 927 3409 cnm
947 3348 1098 3411 omnibus
1118 3347 1240 3412 Romae
1261 3374 1322 3417 aa-

86 3456 176 3517 .qno
199 3433 271 3497 iure
302 3429 387 3517 egit,
418 3429 458 3493 ad
488 3424 611 3493 nnllam
641 3423 848 3491 insolentiam
877 3428 977 3495 elatus
1008 3431 1139 3515 imperii
1161 3436 1317 3520 fastigio:

107 3513 316 3585 liberalitatis
336 3509 599 3599 promtissimaet
622 3506 808 3595 provincias
832 3504 956 3599 ingenti
975 3511 1177 3598 benignitate
1198 3530 1230 3580 et
1250 3544 1322 3583 mo⁴

59 3654 62 3669 ι
111 3600 282 3665 derationc
309 3594 472 3661 tractavit.
518 3598 640 3659 Contra
672 3596 860 3663 Germanos,
873 3616 912 3657 eo
935 3596 1086 3679 principe
1107 3620 1158 3660 res
1178 3601 1323 3666 feliciter

108 3692 218 3770 gestae
248 3686 333 3745 sunt.
386 3678 512 3743 Bellum
542 3675 613 3762 ipsc
641 3696 742 3740 unum
771 3676 870 3761 gessit
904 3676 1226 3743 Marcomannicum:
1263 3684 1321 3749 sed

108 3777 268 3853 quantum
288 3759 376 3828 nulla
398 3758 556 3825 memoria
575 3756 660 3834 ruit,
683 3756 765 3822 adeo
787 3767 825 3819 ut
841 3756 978 3823 Punicis
1000 3764 1194 3826 conferatur.
1233 3763 1319 3830 Nam

108 3848 300 3933 engratiae
331 3852 380 3909 est
406 3842 548 3918 Iactum,
580 3842 669 3927 quod
692 3836 836 3904 universi
859 3842 1019 3905 exercitus
1039 3845 1177 3907 Romani
1198 3847 1317 3928 perie..

109 3940 198 3998 rant.
241 3931 309 3994 Sub
330 3929 396 3991 hoc
418 3924 503 3993 enim
525 3932 633 3989 tantus
653 3940 744 3989 casus
766 3920 970 4004 pestilentiae
989 3924 1075 4000 fuit,
1107 3934 1145 3989 ut
1164 3937 1240 4011 post
1258 3932 1319 3993 ri-

108 4016 251 4081 ctoriam
270 4010 454 4086 Persicam,
474 4006 597 4073 Romae
618 4030 655 4072 ac
675 4029 736 4092 per
756 4003 884 4069 Italiam
906 4007 1157 4093 provinciasque
1178 4014 1319 4077 maxima

59 4168 61 4173 ,
108 4098 282 4164 bominum
302 4116 400 4178 pars,
422 4089 564 4156 militum
586 4114 698 4156 omnes
716 4096 786 4155 fere
807 4084 924 4170 copias
942 4088 1101 4173 languore
1124 4093 1315 4157 defecerint.

153 4183 247 4245 xm.
277 4174 405 4263 Ingenti
428 4196 506 4260 ergo
528 4172 643 4238 labore
664 4184 697 4237 ct
716 4172 961 4247 moderatione,
992 4195 1092 4256 quum
1121 4175 1209 4259 apud
1231 4179 1319 4239 Gar-

76 4282 80 4295 ·
108 4274 249 4331 nantum
285 4258 353 4345 iugi
391 4258 534 4322 triennio
572 4258 828 4343 perseverasset,
862 4255 985 4319 bellum
1020 4259 1320 4325 Marcomannicum

108 4347 277 4423 confecit,
309 4341 399 4431 quod
430 4366 504 4406 cum
533 4337 586 4403 bis
616 4338 743 4419 Quadi,
778 4335 941 4415 Vandali,
972 4338 1160 4415 Sarmatae,
1196 4339 1319 4420 Suari,

108 4425 211 4519 atque
232 4431 335 4494 omnis
353 4424 508 4491 barbaria
532 4432 774 4487 commoverat:
806 4421 908 4485 multa
933 4419 1104 4485 homiuum
1130 4420 1233 4486 millia
1257 4420 1319 4487 in·-

108 4514 265 4581 tert'ecit:
302 4534 339 4575 ao
368 4506 546 4573 Pannoniis
578 4504 712 4571 servitio
740 4503 910 4580 liberatis,
946 4504 1068 4571 Itomae
1101 4526 1216 4569 rursus
1243 4525 1321 4573 curn

110 4595 297 4669 &mnodo
325 4592 516 4669 Antonino,
548 4590 616 4657 tilio
649 4610 710 4657 sno
722 4632 733 4666 ,
762 4604 859 4679 quem
886 4584 956 4657 iana
983 4592 1162 4657 Caesarem
1181 4591 1343 4661 tanseat,

838 4672 882 4744 st
913 4744 916 4749 .
