2850 4958
473 288 570 371 ssa.
594 288 660 365 lv.
687 286 798 369 cnr.
822 288 872 363 11.
1206 316 1276 397 12,

72 450 248 529 obsidere,
271 458 305 516 et
325 450 367 515 ab
387 451 514 553 oppido
535 451 755 517 intercludere
775 453 978 537 adgreditur.
1019 453 1156 520 interim
1176 457 1324 551 aban-27

71 536 165 601 datio
199 537 292 601 serni
322 536 465 599 fluminis
492 538 728 601 commeatibus
761 539 982 621 prohibebat:
1005 540 1052 603 sic
1071 542 1157 621 ieme
1172 552 1283 606 ¹castra

71 626 196 685 tentata
217 628 311 693 sunt,
336 619 552 704 obsessorque
572 621 644 721 ipse
666 619 757 704 quasi
784 620 1009 686 obsidebatur.
1050 621 1115 685 Sed
1132 625 1198 687 'ubi
1219 629 1325 709 parad

71 702 217 767 fluminis
231 702 329 777 redit,
342 702 655 786 etpopulationsbus
670 714 703 765 et
716 725 844 788 pugnae
858 726 991 789 campos
1004 707 1145 789 aperuit:
1162 708 1283 773 iterum

71 786 168 851 ierox
197 787 314 849 instat:
345 794 379 848 et
407 785 556 851 cedentes
576 787 618 850 ad
639 788 850 851 Celtiberiam
872 797 1085 865 consecutas,
1113 812 1229 876 aggere
1251 802 1284 855 et
1307 862 1310 869 ,

71 869 177 945 vello,
209 878 243 932 et
271 888 333 952 per
362 867 445 931 haec
474 870 530 934 siti
552 869 594 932 ad
625 870 827 933 deditionem
857 872 1027 955 compulit.
1070 873 1126 936 Sic
1148 874 1326 971 citerior29

72 950 231 1035 llispsnia
252 960 384 1035 recepta
407 961 471 1027 est3
493 974 554 1016 nec
576 952 719 1018 ulterior
739 964 865 1017 moram
886 956 978 1018 iecit.
1011 956 1100 1037 Quid
1121 958 1208 1019 enim
1222 982 1285 1023 una

95 1045 150 1101 ost
170 1036 316 1120 quinque
335 1034 500 1119 legionesi
542 1037 658 1122 ltaque
679 1039 766 1101 ultro
790 1037 925 1102 cedente
955 1039 1129 1115 Varrone,
1157 1040 1283 1117 Gades,

121 1128 212 1194 tum,
236 1120 406 1194 Oceanus,
429 1121 537 1183 omnia
557 1120 748 1185 felicitatem
771 1122 914 1185 Caesaris
937 1125 1167 1206 sequebantur.
1209 1125 1327 1194 Ali-30

96 1203 156 1267 uid
186 1212 293 1266 tamen
326 1202 477 1266 adversus
511 1202 677 1266 absentem
710 1207 826 1268 ducem
855 1226 932 1267 ausa
957 1208 1103 1270 Fortuna
1125 1217 1174 1270 est
1197 1209 1285 1271 circa

112 1287 245 1369 yricam
275 1294 309 1348 et
328 1286 490 1361 Africam,
513 1288 606 1370 quasi
629 1289 669 1349 de
689 1289 850 1351 industria
869 1311 1030 1374 prospera
1053 1292 1121 1354 eius
1143 1291 1285 1354 adversis

77 1370 295 1433 radiarentur.
336 1371 469 1453 Quippe
492 1392 595 1453 quum
615 1373 725 1434 fauces
749 1371 931 1434 Hadriatici
960 1374 1058 1436 maris
1082 1375 1160 1436 iussi
1182 1379 1325 1443 occu-31

74 1450 154 1537 pare
180 1451 353 1515 Dolabella
384 1463 419 1515 et
448 1453 628 1529 Antonius,
650 1453 707 1517 ille
728 1455 883 1538 Illyrico,
906 1455 962 1517 hic
984 1458 1150 1519 Curictico
1170 1457 1287 1521 littore

71 1545 179 1599 eastra
198 1538 403 1619 posuissent3
428 1535 492 1597 iam
512 1537 615 1603 maria
635 1536 702 1601 late
719 1546 850 1601 tenente
870 1537 1044 1620 Pompeio,
1067 1550 1202 1623 repente
1222 1542 1288 1602 Le-

70 1630 167 1703 gatus
202 1620 272 1681 eius
307 1619 464 1682 Octavius
501 1620 550 1698 [et
583 1619 684 1700 Libo]
719 1622 905 1704 ingentibus
936 1623 1042 1704 copiis
1076 1622 1287 1685 classicorum

70 1712 250 1787 utrumque
284 1700 511 1766 circumvenit.
562 1701 775 1765 Deditionem
813 1705 915 1765 fames
954 1706 1093 1768 extorsit
1128 1706 1328 1771 Antonio&

70 1786 192 1850 Missae
218 1808 351 1869 quoque
379 1810 398 1848 a
425 1783 533 1847 anilo
565 1786 599 1848 in
628 1788 785 1850 auxilinm
812 1787 881 1847 eius
900 1795 1008 1861 rates,
1040 1789 1151 1873 quales
1174 1790 1287 1873 inopia

70 1871 205 1932 nariam
235 1872 401 1944 fecerant,
430 1890 516 1933 nova
542 1866 823 1952 Pompeianorum
854 1878 924 1933 arte
946 1869 1106 1948 Cilicum,
1128 1874 1209 1936 actis
1228 1874 1287 1935 sub

69 1954 158 2016 mari
187 1954 341 2029 funibus,
372 1960 488 2035 captae
511 1952 603 2031 qnasi
624 1974 687 2035 per
707 1952 904 2036 indaginem.
943 1956 1033 2016 Duas
1054 1965 1162 2018 umen
1181 1958 1329 2022 uetante

69 2036 245 2119 explicuit.
287 2038 383 2111 Una,
406 2056 489 2119 quae
512 2035 728 2119 Opiterginos
748 2037 886 2110 ferebat,
910 2036 945 2097 in
965 2038 1056 2100 vadis
1076 2040 1193 2114 bresit,
1215 2062 1289 2102 me-

69 2119 335 2202 morandumque
354 2120 496 2201 posteris
520 2118 643 2181 exitum
664 2119 767 2181 dedit.
804 2121 937 2202 Quippe
957 2122 1011 2183 vix
1031 2121 1124 2184 mille
1137 2123 1291 2186 insenum

69 2214 210 2277 manus,
230 2203 421 2266 circumfusi
442 2201 588 2284 nudique
611 2204 773 2265 exercitus
792 2225 854 2284 per
873 2213 980 2266 totum
1003 2205 1089 2266 diem
1110 2206 1174 2268 tela
1195 2208 1291 2268 susti-

69 2285 167 2362 nuit,
190 2295 223 2348 et
243 2309 344 2369 quam
367 2288 489 2350 exitum
513 2288 618 2349 virtus
638 2308 706 2348 non
726 2285 884 2362 haberet,
906 2296 1013 2348 tamma
1033 2308 1076 2349 ne
1097 2288 1130 2350 in
1150 2288 1292 2351 deditio-

69 2379 150 2431 nem
178 2370 326 2448 veniret,
355 2370 511 2434 hortante
542 2368 693 2431 Tribuno
726 2368 883 2443 Vulteio,
913 2370 1035 2433 mutuis
1056 2372 1177 2433 ictibus
1199 2372 1233 2433 in
1254 2393 1288 2436 se

69 2456 299 2517 concucurrit.
344 2455 384 2517 In
406 2455 519 2518 Africa
541 2474 674 2535 quoque
693 2473 757 2534 par
778 2461 811 2514 et
829 2453 935 2515 virtus
961 2463 995 2515 et
1021 2454 1186 2517 calamitas
1216 2452 1332 2533 (λι-54

69 2534 181 2599 rionis
201 2537 287 2613 fuit,
310 2538 368 2620 qui
389 2537 430 2598 ad
451 2535 674 2617 recipiendam
694 2535 900 2618 provinciam
920 2539 1048 2611 missus,
1068 2538 1165 2619 pulso
1186 2539 1289 2623 fuga·

69 2616 179 2702 loque
201 2620 293 2683 Varo
317 2621 381 2682 iam
401 2619 574 2701 superbus,
596 2619 740 2679 subitum
760 2620 862 2681 Iubae
882 2622 968 2697 regis
989 2620 1162 2683 adventum
1187 2625 1291 2706 eqni-

69 2699 246 2784 tutumque
267 2706 460 2765 Maurorum
483 2702 643 2764 sustinere
662 2723 730 2762 non
755 2703 878 2784 potuit.
920 2704 1058 2767 Patebat
1080 2706 1169 2769 sicto
1189 2707 1287 2790 fuga3

68 2785 132 2845 ted
155 2784 265 2866 pudor
285 2787 407 2861 suasit,
438 2792 477 2845 ut
496 2785 647 2846 amissum
666 2804 725 2845 sua
757 2785 942 2848 temeritate
970 2788 1148 2851 exercitum
1180 2799 1288 2850 morte

68 2877 282 2949 sequeretur.
322 2866 387 2930 Sed
418 2867 484 2928 iam
514 2866 662 2928 debitum
693 2888 755 2949 per
784 2868 932 2928 Fortuna
960 2868 1148 2951 flagitante,
1179 2863 1328 2934 redemti

68 2942 166 3015 bello
186 2950 364 3034 Pompeius
383 2949 511 3033 Epiron
535 2948 688 3033 elegerat.
719 2953 788 3011 Nec
803 2951 920 3013 Caesar
932 2951 1144 3013 morabatur:
1166 2947 1330 3035 quippebss

68 3035 238 3097 ordinatis
263 3058 282 3097 a
303 3042 398 3118 tergo
432 3032 620 3106 omnibns,
642 3033 788 3113 quamvis
817 3031 921 3093 biems
953 3031 1060 3093 media
1094 3034 1290 3117 prohiberet

68 3116 289 3199 temperate,
312 3117 354 3179 ad
373 3116 498 3179 bellum
518 3116 703 3198 navigavit:
730 3116 913 3199 positisque
934 3115 974 3176 sd
997 3116 1135 3177 Oricum
1155 3112 1330 3203 castris-,37

68 3216 179 3283 quum
199 3223 275 3283 pars
300 3202 482 3274 exercitus,
507 3199 551 3261 ob
573 3198 720 3280 inopiam
742 3199 872 3260 navium
891 3212 964 3260 cum
982 3198 1129 3262 Antonio
1152 3199 1289 3275 relicta,

68 3276 243 3351 Brundisii
265 3307 392 3347 morem
410 3286 556 3357 laceret,
579 3280 661 3343 adeo
684 3282 856 3362 impatiens
882 3291 973 3357 erat,
995 3291 1033 3343 ut
1053 3282 1094 3344 ad
1115 3304 1288 3346 arcessen-

68 3362 137 3433 dos
159 3374 235 3442 eos,
258 3368 391 3429 ardente
410 3366 517 3428 ventis
536 3364 640 3437 mari,
661 3375 759 3427 nocte
780 3366 952 3441 concubia,
978 3365 1200 3448 speculatorio
1222 3374 1290 3430 aa·
1318 3370 1325 3423 ἶ

68 3452 180 3533 aigin,
202 3450 290 3512 solus
311 3452 360 3513 irc
380 3449 567 3513 tentaverit.
609 3446 725 3509 Exstat
743 3448 786 3509 ad
805 3449 1076 3531 trepidum'ta'nto
1098 3451 1288 3515 discrimine

68 3536 330 3619 gubernatorem
347 3555 413 3596 vox
432 3533 556 3613 ipsius:
578 3532 686 3613 [Quid
700 3536 833 3613 sarred]
868 3538 1036 3597 Caesarem
1055 3532 1165 3598 asts!
1192 3532 1329 3599 Con-38

67 3617 192 3681 bractis
211 3618 246 3680 in
266 3640 367 3679 unum
386 3616 532 3700 undique
552 3614 675 3698 copiis,
696 3617 879 3701 positisque
899 3618 1048 3677 cominus
1068 3618 1204 3689 eastris,
1226 3619 1287 3678 di·
1321 3664 1324 3669 .

67 3718 170 3765 versa
193 3710 286 3763 erant
303 3706 425 3762 ducum
444 3698 591 3762 consilia.
635 3700 752 3761 Caesar
771 3720 834 3782 pro
855 3708 971 3761 natura
992 3700 1106 3771 ferox,
1134 3704 1168 3757 et
1187 3701 1288 3759 confi·-

67 3782 213 3849 eiendae
237 3783 287 3845 rei
320 3783 477 3865 cupidas,
515 3789 679 3844 ostentare
710 3783 835 3854 aciem,
869 3802 1070 3864 provocare,
1107 3778 1287 3859 lacessere,
1319 3780 1324 3791 ’

67 3883 165 3933 nunc
186 3865 360 3928 obsidione
381 3876 580 3938 castrorum,
604 3886 687 3948 quae
708 3863 849 3927 sedecim
865 3865 1007 3927 millium
1024 3862 1109 3926 sallo
1132 3860 1328 3947 obduxit-39

67 3960 150 4024 ηις
176 3948 245 4025 (sed
266 3949 347 4032 quid
373 3950 427 4012 bis
449 3949 577 4012 obesset
600 3948 745 4022 obsidio,
779 3947 834 4029 qui
866 3955 997 4028 patente
1025 3948 1285 4012 mariomaibus

67 4034 184 4117 co'piis
198 4031 433 4115 abundarem)
453 4054 540 4096 nunc
554 4034 795 4118 expugnatione
808 4029 1007 4110 Dyrrhachii
1023 4027 1326 4115 irrita,·(quippe40

67 4138 178 4203 quern
197 4116 350 4179 salsitas
370 4116 657 4201 inexpugnabilem
675 4115 836 4192 faceret3)
856 4111 897 4172 ad
917 4112 983 4171 boc
1003 4112 1189 4176 a'ss'iduis‘in
1207 4137 1286 4177 eru..
1317 4194 1322 4207 Ι

67 4204 196 4287 ptione
217 4200 364 4263 bostium
389 4201 548 4286 proeliis3
569 4203 660 4285 (quo
691 4209 844 4283 tempore
869 4194 998 4278 egregia
1023 4196 1127 4258 virtus
1146 4198 1288 4260 Scaevae
1318 4246 1322 4253 .

69 4284 290 4351 centurionis
304 4286 471 4361 emicuit,
504 4283 595 4347 cuius
624 4286 659 4346 in
685 4292 779 4346 scuto
810 4288 940 4343 centum
968 4284 1064 4360 atque
1084 4280 1200 4363 viginti
1221 4281 1287 4344 tela

69 4366 235 4435 sederunt
243 4368 270 4444 3)
292 4368 356 4442 iam
375 4390 455 4433 vero
478 4366 667 4450 direptione
686 4368 820 4428 urbium
840 4362 1015 4436 sociarum,
1077 4386 1132 4425 um
1147 4362 1326 4442 Oricamdr

73 4462 111 4515 et
132 4448 328 4531 Gompbos,
349 4454 384 4514 et
403 4453 467 4515 alia
488 4450 619 4515 castella
640 4448 827 4512 Thessaliae
849 4454 1003 4509 vastaret.
1063 4446 1211 4531 ompeius
1227 4446 1329 4522 adis

71 4555 192 4597 versus
212 4532 294 4595 baec
312 4544 444 4599 nectere
469 4556 603 4610 mores,
631 4532 862 4619 tergiversari,
893 4530 940 4593 sic
966 4529 1064 4594 simul
1092 4538 1131 4592 ut
1157 4531 1298 4594 bostem

73 4616 294 4683 intuemur
315 4620 466 4706 undique
481 4618 597 4704 inopia
620 4627 864 4704 commeatuum
880 4620 1014 4683 tereret
1023 4660 1037 4693 ,-
1051 4624 1172 4705 ntqae.
1179 4613 1342 4679 amm-.-
