2850 4958
266 220 338 365 na
364 282 682 367 cammarus
715 286 823 367 car.
848 288 911 371 aa
927 284 994 393 ss
1103 274 1109 290 '
1174 302 1249 382 asa

1343 418 1367 478 tt

42 457 196 535 sumna,
228 452 380 521 simulata
411 452 632 542 proruptione
654 450 824 532 bostium,
846 452 966 532 nullis.
991 454 1042 522 ast
1063 466 1257 555 rents-optas
1297 464 1302 475 '
1354 473 1370 515 ‘i

45 565 88 605 ac
112 540 281 626 repentina
303 538 411 612 solet,
444 545 569 601 mum
598 536 836 642 stipatoribus.
853 538 1080 641 'tabernaculo
1112 544 1259 619 educam
1382 578 1385 584 ’

44 619 795 780 ttttstfffltt‘totiltttst'¹:333.
809 635 1299 802 “tltttstzttttttts

44 792 234 866 acciderat,
269 788 374 854 inulta
403 787 518 850 caedes
549 786 624 850 fuit.
674 788 880 873 Quamquam
913 808 954 854 eo
976 791 1123 878 prolapsi
1146 805 1302 879 morem¹

45 882 143 949 sunt,
174 874 223 937 uti
252 894 335 949 suo,
367 890 464 955 quam
487 870 718 954 Reipublicae,
754 870 920 958 magisque
941 875 1129 958 potentine,
1157 906 1256 968 quam

43 957 174 1044 gloriae
195 958 306 1022 studio
330 952 442 1040 plures
460 963 569 1040 agant.
613 954 698 1019 Hine
722 976 854 1041 quoque
877 976 989 1022 rerum
1010 957 1060 1021 ris
1083 981 1122 1026 ae
1143 956 1303 1055 nomi-nd

21 1061 124 1123 'uum
149 1051 328 1125 corrupts3
353 1059 453 1122 quum
475 1038 670 1126 plerumque
692 1038 810 1124 potior
832 1037 975 1125 flagitio,
998 1040 1057 1107 abi
1080 1049 1179 1114 ermis
1197 1070 1258 1115 eu.

44 1128 231 1210 paraverit,
266 1121 472 1208 tyrannidem
505 1130 647 1187 amotam
676 1121 861 1198 vocaverit,
884 1122 1003 1188 damno
1025 1125 1161 1208 publico
1185 1152 1257 1221 op-

43 1229 188 1292 pressos.
232 1210 321 1288 Quin
352 1204 449 1267 etism
470 1203 631 1291 aliquanti
654 1205 727 1290 pari
751 1205 890 1269 libidine
914 1207 947 1270 in
968 1212 1160 1280 coelestium
1180 1219 1298 1287 ιιι-οδ

44 1312 174 1355 merum
199 1294 409 1362 referuntur,
437 1309 534 1374 aegre
556 1288 718 1377 exsequiis
741 1287 844 1373 digni.
883 1290 986 1370 Queis
999 1294 1034 1357 ni
1049 1294 1128 1360 fides
1141 1295 1299 1371 rerumne

43 1385 210 1458 gestarum
241 1374 440 1446 obstitisset,
473 1391 557 1457 quae
581 1397 622 1439 ne
647 1396 688 1437 ue
719 1372 875 1436 honestos
899 1378 1059 1454 praemiis
1082 1374 1260 1457 membriae
1371 1410 1377 1425 ¹

11 1486 24 1525 ·,
43 1458 201 1520 frustrari
231 1459 330 1532 sinit,
365 1474 472 1554 neque
503 1455 664 1541 improbas
694 1463 861 1522 aeternam
888 1455 1115 1546 illustremque
1136 1467 1257 1534 tamam
1364 1456 1387 1499 ’⁶

11 1548 26 1576 ¹
43 1542 248 1624 proceder03
282 1561 341 1606 nec
373 1559 525 1622 cuiquam
556 1550 726 1625 peteretur
752 1540 878 1613 virtus,
911 1557 1149 1687 quamverum
1173 1550 1258 1618 illud
1394 1582 1405 1625 ι

11 1622 31 1695 ;“·
45 1635 146 1708 atque
171 1625 304 1688 unicum
327 1622 424 1685 decus
448 1622 588 1704 pessimo
610 1626 730 1711 cuique
749 1625 853 1709 gratia
875 1625 919 1687 tri
944 1635 1090 1702 seretur,
1112 1631 1257 1698 demtum

11 1728 31 1785 ἰ
44 1706 149 1789 impie
169 1709 279 1771 bouis.
322 1707 473 1787 Denique
495 1707 679 1772 Gallienum
700 1709 858 1772 subactis
875 1705 1012 1771 Claudio
1025 1710 1152 1790 Patres,
1167 1720 1303 1807 quodsy-

11 1792 116 1853 *eius
144 1792 285 1855 arbitrio
320 1790 494 1870 imperium
527 1792 686 1876 cepisset,
719 1793 839 1854 Divum
869 1788 994 1856 dixere.
1046 1794 1127 1859 llam
1157 1804 1301 1884 quumu8

40 1874 213 1957 profluvio
239 1874 426 1957 sanguinis,
448 1871 582 1938 vulnere
602 1884 668 1938 hm
689 1876 803 1957 gravi,
827 1883 966 1938 mortem
987 1874 1051 1939 eibi
1072 1878 1182 1946 adesse
1202 1887 1259 1950 in-

37 1959 229 2043 telligeret,
261 1959 399 2042 insignia
430 1952 562 2038 imperii
591 1956 634 2020 ad
663 1958 834 2022 Claudium
862 1955 1097 2038 destinaverat,
1127 1962 1262 2035 bonore

34 2042 232 2104 tribunatus
256 2042 365 2104 Ticini
386 2039 582 2102 retinentem
605 2041 852 2126 praesidiarium
873 2063 1017 2106 manum.
1061 2044 1161 2125 Quod
1183 2067 1308 2144 sancey

35 2133 232 2189 extorsum:
256 2147 356 2208 quum
376 2144 483 2206 neque
504 2120 644 2186 Gallieni
668 2124 813 2212 flagitia,
836 2122 914 2188 dum
936 2126 1035 2190 urbes
1057 2140 1171 2207 eruut,
1197 2152 1268 2200 oo.'

32 2209 166 2273 culturi
188 2218 326 2293 queaut3
350 2216 383 2270 et
403 2208 542 2290 quisquc
559 2206 717 2290 pessimus
738 2208 824 2282 erit,
844 2228 907 2309 par
927 2210 1108 2294 similisque
1128 2236 1260 2299 semper

30 2291 110 2377 ipsi
133 2291 321 2354 habebitur.
363 2290 455 2354 Adeo
478 2291 643 2374 principes
664 2299 763 2376 atque
787 2292 906 2374 optimi
931 2295 1142 2373 mortalium,
1172 2302 1303 2371 vitaebo

32 2379 186 2449 decore,
218 2398 315 2460 quam
342 2373 497 2458 quaesitis
527 2372 716 2437 nominibus
737 2383 835 2456 atque
855 2375 1069 2457 compositis,
1102 2393 1260 2461 quantum

31 2460 257 2534 coniiciatur,
280 2459 409 2521 coelum
430 2457 568 2529 adeunt,
588 2476 643 2518 seu
669 2460 753 2519 fama
776 2456 947 2519 homiuum
972 2460 1035 2521 Dei
1051 2462 1260 2531 celebrantur

28 2543 160 2608 muodo.
202 2542 247 2603 At
268 2540 417 2616 Senatus,
441 2547 612 2621 comperto
635 2538 692 2602 tali
716 2539 835 2611 exitio,
857 2538 1011 2602 satellites
1032 2545 1299 2630 propinquos-br

65 2649 112 2690 ue
133 2646 195 2707 per
215 2627 316 2688 scalas
339 2623 514 2685 Gemonias
534 2641 690 2705 praeceps
711 2621 853 2706 agendos
873 2619 1029 2700 decrerit,
1050 2636 1261 2717 patronoque

29 2652 116 2774 daci
140 2713 172 2770 iu
194 2710 320 2770 curiam
339 2706 501 2789 perducto
526 2704 658 2767 effossos
680 2709 793 2773 oculos
816 2704 1011 2788 pependisse
1023 2710 1103 2774 sutis
1117 2724 1257 2796 constut3

27 2812 149 2878 quum
180 2792 309 2855 irruens
340 2790 472 2875 vulgus,
503 2787 576 2869 pari
599 2787 763 2868 clamore,
784 2787 926 2850 Terram
947 2800 1085 2857 matrem
1104 2796 1259 2885 Deosque

28 2875 172 2942 inferos
200 2882 413 2958 precaretur,
443 2869 548 2934 sedes.
564 2872 679 2952 impias
703 2874 751 2936 uti
775 2870 925 2934 Gallieno
950 2873 1077 2940 darent.
1119 2878 1169 2944 Ac
1194 2877 1301 2951 uisite

29 2957 223 3034 Claudius,
245 2957 416 3021 confestim
440 2963 572 3037 recepta
593 2957 771 3021 Mediolani
791 2954 887 3028 urbe,
909 2963 1072 3042 umquam
1089 2964 1257 3045 postulato
1319 3039 1322 3043 Α

35 3041 221 3119 exercitus,
242 3041 454 3127 parcendum,
477 3041 533 3123 qui
557 3039 645 3102 forte
666 3051 780 3103 eorum
799 3050 1003 3121 supererant,
1027 3048 1255 3127 praecepisset,

33 3125 203 3193 mobilitas
231 3126 410 3210 plebesque
440 3123 584 3186 atrocius
616 3133 852 3209 grassarentur.
895 3120 938 3182 Et
958 3124 1073 3189 Patres
1100 3128 1299 3212 quidamst

30 3218 178 3301 praeter
195 3230 369 3273 commuue
389 3207 527 3271 Romani
553 3205 673 3270 malurn
697 3207 806 3282 orbis,
827 3202 1015 3270 stimulabat
1034 3213 1167 3294 proprii
1191 3237 1255 3279 or.

38 3293 133 3361 dinis
157 3292 373 3357 contumelia:
404 3291 481 3378 quia
513 3290 639 3373 primus
660 3291 752 3377 ipae,
783 3297 873 3354 metu
896 3291 1068 3355 socordiae
1091 3315 1187 3371 euae3
1214 3297 1299 3382 ³05⁴

37 3376 223 3460 imperium
252 3375 293 3440 ad
324 3375 468 3463 optimos
493 3373 656 3438 nobilium
685 3377 939 3449 transferretur,
964 3373 1119 3440 Senatum
1137 3381 1256 3449 militie

35 3458 165 3536 vetuit}
180 3461 279 3526 etiem
291 3459 383 3528 adire
397 3459 590 3526 exercitum.
610 3459 697 3524 Huic
710 3480 831 3524 norem
843 3477 1005 3525 emotum
1015 3464 1166 3550 potentie
1178 3462 1296 3535 suiset

440 3659 667 3727 CAPUT
706 3600 863 3733 XXXlV.

569 3819 737 3864 mammill-

86 3945 152 4015 Sed
175 3945 302 4012 Claudii
324 3946 498 4033 imperium
516 3949 651 4027 milites,
673 3973 756 4040 quos
776 3953 848 4017 tere
866 3960 983 4018 eontra
996 3951 1162 4040 ingenium
1174 3973 1260 4037 per-

42 4032 135 4098 ditae
155 4054 207 4097 ree
228 4031 385 4117 subigunt
406 4043 494 4097 reeta
514 4033 705 4114 consulare,
727 4035 786 4101 ubi
807 4037 924 4101 efflicte
946 4038 1056 4101 onnia
1101 4059 1257 4124 erepere-

41 4137 98 4191 re,
119 4117 212 4180 avide
232 4117 420 4200 approbant
443 4116 679 4202 extolluntque,
699 4120 764 4185 viri
784 4120 936 4183 laborum
953 4123 1118 4203 patientis,
1139 4121 1259 4207 sequi·
1363 4198 1366 4203 Α

42 4200 742 4352 {tttist⁰tttl⁰llttttt¹¹⁰ttt
755 4202 879 4350 liii?
901 4204 1302 4355 ''iiii“iiiiil'iiffi

42 4375 153 4453 peret,
176 4388 257 4450 quos
278 4369 477 4431 diuturnitas
498 4369 596 4429 nimis
615 4371 754 4447 validos,
771 4312 814 4433 lic
834 4312 941 4458 probe
958 4373 1081 4437 incolas
1096 4372 1257 4449 effecerat,

44 4449 219 4537 proditum
249 4473 287 4514 ex
318 4453 414 4515 libris
443 4450 615 4532 Sibyllinis
646 4465 716 4530 eet,
747 4456 891 4538 primum
920 4455 1046 4521 ordinis
1067 4455 1258 4541 amplissimi

45 4533 208 4597 victoriae
234 4537 424 4599 vovendum.
472 4537 647 4621 Quumque
678 4540 727 4614 is,
760 4539 815 4623 qui
845 4560 913 4604 esee
942 4540 1136 4617 videbatur,
1159 4541 1311 4617 manet(

50 4616 243 4695 obtulisset,
268 4619 331 4685 sibi
352 4622 465 4708 potius
491 4619 525 4685 id
547 4624 693 4690 muueris
713 4630 911 4715 competere
932 4623 1111 4700 assata,
1128 4621 1197 4711 qni
1214 4640 1286 4682 sa-
1404 4684 1408 4689 .
