2850 4958
96 250 148 353 aa
616 252 811 329 VELLEII

99 413 193 497 isque
212 431 396 475 successere
417 412 454 481 0.
471 412 588 477 Caesar
608 413 748 491 Strabo,
769 415 808 477 P.
831 413 1007 498 Sulpicius.
1049 415 1133 479 Nam
1160 419 1203 499 Q.
1231 420 1314 483 Mu·

98 498 169 559 cius
190 498 269 559 iuris
290 496 444 571 scientia,
467 516 563 579 quam
583 498 739 584 propriae
760 498 964 581 eloquentiae
978 500 1122 573 nomine,
1141 502 1312 567 celebrior

97 582 173 642 fuit.
217 580 308 641 Clara
332 580 427 639 etiam
448 600 510 661 per
531 578 615 642 idem
638 582 705 641 aevi
728 582 868 662 spatium
892 584 984 643 fuere
1010 582 1159 667 Ingenia,
1189 587 1225 647 in
1248 596 1311 649 to-

96 664 181 749 gatis
202 662 346 736 Afranii,
369 662 403 722 in
425 662 602 745 tragoediis
624 666 757 727 Pacuvii
779 674 876 747 atque
897 664 988 727 Accii
1001 710 1009 739 ,
1032 688 1135 749 usque
1157 670 1190 729 in
1209 670 1314 731 Grae·

98 766 214 807 corum
236 748 441 828 ingeniorum
463 750 739 827 comparationem
765 749 885 822 eventi,
908 771 1123 833 magnumque
1144 752 1312 815 interbos

99 832 187 910 ipsos
208 831 356 890 facientis
380 829 472 910 operi
495 851 553 889 suo
575 831 685 892 locum
708 832 854 911 [Ennii]·,
878 832 958 893 adeo
975 832 1118 914 quidem,
1142 844 1179 895 ut
1194 834 1229 897 in
1245 836 1312 899 illis

97 913 215 986 limae,
244 913 276 973 in
295 912 359 973 boo
383 932 485 993 paene
510 913 583 994 plus
607 916 757 979 videatur
776 916 875 975 fuisse
896 916 1071 998 sanguinis.
1114 917 1255 980 Celelme
1279 930 1312 983 ot

98 997 218 1059 Lucilii
240 1017 358 1057 nomen
380 995 456 1069 fuit,
483 995 539 1077 qui
563 998 622 1059 sub
642 999 680 1059 P.
697 998 865 1071 Africano,
880 999 1078 1059 Numantino
1093 1000 1195 1075 bello,
1210 1010 1310 1087 eques

97 1081 305 1141 militaverat.
349 1080 423 1157 Quo
459 1079 590 1161 quidem
620 1090 767 1162 tempore
792 1081 921 1142 iuvenes
951 1080 1058 1142 adhuc
1083 1082 1242 1167 Iugurtha
1273 1108 1310 1147 ao

98 1165 243 1235 Marius,
265 1163 324 1223 sub
347 1162 461 1223 eodem
483 1162 636 1224 Africano
660 1165 856 1239 militantes,
880 1166 914 1225 in
935 1164 1050 1225 iisdem
1072 1168 1186 1228 castris
1211 1166 1310 1233 didi-

92 1262 194 1323 cere,
228 1266 310 1329 quae
339 1254 453 1327 postea
482 1245 514 1304 in
544 1249 717 1309 contrariis
747 1249 901 1309 facerent.
945 1246 1169 1311 Historiarum
1190 1262 1310 1317 auctor

98 1330 164 1391 iam
189 1339 258 1389 tum
285 1330 418 1391 Sisenna
449 1338 518 1388 erat
548 1331 695 1405 iuvenis,
728 1329 784 1390 sed
810 1352 890 1413 opus
917 1330 996 1392 belli
1019 1330 1123 1393 civilis
1145 1333 1309 1421 [socialis]

25 1424 27 1429 '
99 1412 289 1493 Sullanique
309 1421 384 1493 post
406 1412 533 1493 aliquot
554 1434 654 1481 annos
677 1415 716 1473 ab
739 1435 777 1473 eo
800 1416 928 1475 seniore
950 1413 1072 1475 editum
1104 1424 1161 1478 est.
1207 1417 1312 1483 Vetu-

97 1498 183 1558 'stior
203 1498 334 1577 Sisenna
359 1496 421 1555 fuit
444 1495 572 1557 Coelius
585 1518 603 1569 ·,,
618 1496 761 1579 aequalis
781 1496 934 1557 Sisennae
956 1496 1109 1572 Rutilius,
1133 1499 1309 1565 Claudius·

96 1582 163 1665 q'ue
189 1580 447 1663 Quadrigarius,
482 1588 514 1639 et
545 1578 695 1641 Valerius
730 1578 853 1642 Antias.
896 1579 980 1659 Sane
1008 1602 1075 1641 non
1101 1582 1307 1665 ignoremus,

95 1664 211 1725 eadem
244 1671 349 1723 aetate
379 1664 477 1725 fuisse
508 1663 754 1744 Pomponium,
797 1662 942 1724 sensibus
977 1663 1160 1739 celebrem,
1198 1670 1308 1733 verbis

98 1748 234 1820 rudem,
266 1755 298 1806 et
319 1748 462 1808 novitate
484 1746 605 1808 inventi
627 1770 645 1807 a
666 1766 699 1807 se
722 1748 832 1827 operis
854 1745 1154 1810 commendabilem.

140 1831 181 1891 X.
204 1831 444 1911 Persequamur
463 1838 573 1889 notam
593 1830 796 1889 severitatem
821 1824 1010 1901 Causarum,
1035 1830 1132 1891 Cassii
1150 1830 1306 1911 Longini,

100 1914 355 1995 Caepionisque,
387 1912 444 1993 qui
476 1910 594 1970 abhinc
626 1933 725 1972 annos
750 1908 850 1985 CLV,
882 1912 927 1971 M.
949 1910 1108 1992 Lepidum
1130 1913 1307 1981 Aemilium

97 1994 276 2079 Augurem,
300 1993 389 2077 quod
411 2014 464 2053 sex
487 1992 630 2054 millibus
651 1994 716 2053 HS.
741 1994 834 2054 aedes
856 1994 1217 2069 conduxisset‚·adesse
1239 2001 1308 2065 ius-

99 2088 221 2141 serunt.
265 2077 308 2137 At
328 2098 425 2149 nunc,
449 2077 474 2137 si
496 2076 568 2158 quis
589 2080 671 2138 tanti
692 2076 839 2152 habitet,
861 2074 915 2137 viu
936 2086 973 2139 ut
993 2079 1131 2141 Senator
1152 2084 1307 2165 agnosci-

99 2172 170 2224 tur:
203 2161 284 2221 adeo
312 2171 438 2221 mature
467 2160 603 2220 anoctis
626 2160 779 2235 invitia,
813 2160 940 2222 avitiis
961 2162 994 2223 in
1016 2184 1136 2243 prava,
1159 2187 1176 2223 a
1197 2168 1307 2248 pravis

99 2248 134 2308 in
161 2244 354 2327 praecipitia
380 2242 581 2325 pervenitur.
625 2240 746 2304 Eodem
777 2250 884 2304 tractu
905 2252 1091 2327 temporum
1115 2257 1147 2307 et
1166 2250 1307 2313 Domitii

100 2352 139 2392 ex
161 2328 335 2401 Arvernis,
359 2337 391 2387 et
410 2325 503 2386 Fabii
526 2346 564 2387 ex
586 2325 820 2410 Allobrogibus
841 2326 978 2388 victoria
994 2328 1058 2388 fuit
1072 2328 1204 2391 nobilis.
1242 2334 1307 2395 Fa-

97 2414 172 2488 bio,
204 2410 310 2472 Paulli
338 2409 472 2491 nepoti,
496 2430 534 2467 ex
555 2409 693 2471 victoria
716 2430 894 2488 cognomen
915 2409 1130 2494 Allobrogico
1154 2412 1303 2481 inditum.

98 2498 242 2558 Notatur
262 2494 428 2555 Domitiae
449 2491 590 2553 familiae
610 2493 785 2576 peculiaris
807 2492 983 2579 quaedam,
1007 2504 1040 2555 et
1060 2502 1097 2555 ut
1117 2494 1305 2579 clarissima,

97 2580 145 2641 ita
178 2587 280 2640 artata
313 2596 449 2637 numero
481 2575 630 2638 felicitas.
680 2578 811 2658 Septem
841 2586 914 2638 ante
944 2576 1052 2651 hunc,
1085 2577 1306 2641 nobilissimae

98 2662 320 2744 simplicitatis
349 2661 517 2734 iuvenem,
551 2660 607 2721 Cn.
639 2660 842 2735 Domitium,
875 2662 968 2721 fuere
998 2661 1116 2741 singuli
1139 2662 1306 2748 [singulis]

100 2747 234 2806 omnino
266 2744 457 2826 parentibus
489 2742 612 2827 genitif,
641 2742 697 2807 sed
719 2766 830 2806 omnes
852 2743 891 2804 ad
914 2744 1122 2805 Consulatum
1144 2746 1308 2811 Sacerdo-

98 2830 228 2911 tiaque,
265 2828 304 2888 ad
326 2826 473 2908 triumph
496 2836 602 2911 autem
621 2822 730 2909 pi'aene‘
746 2846 855 2889 omnes
875 2828 1265 2913 perveneruntinsignia.

141 2916 200 2975 XI.
232 2911 357 2987 Bellum
378 2911 494 2973 deinde
515 2912 745 2993 Iugurthinum
767 2921 892 2995 gestum
914 2919 961 2973 est
979 2934 1040 2994 per
1062 2914 1103 2990 Q.
1122 2914 1303 2989 Metellum,

97 2997 181 3069 nulli
205 2997 379 3063 secundum
401 2992 499 3055 seculi
523 2999 584 3057 sui.
627 2992 733 3059 Huius
754 2998 892 3077 Legatos
912 2994 977 3056 fuit
999 2997 1033 3056 C.
1050 2996 1184 3071 Marius,
1208 3019 1305 3079 quem

97 3070 338 3165 praediximus,
361 3089 453 3141 natus
476 3079 617 3161 equestri
640 3078 740 3153 loco,
768 3080 876 3139 hirtus
898 3085 995 3159 atque
1014 3076 1191 3154 horridus,
1213 3080 1304 3141 vita-

100 3187 164 3249 que
192 3173 338 3237 sanctus,
372 3171 527 3247 quantum
556 3162 643 3223 bello
675 3162 837 3243 optimus,
870 3164 996 3219 tantum
1026 3181 1105 3241 pace
1126 3164 1303 3241 pessimus,

100 3247 293 3317 immodicus
316 3244 453 3322 gloriae,
476 3244 706 3325 [insatiabilis,]
726 3246 899 3323 impotens,
922 3262 1113 3325 semperque
1129 3245 1303 3329 inquietus.

100 3330 164 3391 Hic
185 3322 479 3407 per'publicanos,
508 3326 654 3407 aliosque
677 3328 709 3387 in
731 3325 841 3387 Africa
862 3325 1087 3407 negotiantes,
1115 3328 1304 3392 culminatns

94 3410 224 3473 'Metelli
254 3407 500 3479 lentitudinem,
528 3408 686 3467 trahentis
719 3407 781 3469 iam
813 3408 998 3469 intertium
1022 3434 1139 3472 annum
1160 3412 1303 3487 bellum,

102 3503 134 3555 et
154 3491 334 3575 naturalem
355 3488 538 3551 nobilitatis
560 3489 746 3571 superbiam
758 3538 766 3567 ,
789 3492 1005 3573 morandique
1027 3493 1060 3555 in
1084 3495 1231 3576 imperiis
1252 3520 1305 3559 ou·

98 3574 294 3663 pidita'tem·,'
316 3570 440 3646 effecit,
464 3580 519 3647 ut,
543 3593 663 3654 quum,
687 3582 866 3637 commeatu
888 3578 1016 3657 petito,
1038 3576 1174 3638 Romam
1195 3581 1306 3641 venis·-

96 3668 169 3734 set,
193 3657 312 3729 Consul
333 3664 521 3730 crearetur,
541 3656 684 3741 bellique
703 3681 806 3741 paene
827 3660 947 3741 patrati
970 3683 987 3721 a
1009 3659 1155 3733 Metello,
1178 3664 1234 3743 qui
1255 3664 1304 3725 bis

100 3744 292 3829 Iugurtham
315 3740 384 3802 acie
404 3739 552 3816 fuderat,
575 3763 697 3802 summa
720 3744 980 3806 committeretur
1000 3744 1075 3805 sibi.
1120 3745 1243 3808 Metelli
1258 3756 1306 3807 ta·

97 3850 174 3891 men
196 3828 229 3889 et
247 3823 432 3905 triumphus
452 3824 516 3884 fuit
536 3825 752 3902 clarissimas,
775 3834 808 3886 et
827 3827 980 3890 meritum
1002 3828 1063 3909 ipsi
1085 3828 1207 3889 virtute
1231 3850 1307 3913 cog-

99 3932 220 3973 nomen
249 3906 414 3969 Numidici
446 3906 596 3970 inditum.
638 3912 686 3972 Ut
715 3906 813 3993 paulo
845 3920 919 3971 ante
947 3909 1112 3985 Domitiae
1138 3909 1301 3985 familiae,

101 3994 147 4055 ita
169 3993 327 4055 Caeciliae
347 3990 488 4053 notanda
510 3992 671 4055 claritudo
695 4004 753 4056 est.
796 3993 926 4077 Quippe
948 3995 1033 4054 intra
1048 3995 1111 4056 XII
1126 3997 1227 4056 ferme
1242 4015 1306 4055 an-

93 4099 162 4140 ·uos
181 4076 278 4139 buius
298 4076 456 4159 temporis
479 4075 567 4139 Coss.
589 4078 682 4140 fuere
704 4077 848 4151 Metelli,
870 4086 928 4153 aut
950 4078 1126 4151 Censores,
1156 4084 1211 4137 aut
1230 4077 1303 4138 tri-

102 4156 303 4243 umpharunt
314 4184 332 4235 ,’
351 4158 487 4243 amplius
518 4157 745 4243 [duodecies]·,
775 4170 812 4221 ut
831 4169 1004 4243 appareat,
1031 4158 1304 4244 quemadmodum

101 4244 240 4307 urbium¹
264 4240 565 4327 imperiorumque,
597 4243 643 4303 ita
672 4243 837 4328 gentium,
868 4262 954 4303 nunc
974 4242 1094 4307 florere
1115 4246 1303 4321 fortunam,

102 4351 188 4397 nunc
210 4342 394 4401 senescere,
416 4342 509 4388 nunc·
526 4325 673 4388 interire.

143 4410 220 4474 XII.
250 4411 293 4473 At
324 4412 358 4474 C.
380 4408 503 4481 Marius
531 4410 568 4471 L.
589 4408 730 4483 Sullam,
763 4409 827 4470 iam
846 4415 945 4483 tuno,
976 4418 1013 4471 ut
1035 4410 1304 4492 praecaventibus

96 4496 199 4571 ¹fartis,
230 4495 418 4640 copplatum
438 4491 501 4557 sihi
530 4494 744 4571 Quaestorem
773 4490 910 4567 habuit,
942 4499 974 4554 et
994 4513 1054 4576 per
1076 4516 1150 4556 eum
1170 4495 1305 4555 missum

103 4579 145 4639 ad
161 4598 269 4665 regem
327 4576 455 4651 ce'bum',
466 4572 623 4671 Iugurtha
633 4596 721 4661 rege,
732 4574 851 4641 abhinc
862 4596 962 4641 aanor
974 4578 1077 4671 ferme
1088 4578 1303 4675 CXXXVffl,
