2850 4958
142 307 193 389 4²
655 286 853 367 vastati

33 452 36 457 ’
144 454 217 519 acie
237 461 489 519 concurrerunt.
535 454 667 533 Cornu,
687 453 744 514 cui
765 454 886 514 Brutus
910 454 1073 535 praeerat,
1098 446 1249 535 impulsis
1269 450 1376 517 hosti·

145 541 208 603 bus
228 540 335 601 'casstra
358 538 504 601 Caesaris
525 537 625 620 cepit.
670 536 753 597 Nasu
776 536 846 617 ipse
868 536 1002 610 Caesar,
1026 536 1152 599 etiamsi
1176 537 1375 599 infirmissi-

145 644 218 689 suus
239 622 426 685 valetudiue
447 630 539 695 erat,
562 618 679 683 obibat
699 621 810 681 munia
833 618 946 693 ducis,
977 629 1089 681 oratus
1118 621 1217 681 etiam
1239 620 1285 681 ab
1308 622 1377 683 As-

145 708 236 769 torio
259 705 408 780 medico,
439 728 481 767 nc
509 710 544 765 in
566 711 683 767 castris
704 716 907 777 remaneret,
931 704 1103 764 manifeste
1123 704 1379 775 denuntiatione

145 790 267 873 quietis
299 786 431 851 territo.
474 786 514 850 Id
541 796 667 863 autem,
703 787 738 847 in
765 807 832 870 quc
857 788 983 847 Cassius
1006 789 1133 861 fuerat,
1162 790 1315 869 fugatum
1340 804 1377 849 ae

144 872 232 935 male
253 866 430 935 mulcatum
463 870 497 932 in
524 868 644 933 altiora
671 892 706 932 se
737 879 908 950 receperat
934 869 1020 931 loca.
1064 870 1149 931 Tum
1183 872 1315 933 Cassius
1339 890 1377 935 ex

146 979 203 1018 sua
226 958 361 1019 fortuna
384 962 534 1017 eventum
555 954 701 1039 collegae
722 953 917 1027 aestimans,
938 976 1040 1035 quum
1062 950 1236 1017 dimisisset
1253 976 1377 1019 eroes·

146 1038 239 1114 tum,
263 1039 473 1121 iussissetque
492 1038 645 1107 nuntiare
664 1034 750 1114 sibi,
796 1056 859 1096 uae
879 1050 961 1099 esset
984 1037 1159 1098 multitudo
1180 1060 1222 1099 ae
1244 1043 1297 1103 vis
1314 1036 1378 1101 lao-

146 1129 288 1197 miaum,
312 1146 395 1207 quas
417 1120 464 1181 ad
480 1143 515 1182 se
534 1122 700 1196 tenderet,
722 1061 848 1185 tardius
869 1136 909 1181 eo
933 1121 1126 1195 nuntiante,
1147 1138 1250 1203 quum
1275 1122 1309 1185 ln
1332 1122 1378 1185 ri·

148 1198 225 1271 cino
240 1216 332 1279 ¹esset
353 1225 467 1290 agmen
490 1225 588 1266 cursu
610 1202 652 1267 ad
674 1228 748 1267 eum
767 1200 984 1278 tendentium,
1000 1216 1110 1287 neque
1123 1204 1262 1287 pulvere
1277 1205 1377 1269 facies

148 1300 207 1354 aut
226 1289 253 1352 si
276 1311 318 1352 na
340 1286 491 1369 denotari
514 1297 670 1371 possent,
693 1290 898 1361 existimans,
920 1278 1032 1349 hostes
1053 1306 1140 1360 esse,
1175 1282 1234 1371 qui
1258 1288 1376 1353 irrue-

149 1382 243 1447 rent,
255 1312 394 1437 lacerna
414 1380 517 1453 caput
537 1371 779 1449 circumdedit,
803 1376 1030 1453 extentumque
1052 1371 1215 1436 cervicem
1235 1371 1378 1439 interri-

28 1498 31 1505 ·
149 1466 203 1521 tus
232 1457 356 1525 liberto
387 1454 554 1537 praebuit.
598 1454 779 1519 Deciderat
803 1450 903 1515 Cassii
935 1463 1054 1536 caput,
1088 1472 1189 1537 quum
1221 1466 1376 1519 evocatus

151 1538 305 1615 advenit,
327 1540 502 1610 nuntians,
525 1542 665 1601 Brutum
687 1562 753 1600 esso
772 1542 941 1605 victorem.
986 1537 1051 1615 Qui
1074 1556 1177 1621 quum
1198 1538 1378 1621 imperato·

148 1645 222 1693 rem
242 1632 447 1709 prostratum
467 1621 614 1698 rideret,
643 1642 782 1705 sepitur,
809 1620 939 1703 inquit,
962 1644 1054 1695 essm,
1083 1644 1176 1707 quem
1196 1644 1273 1681 msa
1294 1626 1377 1687 occi-

151 1706 200 1777 dit
222 1710 385 1783 tarditas,
416 1714 450 1767 et
478 1705 524 1767 ita
557 1706 591 1767 in
623 1702 766 1788 gladium
797 1703 957 1765 incubuit.
999 1705 1081 1766 Post
1111 1724 1235 1788 paucos
1257 1704 1376 1769 deinde

69 1857 72 1861 ,
152 1790 223 1854 dies
253 1796 372 1855 Brutus
405 1788 557 1852 conflixit
586 1810 660 1853 cum
692 1788 865 1851 hostibus:
899 1794 932 1859 et
962 1789 1067 1850 victus
1097 1789 1184 1863 acie,
1217 1810 1321 1869 quum
1343 1791 1377 1853 in

77 1904 80 1913 ·
148 1876 317 1943 ,tumulum
347 1881 445 1935 nocte
473 1892 513 1935 ex
542 1872 618 1956 fuga
646 1888 680 1932 se
711 1873 910 1953 recepisset,
954 1869 1142 1953 impetravit
1172 1892 1190 1933 a
1220 1872 1377 1935 Stratone

152 1957 316 2040 Aegeate,
338 1954 495 2018 familiari
516 1975 599 2029 suu,
631 1964 668 2015 ut
695 1976 825 2015 manum
852 1950 1018 2015 risorituro
1041 1950 1268 2019 commodaret
1289 1952 1375 2031 sibit

152 2041 344 2124 reiectoque
375 2038 469 2101 laevo
504 2059 604 2121 super
625 2046 724 2119 eaput
745 2036 907 2108 brachio,
939 2058 1040 2119 quum
1061 2060 1263 2105 mueronem..
1277 2032 1377 2123 gladii

154 2124 224 2185 eius
251 2125 384 2197 dextera
415 2130 549 2195 tenens,
581 2118 732 2184 sinistrae
763 2119 960 2191 admovisset
989 2121 1207 2198 mammillae,
1238 2122 1283 2185 ad
1304 2140 1376 2185 eum

155 2208 260 2288 ipsum
283 2205 412 2277 locum,
435 2226 497 2285 qua
520 2225 580 2265 cor
602 2205 740 2279 emicat,
764 2202 934 2287 impellens
954 2225 989 2266 sa
1010 2204 1045 2266 in
1066 2203 1202 2281 vulnus,
1224 2228 1294 2269 uno
1309 2206 1376 2271 ieta

154 2290 328 2353 transfixus
350 2286 527 2369 exspiravit
549 2287 717 2369 protinus.
1060 2316 1064 2323 ·

197 2374 301 2435 LXXI
337 2371 531 2452 [Corvinus]
553 2370 725 2445 Messalla,
749 2366 1004 2454 fulgentissimus
1027 2367 1174 2447 iuvenis,
1204 2374 1376 2455 proximus

154 2454 190 2518 iu
218 2458 284 2519 illis
315 2454 431 2517 castris
462 2455 556 2517 Bruti
589 2456 755 2538 Cassiiqus
782 2454 995 2527 auctoritati,
1028 2476 1130 2536 quum
1162 2466 1287 2533 essent,
1319 2456 1375 2543 qai

155 2562 229 2601 euna
254 2540 369 2601 ducem
398 2544 591 2621 poscerent,
622 2538 746 2600 serrari
767 2536 927 2601 beneficio
952 2535 1096 2600 Caesaris
1119 2538 1256 2613 maluit,
1281 2564 1377 2625 quam

155 2620 290 2697 dubiam
311 2642 402 2704 spem
423 2642 591 2684 armorum
614 2631 742 2683 tentare
763 2617 914 2702 amplius.
955 2620 1026 2683 Nee
1048 2630 1104 2683 aut
1127 2620 1255 2687 Caesari
1278 2624 1379 2709 quid-

156 2729 255 2789 quam
286 2725 326 2767 ex
350 2704 501 2769 victoriis
532 2705 598 2767 suis
629 2707 694 2767 fuit
723 2704 857 2777 laetius,
890 2724 989 2787 quam
1009 2726 1152 2767 servasse
1175 2708 1374 2785 Corvinum3

157 2798 214 2851 aut
234 2790 338 2850 maius
369 2788 554 2870 exemplum
583 2787 728 2850 bominis
758 2785 843 2871 grati
872 2809 910 2848 ac
936 2785 1008 2868 pii,
1040 2808 1136 2871 quam
1161 2787 1324 2855 Corvinus
1345 2792 1377 2855 in

158 2874 327 2935 Caesarem
347 2870 424 2951 fuit.
467 2872 543 2933 Nou
565 2870 655 2934 aliud
676 2870 797 2935 belluna
822 2871 990 2933 cruentius
1005 2872 1103 2935 caede
1118 2871 1377 2939 clarissimorum

155 2956 307 3018 virorum
336 2953 411 3015 fuit.
465 2955 552 3019 Tum
585 2954 718 3019 Catonis
753 2954 839 3017 lilius
869 2953 1000 3017 cecidit.
1053 2956 1175 3017 Eadem
1204 2956 1378 3023 Lucullum

156 3039 460 3120 Hortensiumque,
482 3038 814 3103 eminentissimorum
836 3035 957 3099 civium
979 3036 1086 3112 lilios,
1108 3042 1241 3103 fortuna
1263 3045 1378 3107 abstu-

151 3112 208 3187 lit.
252 3124 335 3185 Nam
357 3122 466 3185 Varro
489 3122 531 3186 ad
550 3120 734 3187 ludibrium
754 3120 937 3183 moriturus
958 3119 1116 3198 Antonii,
1139 3123 1236 3209 digna
1259 3126 1320 3191 illo
1341 3144 1378 3191 ao

155 3228 233 3279 vera
262 3206 302 3269 de
326 3206 416 3269 exitu
447 3207 517 3269 eius
548 3226 760 3290 magnacum
789 3201 944 3281 libertate
965 3204 1127 3279 eminatas
1149 3216 1209 3270 est.
1251 3214 1377 3275 Drusus

155 3284 290 3361 Livius,
310 3288 414 3351 Iuliae
436 3289 601 3373 Augustae
622 3296 737 3370 pater,
760 3295 793 3347 et
814 3285 923 3348 Varus
944 3286 1160 3365 Quinctilius,
1193 3313 1235 3353 ne
1256 3304 1378 3357 sensata

158 3371 292 3455 quidem
312 3370 417 3431 bostis
438 3371 687 3442 misericordia,
710 3368 795 3431 alter
815 3389 849 3429 se
870 3369 940 3452 ipse
962 3372 995 3433 in
1016 3372 1230 3437 tabernaculo
1252 3374 1379 3439 inters-

156 3454 239 3527 snit;
263 3451 370 3513 Varus
391 3460 499 3513 autem
518 3452 646 3526 liberti,
669 3474 765 3534 quem
787 3451 822 3513 id
841 3453 951 3516 facere
972 3460 1139 3542 coegerat,
1154 3479 1264 3531 manu,
1278 3478 1379 3545 quum

153 3556 193 3605 se
215 3534 395 3617 insignibus
415 3532 584 3597 honorum
604 3534 762 3609 velasset,
786 3536 951 3620 iugulatus
973 3549 1032 3604 est.
1179 3610 1183 3615 ,

198 3618 333 3681 LXXII.
365 3620 462 3681 Hune
484 3619 606 3681 exitum
627 3618 675 3681 Μ.
696 3619 791 3681 Bruti
818 3621 975 3704 partium,
997 3622 1172 3706 septimum
1195 3631 1227 3685 et
1246 3624 1382 3691 tricesi—

158 3721 246 3763 mum
277 3725 397 3765 annum
426 3702 572 3787 agentis,
605 3702 752 3765 Fortuna
784 3725 852 3766 esse
882 3705 1009 3768 voluitz
1041 3706 1238 3792 incorrupto
1269 3712 1380 3777 animo

160 3781 232 3847 eius
258 3784 290 3847 ia
321 3786 430 3860 diem,
464 3806 547 3867 quae
578 3784 629 3849 illi
662 3807 774 3848 omnes
804 3788 943 3851 virtutes
969 3788 1068 3853 unius
1093 3794 1279 3855 temeritate
1300 3792 1380 3859 facti
1419 3806 1421 3821 '

158 3868 306 3929 abstulit.
348 3867 427 3930 Fuit
446 3877 557 3931 autem
576 3869 644 3933 dux
665 3868 792 3941 Cassius
813 3870 954 3946 melior,
977 3882 1100 3957 quanto
1123 3874 1175 3936 vir
1201 3878 1337 3938 Brutus:
1361 3898 1382 3938 e

157 3952 278 4031 quibus
300 3953 439 4014 Brutum
469 3953 610 4016 amicum
630 3951 754 4017 hahere
775 3952 905 4031 malles,
933 3955 1102 4021 inimicum
1123 3959 1227 4039 magis
1248 3961 1382 4023 timeres

159 4033 325 4097 Cassium:
350 4036 393 4097 in·
406 4034 511 4099 altero
533 4038 642 4101 maior
662 4038 731 4112 ris,
756 4038 789 4099 in
811 4035 915 4101 altero
936 4039 1051 4103 virtus.
1086 4042 1152 4119 Qui
1169 4043 1196 4106 si
1211 4042 1379 4120 vicissent3

182 4127 315 4197 uantum
342 4118 556 4199 Reipublicae
585 4122 757 4195 interfuit,
793 4121 963 4189 Caesarem
1016 4124 1103 4189 otius
1133 4126 1268 4197 babere·
1281 4150 1382 4211 quam

151 4139 334 4269 ¹Antonium
365 4202 574 4287 principem,
606 4213 734 4267 tantum
759 4203 927 4266 retulisset
955 4143 1079 4270 halvere
1110 4210 1249 4273 Brutum
1279 4226 1383 4295 quam

158 4284 314 4345 Cassium.
360 4289 416 4349 Cn.
441 4287 628 4361 Domitius,
650 4296 745 4367 pater
764 4284 802 4347 L.
824 4286 987 4361 Domitii,
1009 4310 1116 4375 nuper
1137 4316 1156 4353 a
1176 4294 1275 4365 nobis
1295 4294 1380 4369 visi,

150 4367 429 4435 ,eminentissimae
449 4392 488 4437 ac
509 4370 733 4445 nobilissimae
753 4366 974 4450 simplicitatis
989 4373 1076 4451 siri,
1099 4398 1176 4439 arus
1197 4378 1297 4445 huius
1319 4380 1379 4453 Cn.

154 4451 318 4526 Domitii,
343 4452 514 4525 clarissimi
537 4452 683 4525 iuvenis,
707 4452 877 4533 occupatis
898 4453 1055 4532 navibus,
1077 4479 1152 4521 eum
1173 4484 1291 4545 magno
1318 4480 1381 4525 se.-

155 4534 326 4615 quentium
348 4534 486 4599 consilia
506 4556 564 4601 sua
584 4534 766 4609 comitatu,
788 4537 1125 4625 fugae'fortunaequs
1142 4564 1177 4609 se
1200 4546 1379 4619 commisit,

153 4616 330 4701 semetipso
352 4618 628 4697 cometissam
653 4619 814 4707 rabam
850 4618 1163 4713 turbaremus,
1193 4630 1255 4713 qut
1281 4627 1381 4701 claui
