2850 4958
386 208 389 215 ’
428 257 553 330 arsr.
580 257 703 333 aon.
728 257 820 333 ms.
845 254 876 333 1.
1229 283 1258 359 9

44 428 141 482 stne
161 419 195 479 in
216 418 311 483 vietis
334 419 468 501 quidem
491 421 688 504 depositum
703 442 809 509 neque
829 430 906 483 ente
925 422 1064 485 invisum
1086 443 1153 486 esse
1174 423 1259 487 desi-

47 505 117 576 nit,
140 523 237 584 quam
258 522 325 563 csse
346 503 453 564 desiit.

86 586 179 647 xur.
214 588 297 646 Ante
330 586 527 660 triennium,
560 610 659 670 quam
692 588 854 671 Carthago
878 585 1063 662 deleretur,
1091 589 1137 650 M.
1163 590 1256 664 Cato,

44 680 224 751 perpetuas
246 668 423 730 diruendae
445 671 514 731 eius
536 681 663 745 auctor,
685 672 723 734 L.
747 670 939 743 Censorino,
961 673 1007 731 M.
1024 672 1145 734 Manlio
1168 674 1260 735 Coss.

42 764 187 815 mortem
210 754 305 814 obiit.
347 751 472 814 Eodem
494 774 600 828 anno,
627 778 692 838 quo
717 755 879 837 Carthago
903 754 1070 829 concidit,
1094 756 1130 820 L.
1152 758 1259 817 Mum-

40 835 128 896 mius
151 837 364 910 Corinthum,
394 845 471 916 post
493 858 593 898 annos
614 840 832 912 DCCCCLII,
855 856 952 919 qnam
973 836 1013 897 ab
1036 838 1141 912 Alete,
1164 841 1257 922 Hip·-

40 921 135 1017 potis
166 918 248 994 filio,
282 927 352 980 erat
382 919 525 992 condita,
557 922 705 984 funditus
733 923 831 984 eruit.
874 922 1024 1002 Uterque
1053 922 1257 1004 imperator,

40 1003 192 1064 devictae
216 1027 233 1063 a
254 1023 288 1063 se
319 1002 422 1087 gentis
451 1004 584 1064 nomine
612 1005 807 1081 honoratus,
837 1001 922 1064 alter
947 1002 1141 1078 Africanus,
1175 1005 1260 1067 alter

40 1084 226 1167 appellatus
257 1093 305 1146 est
344 1085 517 1148 Achaicus.
568 1084 636 1148 Nec
670 1088 841 1173 quisquam
873 1105 912 1146 ex
944 1086 1038 1148 novis
1068 1087 1259 1150 hominibus

39 1171 140 1269 prior
170 1169 327 1230 Mummio
362 1190 543 1253 cognomen
572 1169 695 1234 virtute
727 1181 859 1255 partum
888 1165 1077 1233 vindicavit.
1128 1171 1260 1234 Diversi

39 1252 299 1335 imperatoribus
321 1272 447 1325 mores,
475 1252 601 1315 diversa
619 1255 712 1317 fuere
733 1254 852 1317 studia.
897 1252 1029 1335 Quippe
1055 1250 1166 1337 Scipio
1191 1263 1260 1329 tam

41 1334 172 1418 elegans
202 1334 388 1395 liberalium
418 1335 604 1399 studiorum
639 1336 808 1422 omnisque
839 1335 1009 1398 doctrinae
1037 1345 1069 1397 et
1088 1347 1205 1398 auctor
1226 1346 1261 1399 et

41 1417 227 1480 admirator
247 1417 332 1489 tuit,
362 1425 398 1476 ut
417 1418 596 1501 Polybium
617 1419 884 1504 Panaetiumque,
904 1416 1136 1501 praecellentes
1159 1419 1260 1505 inge-

40 1501 101 1561 nio
125 1502 225 1574 viros,
246 1499 336 1561 domi
361 1498 563 1584 militiaeque
584 1524 693 1565 seeum
714 1502 880 1566 habuerit.
922 1502 1036 1583 Neque
1058 1503 1145 1565 enim
1166 1503 1262 1587 quis-

41 1607 143 1667 quam
167 1585 233 1645 hoc
260 1581 417 1664 Scipione
449 1583 626 1667 elegantius
653 1587 823 1648 intervalla
851 1584 1062 1665 negotiorum
1090 1585 1161 1646 otio
1183 1587 1261 1647 dis-

41 1667 189 1745 punxit,
222 1686 414 1747 semperque
446 1675 502 1726 aut
532 1664 611 1728 belli
643 1677 699 1745 aut
719 1669 808 1752 pacis
830 1667 944 1730 serviit
966 1668 1107 1728 artibus:
1132 1689 1262 1752 semper

43 1750 132 1811 inter
153 1770 242 1809 arma
264 1769 300 1810 ac
322 1746 429 1808 studia
450 1757 616 1824 versatus,
643 1759 699 1812 aut
720 1773 841 1833 corpus
862 1749 1019 1831 periculis
1039 1759 1095 1812 aut
1116 1750 1262 1815 animum

42 1831 227 1915 disciplinis
250 1833 407 1892 exercuit.
452 1831 627 1893 Mummius
648 1841 716 1895 tam
737 1834 828 1896 rudis
849 1834 923 1906 fuit,
947 1840 1000 1901 ut,
1022 1842 1115 1915 capta
1138 1835 1261 1896 Corin-s

41 1917 130 1989 tho,
159 1936 257 1999 quum
287 1914 506 1975 maximorum
530 1915 694 1977 artificum
719 1920 880 1999 perfectas
902 1915 1050 1976 manibus
1072 1916 1197 1978 tabulas
1222 1940 1261 1979 ao

45 2008 168 2060 statuas
199 1998 233 2059 in
265 1994 392 2057 Italiam
421 1996 599 2077 portandas
629 1998 776 2075 locaret,
813 1999 942 2061 iuberet
961 1997 1107 2079 praedici
1130 1999 1262 2061 condu-

46 2082 216 2154 centibus,
242 2080 268 2140 si
291 2102 343 2141 eas
364 2080 594 2158 perdidissent,
616 2103 718 2143 novas
739 2104 795 2144 eos
816 2081 1016 2143 reddituros.
1050 2080 1125 2142 Non
1139 2089 1259 2158 tamen,

45 2169 152 2248 puto,
181 2161 326 2236 dubites,
350 2163 483 2237 Vinici,
508 2165 588 2245 quin
610 2163 711 2248 magis
737 2188 801 2246 pro
824 2162 1002 2246 Republica
1027 2164 1150 2238 fuerit,
1181 2188 1262 2226 ma-

45 2269 126 2308 nere
153 2246 260 2308 adbuc
281 2245 396 2308 rudem
417 2246 668 2307 Corinthiorum
695 2247 918 2321 intellectum,
951 2268 1048 2329 quem
1078 2248 1112 2308 in
1133 2256 1263 2312 tantum

47 2352 84 2390 ea
119 2328 282 2408 intelligi,
319 2339 351 2391 et
383 2329 463 2414 quin
490 2330 552 2389 bac
584 2330 761 2412 prudentia
796 2330 852 2393 illa
889 2328 1109 2413 imprudentia
1147 2329 1262 2409 decori

44 2412 185 2497 publico
225 2411 327 2474 fuerit
362 2413 620 2475 convenientior.

89 2497 182 2557 XIV.
215 2498 323 2575 Quum
344 2496 472 2557 facilius
494 2495 649 2576 cuiusque
671 2496 719 2555 rei
747 2495 782 2557 in
806 2517 908 2556 unum
928 2502 1095 2555 eontracta
1115 2496 1262 2575 species,

43 2602 145 2663 quam
168 2580 270 2641 divisa
292 2579 509 2660 temporibus,
535 2579 638 2641 oculis
660 2579 843 2662 animisque
866 2576 1050 2650 inhaereat,
1074 2578 1173 2639 statui
1194 2576 1264 2659 pri-

44 2685 141 2724 orem
160 2662 258 2724 buius
278 2659 453 2723 voluminis
475 2663 759 2743 posterioremque
779 2667 918 2744 partem,
932 2681 998 2722 non
1020 2659 1129 2722 inutili
1151 2682 1265 2733 rerum

42 2745 169 2809 notitia
190 2745 223 2807 in
246 2753 351 2805 artum
375 2754 564 2817 eontracta,
598 2744 819 2821 distinguere3
845 2752 943 2825 atque
969 2742 1048 2804 baie
1068 2743 1145 2805 loco
1168 2741 1263 2805 inee-

42 2847 145 2900 rere,
168 2850 236 2908 quae
259 2846 391 2908 quoque
412 2834 584 2907 tempore,
609 2835 686 2908 post
705 2827 842 2887 Romam
865 2847 882 2884 a
906 2821 1008 2885 Gallis
1030 2834 1175 2908 captam,
1198 2825 1265 2888 de-

45 2910 148 2973 ducta
178 2909 221 2971 sit
251 2907 381 2969 colonia
411 2906 498 2990 jussu
522 2907 669 2969 Senatus.
702 2909 784 2967 Nam
805 2907 998 2968 militarium
1020 2916 1052 2967 et
1077 2930 1205 2969 caussae
1233 2917 1267 2971 et

46 3000 203 3056 suctores
237 3000 269 3050 et
299 2988 442 3072 ipsarum
472 2988 677 3072 praefulgent
708 2988 852 3049 nomine.
905 2988 992 3049 Huic
1021 2990 1069 3049 rei
1097 3010 1159 3069 per
1180 2990 1269 3051 idem

44 3085 179 3156 tempus
202 3074 350 3139 civitates
375 3078 590 3155 propagatas,
614 3081 811 3151 auctumque
831 3070 1011 3130 Romanum
1032 3092 1152 3130 nomen
1173 3093 1270 3133 eom-

46 3162 207 3223 munione
229 3157 327 3227 iuris,
353 3155 441 3217 haud
466 3155 693 3234 intempestive
715 3152 897 3214 subtexturi
920 3151 1078 3212 videmur.
1110 3152 1191 3214 Post
1213 3175 1270 3216 se-

44 3250 141 3326 ptem
161 3264 274 3315 annos,
297 3262 395 3323 quam
411 3238 496 3299 Galli
519 3239 636 3299 urbem
657 3246 826 3318 oeperunt,
842 3232 990 3295 Sutrium
1011 3233 1148 3297 deducta
1172 3236 1271 3300 colo·

46 3327 106 3387 nia
131 3332 195 3400 est·,
219 3331 347 3406 etpost
369 3345 487 3384 annum
508 3321 614 3395 Setia3
637 3340 819 3403 novemque
840 3316 1020 3380 interiectis
1043 3320 1133 3380 annis
1153 3320 1266 3402 Nepet

49 3404 192 3481 deinde,
226 3406 430 3481 interpositis
462 3403 590 3466 duobus
623 3413 654 3466 et
684 3403 840 3481 triginta,
881 3399 1010 3462 Aricini
1041 3400 1075 3462 in
1101 3403 1270 3468 civitatem

50 3490 191 3573 recepti.
235 3489 365 3550 Abhinc
396 3509 497 3551 annos
534 3498 640 3549 autem
670 3484 859 3559 CCCLXII,
889 3482 946 3567 Sp.
974 3482 1171 3561 Postumio,
1194 3488 1268 3550 Vc-

47 3574 141 3636 turio
165 3572 297 3635 Celsino
322 3570 410 3632 Coss.
436 3570 604 3652 Campanis
626 3570 699 3631 data
718 3578 765 3631 est
785 3567 912 3642 civitas,
927 3566 1081 3648 partique
1102 3569 1269 3631 Samniti-

51 3679 125 3728 um,
146 3656 214 3717 sine
235 3652 409 3731 suffragio:
435 3663 467 3715 et
489 3652 603 3714 eodem
625 3652 815 3728 annoffCales
836 3650 976 3712 deducta
999 3646 1140 3709 colonia.
1158 3652 1271 3715 Inter-

44 3740 143 3802 'iecto
165 3739 281 3801 deinde
308 3736 451 3798 triennio
475 3735 623 3796 Fundani
646 3745 678 3796 et
699 3734 867 3796 Formiani
889 3736 924 3795 in
944 3730 1107 3790 civitatem
1123 3735 1261 3815 recepti,

51 3844 94 3885 eo
124 3821 193 3904 ipso
228 3841 334 3893 anno,
367 3842 431 3902 quo
463 3816 657 3880 Alexandria
685 3813 816 3879 condita
847 3826 905 3876 est.
948 3813 1263 3898 Insequentibusque

51 3907 147 3967 Coss.
168 3928 184 3966 a
207 3904 264 3988 Sp.
289 3901 481 3977 Postumio,
506 3900 647 3962 Philone
667 3899 830 3972 Publilio,
853 3895 1062 3967 Censoribus,
1088 3895 1262 3977 Acerranis

53 3988 130 4052 data
161 3989 295 4062 civitas,
329 3994 362 4046 et
389 3993 464 4066 post
484 3983 661 4045 triennium
679 3979 856 4045 Tarracina
878 3978 1015 4041 deducte
1037 3976 1190 4055 colonia;
1215 3982 1265 4044 in-

51 4071 283 4155 terpositoque
304 4066 519 4152 quadriennio
550 4064 706 4141 Luceria3
739 4083 775 4125 ac
803 4061 938 4136 deinde,
962 4061 1134 4124 interiecto
1156 4063 1264 4126 trien-

51 4155 135 4229 nio,
158 4154 271 4217 Suessa
292 4152 466 4223 Aurunca,
490 4157 522 4210 et
542 4146 695 4224 Saticula,
719 4149 967 4228 Interamnaque
987 4152 1065 4228 post
1081 4144 1265 4233 biennium.

52 4241 179 4303 Decem
207 4236 322 4299 deinde
349 4235 414 4296 boc
440 4252 574 4294 munere
604 4232 679 4293 anni
700 4234 906 4292 vacaverunt.
948 4226 1041 4291 Tunc
1062 4224 1145 4289 Sora
1167 4236 1268 4314 atque

51 4320 139 4384 Alba
162 4318 318 4382 deductae
340 4312 502 4389 coloniae,
525 4324 557 4375 et
579 4314 721 4377 Carseoli
742 4321 818 4396 post
836 4309 1017 4374 biennium.
1053 4309 1269 4395 atquinium

51 4402 187 4478 Fabio,
216 4400 321 4464 Decio
353 4402 447 4462 Mure
474 4407 627 4484 quartum
655 4398 742 4460 Coss.
765 4417 830 4478 quo
852 4415 936 4456 anno
960 4390 1110 4477 Pyrrhus
1130 4417 1270 4481 regnare

56 4486 193 4571 eoepit,
214 4485 396 4548 Sinuessam
417 4483 663 4563 Minturnasque
684 4481 772 4543 missi
797 4474 926 4552 coloni,
949 4488 1026 4562 post
1054 4478 1272 4561 quadrienni-

57 4590 114 4635 um
136 4569 333 4653 Venusiam:
356 4565 596 4649 interiectoque
614 4565 773 4638 biennio,
795 4560 841 4623 M.
865 4560 967 4625 Curio
989 4573 1027 4629 et
1042 4561 1159 4631 Rufino
1184 4565 1273 4637 Cere
