2850 4958
423 116 442 149 β’

60 234 70 253 ’
177 247 253 344 a04
474 243 629 323 saxu
650 245 769 324 aun
789 247 1115 328 eremmon.

177 414 228 478 sni
248 410 459 487 detrimento,
473 407 552 472 dum
566 409 743 486 obsideret,
758 411 863 474 bostis
875 409 1007 476 affectus
1023 423 1084 476 est.
1109 414 1267 480 Narsensi
1281 430 1383 486 autem

175 497 279 570 bello,
294 499 351 560 ubi
365 499 505 559 Narseus
520 493 654 568 occidit,
670 499 856 578 superiores
871 495 1087 559 discessimus.
1115 501 1291 564 Nocturna
1309 527 1382 570 vero

176 583 212 644 in
231 600 309 663 agro
329 579 470 643 Eleiensi
486 598 592 659 prope
609 578 779 662 Singaram
795 598 916 664 pugna,
935 580 993 642 ubi
1009 601 1164 662 praesens
1181 585 1384 651 Constantius

170 664 294 739 adfuit,
309 666 455 726 omnium
471 660 714 742 expeditionum
733 672 958 746 compensatus
972 665 1086 726 fuisset
1096 675 1247 743 eventus,
1259 669 1295 744 si,
1306 671 1385 737 locis

175 769 215 808 ac
233 759 331 810 nocte
349 746 609 818 adversantibus,
630 746 776 827 percitos
796 745 923 808 ferocia
940 747 1072 823 milites,
1092 749 1134 811 ab
1156 751 1383 834 intempestivo

173 832 340 914 pugnandi
354 840 504 911 tempore
520 830 705 910 Imperator
722 831 792 912 ipse
810 828 1007 911 alloquendo
1028 852 1183 895 revocare
1208 839 1379 917 potuisset:

175 916 232 996 qui
255 923 361 976 tamen
379 913 497 975 invicti
509 913 647 985 viribus,
663 912 850 995 improvisis
864 913 1016 975 adversus
1029 914 1118 976 sitim
1134 938 1296 1000 aquarum
1316 922 1384 982 sub·

172 997 278 1070 sidiis,
295 990 502 1060 incumbente
523 996 585 1057 iam
600 1017 746 1078 vespere,
772 1004 877 1058 castra
893 996 1069 1061 Persarum
1087 998 1255 1082 adgressi,
1277 1005 1383 1087 ruptis

172 1082 423 1153 munitionibus,
440 1088 654 1160 occuparunt,
679 1081 858 1164 fugatoque
872 1099 961 1164 rege,
976 1102 1076 1164 quum
1089 1103 1109 1141 a
1123 1085 1258 1164 proelio
1274 1090 1386 1171 respi-

172 1173 293 1237 rantes,
314 1163 492 1246 praetentis
511 1162 693 1235 luminibus
708 1173 859 1246 repertae
882 1163 1047 1226 inhiarent
1061 1185 1179 1247 aquae,
1200 1168 1320 1232 nimbo
1339 1194 1386 1233 sa-

171 1247 329 1347 gittarum
351 1246 464 1309 obruti
485 1253 577 1318 sunt,
601 1268 701 1329 quum
722 1245 862 1320 stolide,
886 1247 927 1308 ud
947 1247 1136 1330 dirigendos
1157 1252 1288 1313 certius
1310 1255 1346 1316 in
1358 1277 1384 1318 ss

152 1338 276 1409 ¹actus,
300 1331 422 1391 lumina
444 1329 507 1412 ipsi
528 1349 589 1411 per
608 1338 739 1392 noctem
760 1349 895 1391 accensa
913 1330 1122 1414 praeberent.

196 1414 371 1475 sxxvtn.
403 1413 545 1485 iuliano,
561 1410 595 1487 in
610 1421 761 1474 externos
775 1413 886 1477 hostes
901 1421 1053 1496 expertae
1066 1413 1239 1478 felicitatis
1258 1419 1381 1500 princi·

68 1510 72 1519 ⁴
170 1495 220 1579 pi,
239 1497 391 1559 adversus
409 1497 523 1559 Persas
537 1495 653 1558 modus
669 1496 785 1558 deluit.
818 1497 851 1557 ls
869 1499 954 1558 enim
974 1497 1096 1580 ingenti
1115 1509 1304 1581 apparatu,
1332 1513 1382 1564 ut-

170 1588 251 1661 pote
264 1581 367 1642 totius
383 1581 473 1642 orbis
488 1589 654 1661 regnator,
674 1580 790 1642 infesta
810 1581 844 1642 in
859 1579 975 1643 Persas
996 1585 1086 1665 signa
1106 1585 1315 1661 commovit,
1338 1587 1381 1647 in-

169 1672 327 1725 structam
349 1665 582 1725 commeatibus
606 1663 738 1725 classem
758 1684 819 1747 per
837 1662 1040 1746 Euphratem
1057 1664 1197 1727 invexit.
1229 1668 1381 1733 Strenuus

169 1744 329 1830 ingressu,
344 1746 444 1808 multa
458 1747 631 1809 Persarum
649 1747 770 1829 oppida
790 1767 828 1807 ac
851 1746 981 1809 castella
1004 1756 1062 1808 uut
1083 1747 1234 1830 suscepit
1257 1752 1379 1827 dedita,

168 1839 335 1892 autmanu
356 1831 455 1913 cepit.
488 1832 597 1911 Quum
617 1841 732 1891 contra
753 1829 997 1913 Ctesiphontem
1027 1831 1061 1892 in
1084 1830 1238 1914 Tigridis
1263 1846 1300 1896 et
1323 1837 1380 1897 Eu-

167 1912 296 1994 phratis
311 1915 382 1993 ripa
398 1915 462 1976 iam
477 1915 569 1976 mixti
586 1923 690 1974 castra
704 1913 853 1987 baberet,
866 1912 1028 1995 ludosque
1042 1924 1260 1996 campestres,
1279 1928 1318 1981 ut
1333 1921 1380 1981 bo·

167 1995 225 2057 stis
239 1996 494 2058 sollicitudinem
510 1998 666 2068 demeret,
680 2018 742 2078 per
757 1996 844 2056 diem
858 1997 1020 2080 agitasset,
1032 1999 1140 2058 noctis
1154 2000 1275 2062 medio
1289 2003 1380 2085 impo-

59 2075 63 2086 '
166 2078 246 2141 sitos
264 2080 399 2141 navibus
419 2079 540 2141 milites
564 2080 597 2140 in
617 2080 809 2141 ulteriorem
828 2078 934 2160 ripam
948 2088 1083 2160 repente
1096 2086 1309 2147 transvexit:
1333 2086 1378 2171 qui

165 2181 228 2242 per
247 2161 348 2224 ardua
369 2162 530 2236 nitentes,
551 2184 614 2244 qna
629 2160 770 2222 difficilis
784 2163 881 2223 etiam
895 2183 958 2244 per
969 2163 1074 2237 diem,
1097 2154 1246 2229 chullo
1262 2170 1377 2251 probi-

164 2243 276 2319 bente,
289 2246 402 2307 fuisset
411 2245 592 2320 adscensus,
603 2246 717 2306 Persas
727 2253 857 2307 terrore
867 2246 977 2307 subito
988 2247 1208 2324 miscuerunt,
1219 2254 1375 2336 versisque

165 2328 349 2410 agminibus
369 2330 472 2390 totius
494 2331 615 2411 gentis,
642 2338 769 2411 apertas
791 2329 1014 2475 Ctesiphontis
1035 2338 1150 2411 portas
1167 2335 1283 2397 victor
1297 2337 1378 2397 miles

165 2410 329 2487 intrasset,
344 2413 378 2481 ni
394 2410 501 2473 maior
514 2412 709 2494 praedarum
729 2412 857 2473 occasio
888 2413 997 2485 uisset,
1010 2432 1204 2493 quamcura
1216 2419 1377 2479 victoriae.

165 2491 303 2555 Tantam
318 2497 454 2582 adeptus
465 2496 615 2580 gloriam,
633 2517 732 2577 quum
747 2495 789 2557 de
802 2495 911 2557 reditu
926 2519 943 2556 a
957 2495 1119 2567 militibus
1133 2497 1373 2574 admoueretur,

164 2576 340 2641 intentioni
356 2601 432 2641 suae
446 2581 547 2660 magis
561 2579 720 2641 credidit:
747 2587 778 2638 et
794 2580 913 2640 exustis
934 2579 1080 2651 navibus,
1103 2599 1213 2660 quum
1234 2606 1251 2644 a
1272 2593 1376 2644 trans-

162 2662 252 2744 fuga,
275 2663 334 2745 qui
346 2684 380 2724 se
401 2662 441 2723 ad
462 2662 636 2727 fallendum
660 2663 843 2734 obiecerat,
870 2661 1020 2724 inductus
1044 2664 1078 2723 in
1098 2661 1232 2726 Imaum
1254 2667 1374 2728 devium

165 2743 456 2825 [Eumaudeviam],
471 2747 543 2809 viae
557 2745 747 2826 compendia
762 2753 952 2818 sectaretur,
969 2745 1120 2807 dextrum
1132 2746 1168 2807 in
1181 2749 1319 2812 adversa
1330 2751 1376 2810 Ti·

163 2827 267 2911 gridis
281 2830 366 2910 ripa,
381 2829 503 2890 nudato
519 2829 660 2890 militum
672 2827 786 2901 latere,
803 2829 866 2889 iter
880 2828 1036 2912 relegens,
1054 2828 1132 2890 dum
1143 2830 1313 2895 incautius
1323 2853 1374 2916 per

162 2932 278 2993 agmen
294 2922 381 2972 errat
400 2912 505 2973 excito
525 2914 678 2995 pulvere,
703 2921 865 2992 ereptus-c
878 2934 1013 2975 suornm
1034 2924 1236 2995 conspectu,
1260 2919 1303 2979 ab
1318 2919 1374 2979 ho·

162 2996 262 3056 stium
279 2995 377 3057 obvio
395 2995 516 3081 equite,
530 3006 628 3057 conto
643 3014 706 3072 per
719 2995 774 3056 ilia
790 2996 885 3068 ictus,
898 2996 1066 3079 inguinum
1081 3003 1178 3057 tenus
1216 2999 1371 3063 ulneratus

164 3087 224 3143 est.
246 3079 337 3141 Inter
357 3079 545 3139 effusionem
562 3080 654 3140 nimii
671 3077 845 3159 anagninis,
861 3101 962 3161 quum
982 3096 1117 3140 suorum
1138 3080 1204 3147 ord
1219 3104 1291 3159 nes,
1307 3085 1373 3146 licet

162 3161 312 3234 saucius,
344 3163 572 3235 instaurasset,
605 3171 809 3224 eunemntem
840 3164 1001 3236 animam,
1031 3160 1143 3225 multis
1176 3185 1258 3229 suos
1293 3168 1372 3230 allo·

162 3254 279 3318 tutus,
302 3245 429 3308 efflavit.
606 3247 614 3260 '

203 3329 324 3391 XXIX.
348 3330 500 3391 Iovianus
514 3328 651 3412 proeliis
670 3328 886 3410 superiorem,
898 3325 954 3390 sed
964 3328 1135 3411 confusqn
1146 3330 1261 3393 subita
1272 3334 1379 3395 morte'

163 3412 271 3474 amissi
287 3415 512 3494 lmperatoris,
527 3413 670 3492 suscepit
694 3414 883 3479 exercitum.
906 3413 1016 3489 Quum
1030 3424 1235 3477 commeatus
1257 3417 1370 3479 defice-

161 3505 249 3569 rent,
265 3505 297 3557 st
311 3497 362 3556 via
378 3498 410 3558 in
426 3497 535 3558 reditu
548 3495 716 3578 prolixior
729 3495 924 3565 immineret,
941 3504 973 3556 et
986 3495 1105 3558 Persae
1120 3499 1253 3560 crebris
1269 3520 1370 3562 excur-

161 3579 251 3641 sibus
266 3601 352 3641 nuuc
370 3603 388 3640 a
402 3582 523 3652 fronte,
538 3600 624 3641 nune
639 3601 657 3638 a
672 3588 777 3658 tergo,
793 3576 977 3639 mediorum
993 3601 1125 3663 quoque
1138 3579 1249 3643 latera
1267 3584 1368 3644 incur·

163 3673 289 3737 santes,
316 3664 379 3724 iter
401 3664 536 3746 agminis
558 3669 777 3734 morarentur,
794 3663 972 3724 consumtis
991 3665 1118 3746 aliquot
1132 3663 1266 3739 diebus,
1288 3674 1367 3726 tanta

161 3747 346 3810 reverentia
362 3747 502 3807 Romani
513 3746 655 3807 nominis
673 3744 748 3818 fuit,
770 3754 806 3805 ut
825 3768 841 3805 a
856 3745 964 3808 Persis
978 3748 1103 3826 primus
1119 3747 1160 3808 de
1174 3770 1260 3831 pace
1271 3768 1368 3810 sermo

162 3827 353 3903 baberetur,
375 3851 411 3890 ac
431 3830 544 3891 reduci
565 3831 732 3890 confectus
749 3826 856 3889 inedia
881 3830 1041 3893 exercitus
1056 3831 1234 3906 lineretur,
1253 3833 1365 3894 condi-

161 3911 309 3977 tionibus
325 3911 428 3997 (quod
441 3934 616 3995 numquam
632 3921 724 3974 antea
744 3912 878 3993 accidit)
898 3913 1113 3995 dispendiosis
1123 3914 1292 3977 Romanae
1309 3912 1369 3974 rei·

161 3997 314 4077 publicae
330 3997 501 4080 impositis,
513 4006 550 4058 ut
559 3997 681 4059 Nisibis
696 4005 729 4058 et
737 4016 813 4077 pars
824 3998 1078 4078 Mesopotamiae
1089 3997 1290 4070 traderetur,
1301 3998 1370 4079 qui·

162 4079 236 4155 bars,
247 4081 402 4163 cupidior
413 4081 519 4162 regni,
534 4103 629 4162 quom
647 4080 782 4161 gloriae,
795 4080 959 4153 Iovianus,
971 4082 1109 4163 imperio
1126 4082 1234 4155 rudis,
1248 4082 1370 4163 acquie-

162 4165 222 4227 rit.
245 4167 351 4243 Quam
369 4172 486 4246 magun
509 4165 659 4244 deinceps
680 4185 738 4225 ore
755 4170 821 4237 tua,
846 4186 865 4224 o
880 4164 1037 4246 Princeps
1052 4165 1191 4237 invicte,
1212 4168 1298 4227 lacta
1322 4167 1370 4226 in-

164 4249 251 4309 cluta
268 4258 343 4312 sunt
364 4246 590 4329 personando?
612 4248 731 4330 quibus
744 4267 806 4318 me,
827 4247 906 4307 lieet
920 4247 1076 4330 imparem
1092 4248 1224 4309 dicendi
1242 4251 1325 4322 nisu,
1341 4256 1371 4308 et

164 4351 244 4394 aevo
265 4332 408 4418 gravior,
431 4332 654 4413 praeparabo:
678 4337 805 4390 maneat
825 4329 924 4390 modo
941 4352 1098 4400 ,concessa
1117 4330 1180 4391 Dei
1207 4341 1304 4404 nutu,
1320 4332 1369 4392 cui

165 4416 283 4489 credis,
307 4426 339 4477 et
358 4415 398 4475 ab
414 4415 531 4484 amico,
542 4415 595 4476 cui
612 4415 755 4477 creditus
769 4432 811 4479 es,
824 4412 956 4474 numine
972 4414 1096 4477 indulta
1109 4412 1264 4485 felicitas,
1282 4425 1320 4476 ut
1334 4413 1370 4474 ad

164 4497 247 4566 hanc
262 4501 422 4583 ingentem
439 4497 478 4557 de
490 4497 619 4570 Gothis,
634 4498 730 4558 etiam
746 4496 963 4576 babylonicae
977 4498 1039 4558 tibi
1053 4495 1160 4583 palma
1176 4499 1270 4582 pacis
1285 4521 1370 4561 acce·

136 4633 141 4639 .
164 4581 235 4656 dat,
260 4582 492 4668 gloriosissime
509 4581 718 4663 Principes,
741 4579 861 4642 Valens
881 4579 1035 4664 Auguste.
