2850 4958
177 304 247 383 ¹¹4
564 278 610 363 L.
641 277 827 357 sttttffl
853 275 1003 355 FbOltI

166 447 326 522 tumulos,
356 463 417 528 per
446 442 582 504 inacus
611 440 681 504 vias
707 448 741 505 ct
769 442 878 514 nives,
901 440 1052 524 expedita
1084 456 1183 501 manu
1207 456 1372 513 emensus,

168 538 309 613 occupat
329 524 485 599 Galliam,
512 532 546 586 et
565 542 604 586 ex
624 522 818 587 distantibus
838 524 986 587 hibernis
1008 530 1113 585 castra
1134 523 1373 597 contraxitjct

128 616 244 679 stanna
273 610 308 673 in
334 608 441 671 media
468 606 576 669 Gallia
603 604 690 683 fuit,
722 629 820 693 quam
849 608 890 669 ab
923 606 1039 669 ultima
1065 606 1259 667 timeretur.
1303 604 1374 665 Tun

170 696 240 779 ipsa
268 693 374 777 capita
405 688 483 753 belli
510 688 699 774 adgressus,
728 692 845 765 urbes,
873 690 1048 751 Avaricum
1069 709 1150 771 cumn
1166 687 1375 772 quadraginin

170 777 314 849 millibus
334 770 613 857 propugnantium
631 772 780 849 sustulit3
807 770 947 836 Alesiam
971 771 1188 834 ducentorum
1212 770 1375 855 quinqua·

130 862 260 941 a4ginta
287 856 427 921 millium
458 856 625 919 iuventute
653 857 823 921 subnixam
854 853 1235 937 flammis0adaequavit.
1295 855 1376 917 cira

170 940 368 1027 Gergoviam
398 939 621 1001 Arvernorum
650 947 721 1002 tota
751 940 831 1003 belli
862 937 964 1000 moles
994 934 1078 999 fuit:
1116 938 1247 1022 quippe
1283 956 1375 1021 quun

130 1022 340 1109 abactoginta
361 1022 464 1085 millia
485 1043 579 1084 muro
603 1031 635 1085 et
655 1044 730 1086 arce
745 1033 778 1085 et
791 1020 940 1103 abruptis
956 1020 1187 1095 defenderent,
1211 1024 1376 1097 maximam
1417 1070 1419 1077 .

171 1108 336 1173 civitatem
366 1105 471 1179 vallo,
498 1102 653 1179 sudibus,
682 1115 714 1168 et
743 1108 851 1179 fossa,
875 1105 1077 1187 inductoque
1096 1104 1203 1166 fossae
1227 1103 1376 1175 flumine,

172 1191 214 1255 ad
234 1190 300 1251 hoc
321 1188 431 1251 decem
454 1192 487 1248 et
507 1196 584 1249 octo
606 1186 766 1265 castellis,
788 1188 977 1272 ingentique
998 1186 1104 1249 lorica
1123 1185 1376 1259 circumdatam,
1417 1220 1419 1237 ι

134 1338 139 1357 ‚
171 1272 316 1357 primum
336 1273 421 1332 fame
442 1266 587 1345 domuit3
610 1292 687 1333 mox
708 1273 879 1335 audentem
901 1270 1110 1353 eruptiones,
1132 1270 1167 1331 in
1188 1269 1297 1345 vallo,
1318 1266 1378 1351 gla-
1417 1291 1419 1326 :

134 1354 257 1429 aniis,
279 1352 476 1434 sudibusque
497 1350 659 1415 concidit:
682 1355 857 1417 novissime
878 1355 912 1415 in
926 1351 1127 1415 deditionem
1141 1352 1287 1436 redegit.
1312 1354 1376 1435 lpse

175 1438 231 1501 ille
251 1456 325 1511 rex,
346 1438 520 1501 maximnm
541 1436 701 1498 victoriae
721 1434 839 1511 decus,
860 1436 998 1520 supplex
1018 1458 1119 1517 quum
1141 1436 1175 1497 in
1196 1444 1310 1497 castra
1330 1454 1377 1497 ss·

174 1522 286 1595 nisset,
307 1540 427 1602 equam
447 1526 480 1579 et
499 1518 649 1601 phaleras
664 1527 696 1580 et
715 1540 772 1583 sua
793 1542 882 1583 uma
904 1529 978 1581 ante
1000 1518 1144 1581 Caesaris
1164 1538 1274 1602 genua
1295 1538 1376 1603 pru·

135 1646 140 1653 -
174 1602 269 1667 iecit:
291 1602 403 1677 Habe,
425 1602 543 1687 inquit.
584 1606 715 1665 Fortem
734 1608 861 1677 virum,
881 1600 1125 1683 cirfortr'ssr'mc
1136 1646 1147 1677 ,
1167 1604 1294 1667 vicisti.

614 1728 981 1819 cnrnrxn·

542 1856 709 1903 ssnnnn
744 1851 1014 1901 rnarnncunt·

135 1974 152 2019 1
215 1953 304 2015 Dum
334 1948 446 2013 Gallos
476 1971 537 2032 per
569 1954 736 2017 Caesarem
760 1952 795 2013 in
821 1950 1063 2035 septemtrione
1090 1948 1257 2025 debellat,
1288 1948 1378 2036 [ipsa]

175 2034 308 2097 interim
329 2034 370 2095 ad
397 2032 568 2095 Orientem
596 2054 693 2116 grave
719 2033 833 2095 vulnus
854 2057 872 2093 a
892 2033 1024 2095 Parthis
1049 2034 1193 2117 populus
1222 2034 1378 2098 Romanas

135 2117 314 2199 succepit.
356 2117 425 2178 Nec
445 2114 486 2177 de
507 2117 652 2178 Fortuna
674 2117 768 2198 queri
788 2136 975 2200 possumus:
1005 2126 1095 2179 caret
1120 2116 1242 2178 solatio
1265 2118 1376 2181 clades.

175 2199 331 2262 Adversis
353 2206 386 2259 et
405 2198 478 2259 Diis
500 2206 532 2259 ct
552 2198 762 2273 hominihus,
794 2200 956 2282 cupiditas
978 2199 1126 2261 Consulis
1148 2200 1276 2275 Crassi,
1311 2202 1377 2264 dun

136 2302 149 2349 .'
175 2282 334 2345 Parthico
358 2280 462 2341 inhiat
483 2301 577 2355 auro,
599 2282 749 2343 undecim
769 2292 876 2365 strage
895 2283 1074 2364 legionum,
1097 2293 1130 2345 et
1151 2283 1256 2365 ip'sius
1277 2284 1376 2367 capita

135 2364 157 2427 5
176 2364 312 2428 multata
334 2372 391 2425 est.
436 2362 601 2425 Tribunus
621 2364 726 2446 plebis
746 2365 883 2427 Atheius
905 2365 1089 2444 [Metellus]
1117 2376 1289 2433 exeuntem
1311 2368 1376 2431 'da-

176 2469 247 2525 cem
268 2445 442 2508 hostilibus
462 2446 553 2507 Diris
573 2446 766 2510 devoverat:
792 2459 824 2509 et
845 2472 944 2532 quum
958 2450 1098 2530 Zeugma
1112 2449 1280 2511 transisset
1297 2472 1377 2513 exer·

136 2531 279 2609 deitas,
307 2537 400 2609 rapta
421 2527 537 2589 subitis
556 2528 646 2612 signa
667 2531 852 2593 turbinibus
873 2531 982 2593 hausit
1000 2530 1203 2612 Euphrates:
1229 2541 1264 2595 et
1282 2554 1376 2617 quun

178 2611 266 2694 apud
285 2608 524 2691 Nicephorium
545 2621 648 2674 castra
667 2614 851 2697 posuisset,
874 2614 964 2677 missi
987 2615 1027 2675 ab
1052 2613 1167 2676 Orode
1186 2636 1268 2700 rege
1287 2616 1375 2703 legati
1414 2624 1419 2657 ¹

177 2693 431 2766 denunciavere,
460 2698 691 2757 Percussurum
718 2718 791 2757 cum
828 2701 985 2778 Pompelo
1008 2697 1189 2776 foederum
1238 2702 1376 2785 Sullaque
1413 2704 1419 2742 ¹

135 2773 155 2837 5
175 2778 377 2843 meminisset.
420 2774 528 2858 Regiis
550 2776 677 2841 inhians
705 2779 760 2842 ills
782 2780 964 2854 thesauris,
993 2780 1094 2855 nihil,
1126 2801 1168 2842 ne
1189 2781 1374 2866 imaginario

136 2857 157 2919 6
179 2857 312 2941 quidem
332 2858 421 2933 iure,
444 2858 500 2920 scd
520 2861 680 2937 Seleuciae
701 2884 735 2930 sc
753 2885 976 2944 responsurum
996 2885 1080 2937 csse,
1103 2865 1286 2943 respondit.
1323 2868 1374 2927 lta·
1413 2875 1419 2947 J

178 2962 241 3024 que
262 2940 336 3015 Dii,
356 2940 527 3005 foederum
546 2942 688 3018 ultores,
709 2966 771 3008 nec
792 2946 917 3008 insidiis
938 2966 998 3007 nec
1018 2946 1133 3007 virtuti
1155 2947 1305 3011 hostium
1323 2949 1373 3011 dt·
1403 2954 1419 2993 ¹¹¹

134 3027 320 3108 pluerunt.
361 3024 431 3085 Iam
461 3026 622 3110 primum,
655 3030 712 3111 qui
734 3028 826 3093 solut
854 3037 886 3090 et
906 3029 1086 3091 subvehere
1107 3036 1371 3107 commeatus,ct
1402 3012 1419 3077 ln

171 3106 304 3173 ¹munire
337 3116 469 3187 poterat
495 3131 513 3170 a
544 3118 660 3194 tergo,
702 3111 836 3173 relictus
872 3111 1078 3191 Euphrates:
1122 3120 1192 3174 tum
1227 3115 1369 3177 simulato
1402 3120 1419 3161 ¹¹¹

175 3191 361 3271 transfugae
397 3190 525 3252 cuidam
560 3194 708 3255 Mazarae
742 3194 826 3275 Syro
864 3195 1027 3265 creditur,
1059 3193 1137 3255 dum
1173 3196 1207 3257 in
1242 3198 1370 3262 medinm
1402 3201 1414 3243 ‘1

134 3304 137 3311 ·
174 3292 367 3353 camporum
389 3275 571 3335 vastitatem
597 3275 710 3346 eodem
731 3274 813 3340 duce
833 3275 948 3337 ductus
970 3278 1149 3351 exercitus,
1178 3287 1217 3339 ut
1239 3282 1317 3345 undi
1338 3298 1371 3341 ne
1403 3284 1416 3327 *t

134 3346 267 3414 8hosti
290 3364 519 3431 exponeretur.
559 3356 675 3435 Itaque
695 3356 827 3418 vixdum
849 3367 981 3421 venerat
1002 3360 1134 3433 Carras,
1158 3378 1263 3443 quum
1284 3302 1372 3428 ualli·
1403 3351 1419 3427 ll

176 3455 240 3516 qua
262 3430 430 3528 ‘Praefecti
462 3436 566 3519 regis,
593 3436 714 3499 Silaces
742 3446 775 3500 et
804 3439 962 3515 Surenas,
996 3443 1166 3505 ostendere
1187 3447 1281 3530 signs
1301 3464 1371 3509 auru
1404 3438 1419 3496 t,

174 3514 352 3595 sericisque
372 3514 497 3577 vexillis
518 3518 709 3583 vibrantia..
735 3519 828 3584 Tunc
853 3523 922 3586 sine
943 3545 1035 3586 mora
1063 3526 1254 3590 circumfusi
1283 3528 1374 3593 undi-
1405 3509 1419 3578 lt

175 3615 239 3678 que
261 3595 442 3679 equitatus,
465 3599 499 3659 in
518 3599 649 3661 modum
670 3602 835 3684 grandinis
856 3616 953 3691 atque
982 3608 1170 3671 nimborum
1200 3608 1299 3674 densa
1319 3634 1374 3695 ps·
1407 3595 1419 3655 l

133 3700 154 3761 9
174 3679 258 3777 riter
276 3676 340 3739 tela
363 3678 528 3777 fuderunt.
571 3682 626 3745 Sic
646 3687 823 3752 miserabili
846 3700 952 3775 strage
967 3688 1090 3751 deletus
1108 3695 1282 3759 exercitus.
1305 3697 1373 3777 lpse
1409 3698 1419 3737 l

173 3783 209 3823 sn
223 3758 433 3858 ⁴colloquium
459 3763 671 3843 sollicitatus,
698 3773 790 3853 signo
812 3773 909 3849 dato,
935 3775 1026 3835 vivus
1049 3774 1083 3835 in
1102 3775 1251 3840 hostium
1271 3794 1375 3841 manns
1411 3772 1419 3824 l

172 3842 361 3925 incidisset,
394 3844 470 3921 nisiv
497 3847 653 3913 Tribunis
687 3855 944 3930 reluctantibus,
981 3858 1091 3938 fugam
1121 3856 1212 3921 ducis
1249 3859 1375 3924 barbari
1413 3846 1416 3859 ’

174 3924 267 4021 ferro
300 3939 521 4010 occupassent.
565 3932 624 3995 ⁴Sic
657 3958 789 4020 quoquc
817 3938 955 4001 relatum
982 3948 1081 4019 caput
1110 3940 1259 4007 ludibrio
1288 3942 1375 4007 hosti
1414 3928 1419 3989 l

46 4040 50 4050 ι
135 4007 250 4067 aufuit.
290 4006 412 4071 Filium
433 4010 535 4087 ducis,
556 4038 658 4099 paene
677 4021 712 4081 in
733 4031 908 4101 conspectu
928 4021 1044 4105 patris,
1067 4023 1185 4086 eisdem
1201 4027 1279 4091 telis
1293 4048 1375 4111 ope·
1417 4012 1419 4071 3

174 4099 323 4152 ruerunt.
359 4090 526 4177 Reliquiae
548 4099 687 4165 infelicis
708 4105 881 4179 exercitus,
927 4126 969 4167 uo
986 4125 1146 4189 quemque
1162 4112 1279 4193 rapuit
1290 4114 1373 4197 fuga,

175 4172 210 4235 in
239 4171 447 4250 Armeniam,
484 4180 649 4255 Ciliciam,
684 4184 878 4269 Syriamque
904 4128 1097 4262 distractae,
1134 4191 1187 4253 vix
1222 4196 1375 4257 nuncium

135 4252 276 4316 arcladis
303 4255 497 4324 retulerunt.
541 4266 662 4345 [Caput
687 4268 757 4329 eius
785 4271 924 4334 recisum
953 4291 1026 4332 cum
1048 4270 1180 4335 dextera
1200 4299 1318 4353 manu,
1338 4272 1375 4339 ad

172 4356 283 4435 regem
303 4350 528 4437 repprtatnm,
558 4340 705 4411 ludibrio
726 4348 806 4425 fuit,
827 4374 933 4438 neque
953 4351 1099 4435 indigno.
1142 4356 1271 4423 durum
1294 4361 1377 4424 enim

84 4492 87 4500 Ι
170 4417 331 4502 liquidum
361 4444 394 4483 ιιι
423 4428 545 4489 rictum
566 4430 635 4491 cris
663 4433 804 4494 infusum
825 4445 890 4511 est,
919 4445 973 4510 ut,
995 4438 1087 4499 cuius
1107 4440 1233 4505 animus
1255 4448 1376 4510 arserat

172 4501 471 4664 qqppetcquilditate,
504 4509 572 4575 eius
596 4514 693 4578 etism
719 4525 885 4589 mortuam
912 4529 947 4584 et
974 4538 1132 4606 exsangue
1150 4546 1276 4612 corpus
1296 4545 1376 4594 aare
