2850 4958
253 227 967 376 ‚sannuncusrncsasq
989 268 1072 349 ⁵0.
1230 294 1298 363 ω

537 382 546 415 Ι

83 432 274 502 Hannibali
301 439 473 523 potuisset.
515 435 580 500 sad
611 434 763 501 Claudius
792 438 906 514 llere,
937 440 994 523 qui
1022 440 1056 501 ln
1084 434 1206 521 Apulia
1229 457 1346 500 cums

87 521 284 585 Hannibale
304 531 407 584 castra
427 521 660 598 coniunxerat,
683 521 799 586 relicte
815 522 853 584 in
874 523 988 585 castris
1007 529 1119 609 parte,
1141 542 1218 584 cum
1239 519 1306 581 dc-

82 605 193 669 lectis
225 605 266 667 ad
295 604 531 667 Hasdrubalem
559 605 772 689 properavit,
807 614 840 670 et
868 626 902 669 se
932 604 1197 688 Livio-collegae
1221 602 1309 684 apud

79 689 217 753 Senam
232 688 399 772 oppidum
423 696 456 749 et
477 689 660 762 Metaurum
680 687 800 751 flumen
823 689 1015 751 coniunxit:
1039 687 1201 771 amboque
1222 687 1309 748 Has-

82 771 269 835 drubalem
292 773 450 834 vicerunt.
492 770 602 846 Nero,
625 774 789 857 regressus
809 773 881 853 pari
904 771 1091 844 celeritate,
1118 793 1181 854 qua
1200 767 1349 831 vene-3

79 865 176 930 rat,
205 864 301 936 caput
323 853 535 916 Hasdrubalis
567 865 640 917 ante
671 854 790 918 s‘allum
815 854 1005 916 Hannibalis
1033 853 1187 937 proiecit.
1229 850 1350 931 Quod

75 936 153 1001 ille
175 939 258 1010 viso,
280 937 367 999 vinci
388 956 422 1005 se
444 936 590 999 Fortuna
613 937 816 1021 Carthaginis
839 941 1014 1001 coufessus.
1059 936 1114 999 Oh
1136 936 1218 1001 haec
1237 937 1304 998 Li-

77 1020 177 1087 vius*
189 1021 417 1106 triumphant,
438 1018 528 1085 Nero
552 1042 669 1101 orans,
691 1021 818 1086 Urbem
838 1022 1050 1086 introierunt.

516 1199 743 1266 CAPUT
783 1201 900 1269 XLIX.

433 1334 466 1402 a.
486 1334 654 1380 commus
676 1336 781 1380 scsrro
801 1336 986 1381 ssarcsuns.
1051 1388 1054 1395 ,

132 1464 275 1529 Publius
294 1464 407 1551 Scipio
430 1486 470 1530 ex
490 1465 668 1530 virtutihus
688 1467 874 1532 nominatus
892 1467 1086 1544 Africanas,
1108 1464 1196 1531 Iovis
1217 1462 1303 1528 lilius

69 1549 259 1611 creditus:
291 1571 365 1611 nam
395 1559 567 1634 antequam
593 1549 842 1633 conciperetur,
874 1570 1006 1633 serpens
1030 1553 1064 1613 in
1083 1550 1178 1615 lecto
1192 1550 1307 1611 matris

69 1633 168 1693 eius
190 1633 362 1714 apparuit3
385 1642 419 1696 et
442 1634 504 1716 ipsi
527 1632 665 1716 parvulo
687 1633 788 1699 draco
810 1635 1044 1710 circumfusus,
1071 1632 1157 1696 nihil
1177 1633 1306 1695 nocuit.

69 1713 132 1776 [n
156 1715 356 1799 Capitolium
370 1715 572 1798 'intempesta'
589 1724 688 1779 nocte
708 1724 839 1781 cuntem
858 1738 1035 1803 numquam
1055 1736 1149 1780 canes
1168 1714 1305 1779 latrare-
1326 1735 1346 1778 s

69 1808 184 1861 runt.
228 1799 298 1861 Nec
318 1798 374 1861 hio
396 1798 574 1885 quidquam
590 1798 688 1882 prius
709 1800 832 1883 eoepit,
854 1822 952 1884 quam
972 1799 1006 1861 in
1026 1798 1109 1863 'cella
1122 1797 1212 1860 lovis
1227 1795 1305 1861 diu·
1325 1796 1347 1860 3

69 1882 220 1944 tissime
249 1881 404 1958 sedisset,
436 1881 528 1969 quasi
560 1880 704 1944 divinam
734 1893 875 1947 mentam
899 1882 1086 1964 accepisset.
1129 1883 1252 1946 Decem
1273 1882 1349 1959 Μ

69 1975 169 2031 octo
187 1986 368 2038 annorum,
400 1976 529 2048 patrem
548 1965 636 2048 apud
658 1965 811 2028 Ticinum
830 1965 987 2050 singulari
1009 1966 1131 2029 virtute
1150 1967 1303 2028 servavit.

72 2048 194 2111 (liade
217 2048 373 2110 Cannensi
392 2047 615 2111 nobilissimos
636 2052 783 2124 iuvenes,
806 2051 935 2120 Italiam
956 2047 1106 2112 deserere
1126 2049 1306 2130 cupientes,
1327 2041 1348 2106 5

72 2148 153 2193 nna
174 2133 370 2193 auctoritate
389 2131 604 2213 compescuit.
648 2130 812 2217 Reliquias
833 2131 1012 2197 incolumes
1032 2154 1094 2215 per
1112 2132 1219 2198 media
1239 2131 1305 2194 ho-
1327 2125 1348 2190 6

77 2216 195 2277 atium
225 2223 329 2277 castra
363 2213 535 2278 Canusium
564 2214 752 2296 perduxit..
785 2215 913 2301 Viginti
944 2224 1086 2298 quatuor
1121 2236 1349 2300 annorum,7

73 2290 236 2361 Iraator
257 2296 290 2358 in
313 2297 502 2378 Hispaniam
522 2297 647 2372 missus,
670 2298 788 2360 cartha
814 2301 911 2371 inem,
935 2320 997 2381 qua
1019 2298 1072 2360 die
1086 2300 1187 2372 venit,
1202 2299 1303 2381 cepit.
1363 2367 1364 2370 Ἴ

78 2375 270 2466 Ἲὶνςίιιεηι
289 2380 546 2462 pulcherrimam
557 2425 567 2455 ,
588 2380 630 2443 ad
650 2381 742 2443 cuius
763 2319 951 2463 adspectum
971 2381 1242 2452 concurrebatur,
1265 2378 1306 2440 ad
1327 2375 1347 2439 8

80 2486 132 2545 nge
151 2465 256 2527 vetuit
275 2463 414 2538 adduci,
440 2464 596 2548 patrique
623 2462 692 2526 eius
713 2485 750 2527 ao
770 2485 889 2546 sponso
913 2464 1068 2526 restituit.
1112 2461 1306 2524 Hasdruha-
1327 2482 1347 2544 9

79 2540 162 2614 lem
183 2549 439 2630 Magonemque,
466 2548 584 2609 fratres
606 2546 819 2620 Hannibalis,
851 2546 1008 2626 Hispania
1030 2544 1167 2627 expulit.
1211 2542 1348 2605 Ami-ro

81 2632 210 2695 vitiam
231 2638 307 2690 c'um
330 2627 502 2711 Syphace,
533 2626 726 2692 Maurorum
750 2650 849 2712 rege,
880 2627 1063 2712 coniunxit.
1104 2626 1347 2688 Masinissam'tt

87 2711 345 2778 insacietatem
375 2711 514 2793 recepit.
556 2709 676 2774 Victor
706 2711 841 2775 domum
870 2731 1053 2792 regressus,
1086 2710 1206 2774 Consul
1232 2719 1349 2772 antara

85 2815 201 2858 annos
230 2795 333 2855 factus
347 2839 366 2871 s.
387 2793 588 2855 concedente
617 2794 764 2879 collega,
787 2795 823 2855 in
843 2793 990 2856 Africam
1010 2791 1142 2856 classem
1161 2794 1303 2857 traiecit.

88 2875 314 2942 Hasdrubalis
334 2885 368 2939 et
385 2874 545 2957 Syphacis
566 2884 671 2938 castra
692 2899 753 2939 una
783 2885 881 2939 nocte
901 2875 1064 2959 perrupit.
1106 2874 1348 2940 Revocatumr3

97 2984 139 3026 ex
160 2952 256 3022 ltalia
277 2957 491 3021 Hannibalem
515 2959 691 3039 superavit.
736 2959 843 3022 Victis
870 2958 1189 3041 Carthaginiensibus
1217 2958 1348 3101 legen}
1387 3022 1389 3026 Α

98 3042 269 3127 imposuit.
301 3041 392 3105 Bello
415 3040 571 3105 Antiochi
587 3042 723 3126 Legatos
743 3042 838 3105 fratri
860 3042 942 3103 fuit:
967 3049 1097 3123 captum
1112 3040 1215 3103 filium
1229 3061 1323 3124 gra-1

94 3129 141 3191 tis
160 3124 315 3207 recepit.
343 3125 371 3186 A
397 3123 531 3187 Petillia
562 3125 683 3208 Ateio,
715 3126 865 3189 Tribuno
893 3124 1019 3207 plebis,
1051 3123 1350 3208 repetundarum16

96 3217 285 3281 accusatus,
316 3208 442 3271 librum
471 3209 638 3272 rationum
668 3210 703 3272 in
731 3219 908 3291 conspectu
935 3207 1049 3290 populi
1080 3209 1199 3272 scidit:
1233 3213 1308 3270 Hac

96 3294 169 3367 die,
191 3292 318 3374 inquit,
342 3288 571 3373 Carthaginem
593 3294 672 3355 saci:
695 3314 796 3378 quare
814 3295 932 3355 bonum
949 3290 1092 3366 factum,
1118 3297 1154 3353 s'n
1178 3294 1310 3368 Capsi‘o·

94 3378 179 3440 lium
202 3397 312 3436 eamus
334 3386 367 3436 et
395 3376 469 3434 Diis
488 3376 726 3458 supplicemus.
754 3375 835 3444 inde
857 3376 890 3437 in
911 3374 1133 3437 voluntarium
1156 3374 1348 3459 exsilium17

69 3494 72 3501 ·
94 3457 277 3532 concessit,
298 3458 357 3520 uhi
377 3456 538 3539 reliquam
559 3459 795 3543 egit'aetatem.
839 3458 985 3523 Moriens
1006 3457 1047 3522 ub
1068 3479 1175 3535 uxore
1194 3459 1348 3547 petiit,18

96 3561 144 3607 ne
164 3560 283 3626 eorpus
304 3562 398 3605 suum
418 3540 555 3605 Romam
579 3543 773 3608 referretur.

554 3729 780 3798 CAPUT
820 3730 858 3797 1..

522 3869 562 3911 Ι.
585 3866 693 3912 uvius
715 3867 896 3911 samaras.

134 4002 249 4068 Livius
269 3999 437 4064 Salinator
455 3999 565 4083 primo
588 4000 710 4063 Consul
724 3996 765 4062 de
778 3998 902 4083 Illyriis
916 3997 1152 4083 triumpharit3
1175 3994 1305 4074 deinde,
1329 3999 1336 4047 ’-

90 4104 138 4149 'ex
159 4085 281 4149 invidia
302 4084 472 4169 peculatus
493 4102 588 4157 reus,
610 4083 651 4145 ah
674 4083 826 4146 omnihus
847 4082 1015 4157 tribubus,
1039 4091 1171 4166 excepta
1193 4083 1306 4154 Matio,

95 4168 342 4233 condemnatus.
390 4171 513 4230 lterum
536 4188 610 4229 cum
630 4164 766 4228 Claudio
787 4168 920 4229 Nerone
940 4166 1072 4229 inimico
1093 4188 1151 4227 suo
1176 4162 1306 4235 Consul,
1329 4182 1348 4223 a

96 4274 139 4313 ne
161 4251 355 4333 Respublica
377 4247 541 4313 discordia
562 4248 647 4311 male
667 4246 961 4322 administraretur,
978 4250 1155 4327 amicitiam
1174 4265 1249 4306 cum
1268 4259 1307 4307 eo

80 4335 226 4407 ¹iunxit,
250 4335 341 4397 etde
363 4331 567 4397 Hasdrubale
587 4331 814 4411 triumpharit.
860 4331 982 4393 Censor
1003 4351 1077 4391 cum
1097 4328 1213 4392 eodem
1234 4327 1349 4390 col-5

96 4416 167 4503 leg'a
192 4438 302 4493 omnes
322 4420 450 4491 tribus,
474 4424 608 4498 excepta
629 4414 749 4486 Melia,
769 4412 910 4476 aerarias
931 4415 1028 4486 fecit,
1051 4409 1215 4490 stipendio
1231 4411 1307 4491 pri·
1330 4454 1333 4460 .

98 4503 206 4574 savit,
231 4521 270 4560 eo
293 4502 441 4575 crimine,
464 4498 552 4583 quod
575 4505 631 4560 aut
650 4497 743 4577 prius
763 4517 797 4558 se
820 4495 937 4557 iniuste
959 4495 1235 4566 condemnassent,
1251 4503 1308 4555 aut

99 4595 211 4668 postea
236 4590 343 4647 tantos
364 4585 510 4649 bonores
532 4604 600 4646 non
621 4587 712 4646 recte
735 4580 937 4646 tribuissent.
