2850 4958
440 276 534 354 LIB.
557 275 623 355 nt
655 276 763 357 CAP.
788 275 837 360 11.
1173 282 1243 356 105

23 437 168 521 5voluit3
190 445 335 503 osterum
354 437 509 515 Thalam,
531 462 662 527 gravem
686 440 784 504 armis
803 441 1029 527 thesaurisque
1048 440 1147 527 regis,
1165 441 1252 505 diri-

35 523 127 607 puit.
171 523 264 584 il'unc
284 524 422 586 urbibus
442 532 576 586 exutum
595 546 727 609 regem,
757 533 790 586 et
813 524 879 587 iam
899 526 1012 589 finium
1034 547 1168 588 suorum
1195 547 1293 588 re-rs

41 606 166 689 gnique
185 607 382 689 fugitivum,
403 628 465 692 per
485 609 618 668 Mauros
643 613 741 691 atque
762 607 924 671 Getuliam
945 608 1151 692 sequabatur.
1188 607 1295 671 Po-15

40 696 166 749 stremo
187 690 329 764 Marius,
351 691 454 752 auctis
481 688 656 751 admodum
681 688 806 772 copiis,
838 712 939 775 quum
961 713 1025 777 pro
1053 690 1254 755 obscuritate

40 772 173 856 generis
202 772 252 833 sui
281 771 388 855 capita
417 791 529 834 censos
560 781 761 834 sacramento
790 772 964 857 adegisset,
997 775 1061 837 iam
1090 776 1198 841 susum
1221 781 1256 834 et

39 854 191 917 saucium
211 875 322 937 regem
344 855 496 931 adortus,
517 876 585 918 non
606 855 735 918 facilius
759 865 865 917 tamen
885 857 977 931 vicit,
1000 880 1097 943 quam
1118 858 1145 920 si
1168 855 1257 918 inte-

38 958 137 1023 grum
161 944 193 998 et
214 946 390 1001 recentem.
432 939 497 1000 Hic
519 948 551 999 et
571 939 685 1000 urbem
708 937 843 1001 Herculi
866 940 1031 1002 conditam
1054 939 1296 1023 Capsam,in14

42 1019 153 1081 media
174 1020 286 1082 Africa
307 1021 420 1095 sitam,
450 1022 608 1107 anguibus
629 1021 801 1107 creatisque
820 1020 990 1097 vallatam,
1012 1022 1095 1085 mira
1116 1021 1255 1107 quadam

41 1102 203 1164 felicitate
230 1104 412 1187 superavit:
447 1115 479 1167 et
501 1124 598 1167 saxeo
624 1104 760 1167 inditam
786 1106 891 1167 monti
912 1105 1099 1168 Mulucham
1120 1102 1296 1181 urbem,15

42 1205 108 1285 per
127 1186 302 1271 Ligurem,
330 1186 421 1248 aditu
445 1187 548 1250 arduo
571 1189 822 1272 inaccessoque,
851 1188 1046 1271 penetravit.
1088 1188 1168 1251 Mox
1188 1209 1257 1249 non

45 1290 155 1351 ipsum
181 1267 305 1343 modo,
332 1268 389 1331 sed
419 1272 585 1333 Bocchum
617 1292 751 1355 quoque
781 1272 1001 1335 Mauretaniae
1030 1292 1162 1356 regem,
1183 1262 1260 1332 iure'

44 1351 212 1433 sanguinis
232 1352 420 1414 Numidiam
438 1354 669 1428 vindicantem,
691 1350 777 1437 apud
800 1351 958 1437 oppidum
977 1355 1101 1417 Cirtam
1115 1352 1258 1438 graviter

45 1436 180 1497 eccidit.
232 1435 297 1515 Qui
338 1436 396 1497 ubi
427 1436 546 1499 diffisus
587 1434 686 1498 rebus
722 1436 790 1499 suis
830 1437 953 1499 alienae
983 1436 1083 1498 cladis
1114 1433 1298 1498 accessiorti

44 1517 121 1579 fieri
145 1518 259 1591 timet,
280 1519 424 1599 pretium
445 1519 709 1603 foederis-atque
739 1518 903 1581 amicitiae
931 1538 1041 1602 regem
1068 1516 1159 1581 facit.
1201 1518 1299 1607 δῖοι]

48 1600 366 1663 fraudulentissimus
392 1623 507 1686 regum
534 1600 664 1663 fraude'
679 1601 786 1664 soceri
813 1602 864 1663 sui
890 1602 925 1663 in
945 1599 1078 1663 insidias
1099 1598 1257 1663 deductus

47 1692 117 1758 est,
148 1693 181 1744 et
202 1684 311 1746 Sullae
335 1684 369 1745 in
396 1705 525 1746 manum
551 1682 717 1758 traditum
747 1680 941 1767 tandemque
963 1692 1114 1767 opertum
1138 1682 1259 1745 catenis

47 1764 244 1850 Iugurtham
265 1768 299 1829 in
312 1767 482 1849 triumpho
497 1766 641 1851 populus
655 1767 819 1828 Romanus
840 1765 1006 1848 adspexit:
1028 1764 1085 1827 sed
1100 1762 1155 1827 ille
1169 1764 1301 1851 quo-18

48 1870 138 1933 que,
161 1851 306 1933 quamvis
329 1851 436 1913 rictus
460 1859 558 1931 atque
587 1849 736 1922 vinctus,
757 1846 841 1909 vidit
860 1849 1007 1922 Urbem,
1035 1847 1133 1932 qnam
1153 1870 1259 1911 vena-

46 1932 138 2007 lem,
161 1942 193 1995 et
214 1933 411 2018 quandoque
432 1935 638 2017 perituram,
670 1932 697 1993 si
720 1930 888 1992 habuisset
913 1937 1111 2013 emptorem,
1137 1931 1261 1993 frustra

49 2015 226 2077 cecinerat.
268 2018 359 2092 lam,
381 2025 419 2078 ut
439 2015 561 2077 v'enaiis
579 2014 704 2087 fuisset,
725 2012 843 2076 habuit
866 2020 1067 2095 emptorem:
1092 2022 1136 2091 et,
1158 2036 1262 2103 ςιιιιιιι

48 2096 146 2161 illum
166 2099 323 2175 mouerit,
344 2108 471 2163 certum
491 2106 591 2191 erat,
605 2098 705 2179 [eam]
725 2118 792 2158 non
813 2117 881 2161 esse
900 2096 1095 2181 perituram.

505 2274 731 2340 CAPUT
771 2276 818 2339 11.

457 2379 580 2423 aestuat
602 2379 858 2425 auosnoolcuu.

95 2512 152 2576 Sic
174 2512 215 2574 ad
235 2510 409 2573 Meridiem
428 2510 572 2593 populus
591 2512 768 2574 Romanus.
806 2506 913 2573 Multo
935 2510 1096 2585 atrocius,
1118 2516 1153 2573 et
1172 2508 1262 2573 mul·
1286 2516 1306 2573 τ’

50 2596 217 2676 tipliciter
237 2594 338 2677 magis
359 2616 377 2653 a
398 2593 642 2675 septemtrione
662 2594 831 2657 saevitum.
872 2592 965 2655 Nihil
984 2592 1046 2655 hac
1067 2591 1161 2679 plaga
1183 2594 1264 2655 inse·
1367 2646 1370 2651 .

51 2684 149 2744 etius.
192 2678 299 2738 Atrox
334 2674 486 2748 coelum,
518 2675 658 2775 perinde
690 2677 833 2759 ingenia.
885 2675 985 2737 Omni
1021 2676 1123 2761 igitur
1156 2684 1264 2739 tractu
1286 2695 1307 2737 a

51 2759 219 2825 violentus
239 2758 363 2857 hqstis,
386 2780 403 2817 a
425 2757 548 2820 dextras
568 2768 667 2843 atque
684 2756 796 2830 laevis,
819 2765 852 2819 et
870 2757 980 2820 medio
1001 2757 1264 2858 Septqmtrionia

55 2835 1309 3004 stibadii.itti-..ittartatit.⁸tttti..il¹ttt..‘¹ttt³

56 3010 134 3075 uilia
161 3012 366 3090 quereretur.
408 3002 602 3089 Allobroges
626 3002 742 3066 deinde
764 3012 797 3064 et
816 3000 976 3073 Arverni,
998 3022 1097 3085 quum
1118 3000 1312 3077 adversusd

59 3114 118 3157 eos
142 3088 264 3152 similes
285 3086 474 3150 Aeduorum
500 3088 652 3170 querelae
681 3105 777 3167 opem
800 3091 832 3144 et
853 3083 1009 3145 auxilium
1032 3090 1179 3145 nostrum
1202 3084 1269 3145 fla-

58 3177 215 3261 gitarent.
259 3171 433 3253 Varusque
452 3170 613 3232 victoriae
632 3169 744 3239 testis,
770 3168 857 3227 Isara
880 3174 914 3229 et
936 3162 1127 3226 Vindelicus
1152 3187 1270 3239 amnes,

60 3267 95 3321 et
116 3255 257 3337 impiger
285 3254 455 3316 fluminum
479 3250 668 3314 Rhodanus.
709 3249 869 3311 Maximus
895 3246 1045 3311 barbaris
1071 3254 1182 3311 terror
1203 3243 1314 3309 ele-5

85 3341 177 3403 hanti
200 3342 316 3413 fuere,
338 3335 532 3398 immanitati
557 3335 702 3417 gentium
722 3352 829 3414 pares.
859 3329 953 3394 Nihil
973 3336 1039 3391 tam
1059 3331 1274 3415 conspicuum

61 3448 96 3489 ιιι
119 3419 313 3503 triumpho,
341 3441 438 3503 quam
469 3437 528 3482 rex
555 3416 626 3500 ipse
654 3415 817 3490 Bituitus,
849 3410 1069 3476 discoloribus
1095 3413 1130 3477 in
1150 3416 1271 3488 armis,

62 3514 285 3591 argenteoque
313 3510 493 3585 carpento,
525 3499 631 3585 qualis
657 3504 869 3583 pugnaverat.
907 3495 1092 3578 Utriusque
1112 3496 1315 3563 victoriaed

63 3590 156 3675 quod
181 3593 406 3671 quantumque
437 3580 590 3667 gaudium
616 3582 739 3654 fuerit,
770 3580 823 3642 vel
849 3578 929 3642 hinc
958 3579 1120 3640 aestimari
1140 3589 1273 3659 potest,

65 3672 156 3755 quod
178 3681 212 3733 et
230 3668 396 3731 Domitius
417 3666 632 3741 Aenobarbus
656 3673 688 3728 at
704 3662 825 3727 Fabius
847 3659 1006 3724 Maximus
1027 3658 1124 3739 ipsis,
1155 3659 1276 3741 quibus

63 3757 323 3826 dimicaverant,
345 3752 378 3813 in
399 3749 483 3813 locis
505 3768 615 3810 saxeas
640 3764 774 3809 erexere
795 3752 924 3817 turres,
954 3748 988 3803 et
1007 3738 1148 3823 desuper
1167 3760 1276 3803 exor-

63 3847 142 3904 nata
166 3832 264 3900 armis
284 3832 462 3897 hostilibus
481 3840 618 3916 tropaea
640 3828 801 3891 fixerunt:
824 3847 925 3907 quum
943 3820 1000 3884 hic
1019 3843 1091 3885 mos
1105 3822 1276 3886 inusitatus

64 3922 172 3988 fuerit
190 3916 323 3981 nostris.
354 3916 538 4000 Numquam
561 3913 648 3974 enim
666 3906 809 3999 populus
824 3907 987 3972 Romanus
998 3902 1151 3982 hostibus
1164 3905 1278 3980 domin

65 4008 112 4072 tis
132 4000 309 4073 victoriam
329 4000 450 4082 [suam]
471 3994 694 4083 exprobrarit.
760 4092 763 4097 Ι

512 4177 538 4242 G
558 4176 589 4241 A
606 4174 635 4241 P
656 4176 690 4240 U
709 4172 740 4239 Τ
780 4172 847 4240 Ill·

241 4282 366 4330 ιιιιιιιι
386 4279 585 4342 οιιιιιισιιιι,
606 4280 831 4334 rnrromcuu,
853 4273 893 4320 er
912 4265 1102 4326 numm.

114 4416 261 4493 Cimbri,
290 4416 453 4492 Teutoni,
485 4424 583 4503 atque
608 4407 781 4492 Tigurini,
805 4407 846 4472 ab
868 4407 1020 4495 entremis
1040 4403 1165 4471 Galliae
1185 4423 1276 4489 pro-
1301 4422 1319 4471 t

72 4506 166 4585 fugi,
190 4522 288 4587 quum
309 4509 414 4563 terras
435 4520 551 4565 eorum
571 4497 757 4562 inundasset
778 4491 945 4563 Oceanus.
967 4511 1069 4554 noras
1095 4486 1191 4553 uades
1205 4494 1289 4585 totu

76 4591 160 4656 oriae
187 4584 409 4675 quaerebant:
441 4582 628 4672 exclusique
655 4584 690 4647 et
719 4574 829 4645 Gallia
859 4583 896 4641 et
921 4574 1113 4667 llispania,
1141 4587 1317 4656 quanm
1332 4582 1360 4623 a

864 4668 910 4745 at
