2850 4958
461 281 585 364 nur.
608 245 731 363 aon.
756 280 848 364 sm.
877 284 927 365 11.
1023 325 1027 343 .
1252 310 1298 388 ις,

86 448 299 538 longissimae
326 447 488 516 libertatis
519 451 583 515 fine
615 449 752 515 multata
787 459 845 514 est.
892 448 991 536 Syria
1016 444 1209 545 Pontusque
1240 451 1300 518 Cn.

90 536 239 620 Pompeii
262 536 394 599 virtutis
418 546 627 599 monumenta
649 544 736 599 sunt.

120 638 283 699 XXXIX.
317 635 439 704 Gallias.
460 639 606 722 primum
625 662 644 700 a
665 639 814 702 Domitio
839 638 903 720 [et]
922 635 1040 713 Fabio,
1064 645 1186 722 nepote
1198 636 1303 701 Paul-

89 720 134 796 li,
159 723 217 807 qui
240 720 473 807 Allobrogicus
497 730 630 784 vocatus
651 730 716 798 est,
741 723 877 785 intratas
900 740 975 784 cum
1000 722 1163 797 exercitu,
1186 743 1303 805 magna

90 826 168 868 mox
190 800 282 868 clade
300 814 412 866 nostra
435 825 530 888 saepe
551 813 584 867 et
610 805 841 871 adfectavimus
863 813 896 868 et
919 805 1094 868 amisimus.
1137 803 1203 868 Sed
1226 804 1304 869 ful·-

110 889 317 953 cntissimum
346 889 382 949 C.
410 887 554 951 Caesaris
581 910 664 972 opus
692 889 726 953 in
753 891 793 953 iis
821 888 1045 972 conspicitur:
1078 889 1201 975 quippe
1232 889 1303 952 cios

87 909 193 1038 ductu
212 971 430 1059 auspiciisque
453 972 627 1048 infractae,
653 994 757 1058 paene
779 971 887 1047 idem,
913 971 1004 1055 quod
1024 979 1112 1034 totus
1138 981 1304 1036 terrarum

89 1056 206 1132 orbis,
231 1057 266 1118 in
293 1055 456 1117 aerarium
480 1057 656 1120 conferunt
678 1057 890 1141 stipendium.
930 1054 1152 1138 stipendiaria
1177 1056 1217 1117 ab
1242 1078 1305 1119 eo-

88 1140 166 1203 dem
188 1140 276 1203 iacta
298 1139 463 1201 Numidia.
509 1138 658 1202 Ciliciam·
680 1140 872 1226 perdomuit
897 1138 1076 1214 Isauricus,
1087 1147 1120 1202 et
1133 1148 1210 1224 post
1222 1139 1303 1204 bel-

86 1218 160 1289 lum
181 1223 418 1286 Antiochinum
451 1222 509 1286 Cn.
538 1222 643 1286 Vulso
677 1224 817 1287 Manlius
842 1222 1153 1288 Gallo-Graeciam.'
1187 1223 1306 1325 Bithy-

87 1308 168 1383 nia,
193 1315 230 1387 ut
253 1306 496 1390 praediximus,
520 1314 712 1372 testamento
737 1306 928 1371 Nicomedis
951 1307 1067 1370 relicta
1089 1305 1303 1371 hereditaria.

87 1390 194 1453 Divus
217 1389 381 1475 Augustus
403 1399 536 1474 praeter
558 1392 730 1476 Hispanias
759 1392 903 1477 aliasque
926 1400 1058 1474 gentes,
1090 1412 1231 1475 quarum
1256 1389 1306 1453 ti·

88 1473 170 1537 tulis
192 1474 305 1538 forum
329 1474 398 1536 eius
419 1474 603 1558 praenitet,
628 1499 731 1559 paene
756 1476 864 1550 idem,
888 1477 974 1538 factu
998 1474 1149 1558 Aegypto
1171 1475 1304 1557 stipen-

91 1557 218 1631 diaria,
246 1566 404 1641 quantum
427 1566 522 1641 pater
544 1558 613 1620 eius
640 1558 766 1636 Gallia,
793 1559 828 1620 in
851 1560 1015 1620 aerarium
1039 1558 1163 1621 reditus
1184 1554 1306 1619 contu-

89 1641 142 1704 lit.
186 1638 230 1702 At
254 1641 307 1704 Ti.
334 1642 472 1716 Caesar',
504 1662 602 1725 quam
634 1652 757 1705 certam
784 1643 936 1722 Hispanis
961 1640 1098 1724 pa'rendi
1121 1641 1307 1703 confessio-

90 1746 168 1787 nem
192 1732 375 1789 extorserat
401 1744 542 1809 parens,
576 1728 721 1809 [parem]
753 1724 877 1806 Illyriis
905 1724 1130 1808 Delmatisque
1155 1724 1303 1786 extorsit.

91 1808 264 1869 Rhaetiam
294 1816 403 1871 autem
433 1814 466 1871 et
493 1807 686 1871 Vindelicos
717 1832 755 1872 ac
786 1808 950 1884 Noricos,
981 1807 1250 1891 Pannoniumque
1274 1814 1307 1870 et

59 1924 63 1935 ‚
90 1890 305 1968 Scordiscos,
331 1911 431 1953 novas
454 1891 595 1974 imperio
620 1900 736 1955 nostro
760 1891 930 1957 subiunxit
949 1892 1146 1976 provincias.
1181 1892 1230 1953 Ut
1246 1888 1306 1953 has

93 1973 214 2049 amnis,
246 1976 294 2037 ita
318 1974 515 2037 auctoritate
546 1976 784 2059 Cappadociam
806 1975 933 2061 populo
958 1976 1106 2038 Romano
1138 1974 1219 2039 fecit
1242 1975 1307 2037 sti-

94 2057 309 2141 pendiariam.
350 2057 414 2120 Sed
437 2068 642 2124 revertamur
661 2059 702 2123 ad
725 2060 886 2123 ordinem.

136 2174 204 2239 xl..
232 2177 351 2240 Secuta
383 2176 502 2240 deinde
531 2181 589 2240 Cn.
621 2179 774 2262 Pompeii
805 2180 946 2254 militia,
982 2177 1108 2279 gloriae
1138 2176 1307 2242 laborisne

92 2260 251 2335 maioris,
279 2261 441 2323 incertum
465 2269 524 2324 est.
565 2263 760 2326 Penetrataa
783 2284 857 2326 cum
880 2264 1021 2325 victoria
1049 2258 1176 2333 Media,
1202 2261 1308 2324 Alba-

92 2342 169 2419 nia,
198 2345 329 2417 Iberia3
364 2341 482 2406 deindo
504 2344 623 2408 flexum
648 2368 762 2430 agmen
787 2345 827 2406 ad
852 2368 904 2409 eos
924 2347 1090 2418 nationes,
1114 2366 1198 2426 quae
1225 2345 1325 2406 dex--

92 2433 145 2489 tra
179 2436 278 2512 atque
310 2427 424 2489 intima
452 2427 553 2491 Ponti
584 2430 749 2504 incolunt,
786 2429 948 2504 Colchos,
991 2429 1247 2510 Heniochosque
1276 2439 1310 2492 et

92 2508 256 2575 Achaeos.
299 2510 342 2575 Et
367 2532 542 2595 oppressus
572 2513 725 2597 auspiciis
748 2512 922 2613 Pompeii,
955 2512 1083 2575 insidiis
1107 2512 1166 2574 lilii
1191 2513 1308 2578 Phar-

92 2594 203 2656 nacis.
236 2593 466 2668 Mithridates,
499 2596 632 2659 ultimus
661 2598 807 2660 omnium
831 2596 913 2659 auria
935 2596 987 2658 sui
1010 2617 1145 2681 regum,
1175 2608 1310 2679 praeter

89 2676 279 2741 Parthicos.
324 2679 409 2739 Tum
433 2680 543 2741 victor
564 2681 729 2756 omnium,
757 2702 837 2765 quas
861 2679 1007 2755 adierat,
1034 2680 1181 2764 gentium
1203 2681 1311 2744 Pom-

136 2761 209 2834 ius,
240 2782 366 2844 suoque
393 2767 427 2821 et
450 2762 571 2825 civium
600 2773 679 2825 soto
707 2767 834 2839 maior,
866 2771 900 2825 et
922 2784 984 2845 per
1007 2763 1114 2824 omnia
1140 2766 1309 2827 fortunam

117 2843 240 2907 ominis
275 2864 439 2926 egressus,
473 2846 611 2907 reuertit
641 2847 676 2909 in
701 2847 841 2909 ltaliam.
886 2846 985 2910 Cuius
1009 2847 1151 2908 reditum
1172 2850 1309 2912 favora-

91 2926 197 2995 bilem
221 2926 337 3010 opinio
361 2928 495 2990 lecerat.
537 2929 670 3011 Quippe
693 2928 844 3010 plerique
869 2949 936 2989 non
961 2929 1031 2989 sina
1054 2931 1200 2991 exercitu
1225 2953 1310 2991 ven·-

74 3019 207 3081 ¹turum
231 3010 265 3072 in
290 3009 417 3074 Urbem
450 3009 683 3084 adfirmabant,
709 3018 741 3073 et
763 3009 1087 3093 libertati-publicae
1109 3020 1310 3075 statutarum

94 3092 236 3157 arbitrio
267 3114 329 3157 suo
357 3092 504 3157 modum.
549 3095 625 3172 Quo
649 3093 751 3175 magia
774 3093 842 3154 hoc
869 3093 1019 3154 homines
1044 3093 1240 3165 timuerant,
1261 3117 1309 3157 -eo

93 3178 223 3259 gratior
256 3177 363 3240 civilis
399 3176 482 3239 tanti
523 3176 735 3262 imperatoris
765 3175 892 3240 reditus
924 3175 1001 3239 fuit.
1049 3177 1149 3239 Omni
1184 3179 1309 3263 quippe

94 3260 260 3329 Brundisii
290 3261 423 3324 dimisso
456 3263 625 3332 exercitu,
655 3259 751 3327 nihil¹
774 3269 909 3344 praeter
939 3277 1059 3320 nomen
1093 3260 1316 3344 Imperatoris¹

94 3346 258 3420 retinens,
283 3365 358 3406 cum
380 3345 512 3428 privato
535 3345 712 3419 comitatu,
737 3364 834 3429 mem
857 3364 987 3426 semper
1006 3342 1053 3405 illi
1068 3363 1183 3408 vacare
1202 3348 1308 3419 moris

94 3428 178 3503 fuit,
210 3428 394 3496 inUrbem
426 3427 544 3490 rediit:
580 3427 1000 3515 magnificentissimumque
1023 3426 1065 3490 de
1096 3435 1149 3490 tot
1175 3432 1310 3516 regibus

95 3532 159 3593 per
179 3510 317 3574 biduum
342 3513 409 3598 egit
430 3512 659 3595 triumphnmq
688 3512 851 3598 longeque
874 3511 1033 3573 maiorem
1059 3513 1148 3573 omni
1172 3524 1248 3577 ante
1271 3534 1308 3575 se

95 3595 186 3659 illata
210 3595 350 3678 pecunia
379 3596 413 3657 in
441 3597 622 3670 aerarium,
649 3599 794 3678 [praeter
817 3604 936 3678 quanta
961 3591 1066 3676 spolia
1078 3597 1102 3670 ,]
1127 3615 1166 3655 ex
1189 3608 1310 3659 manu-2

94 3677 166 3740 biis
183 3678 306 3741 intulit.
349 3676 491 3757 Absente
515 3681 574 3742 Cn.
598 3679 781 3762 Pompeio,
805 3679 845 3739 Τ.
871 3677 1007 3759 Ampius
1027 3682 1060 3735 et
1080 3675 1119 3735 T.
1134 3676 1307 3754 Labienus,

96 3760 239 3825 Tribuni
262 3761 390 3847 plebis,
413 3761 519 3844 legem
541 3760 710 3838 tulerunt,
733 3770 772 3822 ut
796 3762 830 3822 in
851 3760 937 3822 ludis
964 3757 1169 3822 Circensibus
1183 3779 1310 3825 corona

93 3845 208 3913 laurea
236 3854 270 3908 et
298 3845 387 3907 omui
415 3846 505 3911 cultu
532 3846 807 3931 triumphantium
828 3851 1002 3924 uteretur,
1034 3841 1169 3904 scenicis
1200 3852 1309 3907 autem

120 3936 264 3993 raetexta
289 3949 480 4013 coronaque
509 3950 621 3995 aurea.
661 3928 701 3993 ld
732 3927 789 3990 ille
818 3948 886 3987 non
903 3926 988 4009 plus
1012 3947 1109 4009 quam
1129 3927 1248 3998 cernel,
1274 3938 1310 3991 et

96 3950 259 4077 bocauna
279 4012 416 4074 nimium
438 4013 522 4089 fuit,
544 4034 702 4094 usurpare
723 4009 887 4073 sustinuit.
930 4010 1033 4072 Huius
1054 4007 1116 4070 riri
1140 4012 1307 4095 fastigium

97 4098 197 4161 tantis
218 4096 368 4159 auctibus
388 4100 522 4160 fortuna
544 4097 678 4171 extulit,
702 4103 739 4157 ut
759 4094 902 4176 primum
923 4113 963 4154 ex
981 4091 1109 4171 Africa,
1131 4094 1250 4157 iterum
1269 4116 1309 4158 ex

95 4178 254 4265 Europa,
282 4180 383 4247 tertio
412 4201 452 4243 ex
478 4179 555 4242 Asia
579 4177 820 4263 triumpharet3
850 4184 884 4238 et
906 4185 988 4259 quot
1013 4184 1124 4258 partes
1144 4187 1309 4240 terrarum

97 4264 192 4331 orbis
218 4272 312 4338 suut,
339 4264 478 4327 totidem
499 4267 626 4328 faceret
649 4269 859 4326 monumenta
880 4256 1040 4321 victoriae
1066 4281 1153 4322 suae.
1196 4263 1311 4326 Num-

97 4372 197 4435 quam
220 4347 393 4410 eminentiu
416 4347 539 4411 insidia
562 4355 684 4412 carent.
728 4347 845 4428 Itaque
868 4353 901 4406 et
921 4340 1086 4418 Lucullus,
1109 4365 1235 4408 memor
1255 4358 1311 4412 ta·

97 4454 173 4497 men
194 4441 346 4514 acceptae
365 4432 527 4506 iniuriae,
551 4441 583 4496 et
602 4431 751 4495 Metellus
776 4427 934 4502 Creticus,
956 4446 1023 4489 nou
1037 4426 1156 4490 iniuste
1170 4449 1312 4512 querens

96 4517 240 4600 (quippe
261 4525 487 4579 ornamentum
507 4516 669 4599 triumphi
694 4514 784 4590 eius,
817 4511 962 4594 captivos
987 4509 1084 4573 duces
1095 4538 1107 4586 ,·
1132 4511 1314 4594 Pompeius

98 4600 334 4679 tttbduxtrut),
363 4609 397 4663 et
422 4623 497 4665 cum
524 4602 565 4665 iia
591 4621 668 4688 para
694 4598 904 4683 optimatium
926 4594 1170 4679 refragabatur,
1192 4615 1234 4658 ue
1256 4606 1321 4665 snt
