2850 4958
134 290 204 387 aaa
615 284 857 361 uoraoru

131 459 201 511 tum
223 451 346 511 tirones
377 448 454 509 lecti
485 453 581 520 sunt,
612 448 783 529 factaeque
809 446 954 527 legiones
981 443 1116 521 decem,
1202 445 1337 511 imodat

134 534 316 616 sexaginta,
337 533 388 593 rel
410 529 569 611 amplius,
591 537 793 605 armatorum
813 528 914 591 millia
937 527 1124 595 efficiebat„
1183 531 1273 591 arvis
1291 531 1338 593 sd-

130 617 197 677 lauc
227 616 380 675 Romanis
413 614 532 684 rebus,
562 621 651 672 tanta
681 619 788 673 tamen
816 613 849 672 in
880 630 918 673 re
949 610 1084 671 militari
1120 614 1232 675 virtus
1270 622 1338 677 erat

131 700 224 775 Qttae
254 694 354 779 ¹quum
384 698 552 776 profectae
588 702 694 755 essent
724 695 877 755 adversus
900 692 1028 766 Gallos,
1057 692 1141 755 duce
1165 697 1204 757 L.
1226 698 1352 783 Furio„

132 779 265 867 quidam
287 801 325 840 ex
348 779 569 840 Gallicanum
591 798 628 837 ex
650 776 820 851 Romanis,
843 777 900 860 qui
927 784 1008 836 essct
1030 777 1192 856 optimus,
1215 800 1338 861 provo·

131 864 227 924 cavit.
272 863 354 923 Tum
376 882 410 921 se
431 861 476 921 Μ.
505 859 658 922 Valerius
679 860 846 921 Tribunus
867 858 1010 920 militum
1032 858 1175 934 obtulit,
1194 872 1228 923 ct
1251 884 1337 946 quan

129 946 341 1030 processisset
367 952 531 1017 armatus,
563 961 681 1005 corsus
702 944 734 1003 ei
755 965 854 1031 supra
878 942 1028 1003 dextrum
1049 942 1230 1007 brachium
1254 946 1333 1025 sedit.

131 1030 212 1089 Mox
235 1028 404 1091 commissa
424 1024 575 1086 adversus
598 1023 726 1085 Gallum
746 1048 875 1109 pugna,
899 1024 985 1085 idem
1011 1044 1129 1085 corvus
1152 1027 1216 1089 alis
1240 1039 1334 1091 aas·

130 1110 250 1194 guibus
271 1109 355 1171 Galli
379 1106 493 1171 oculos
514 1107 717 1182 verberavit,
739 1130 780 1169 nc
800 1116 927 1171 rectum
950 1117 1061 1188 posset
1082 1106 1270 1193 adspicere.
1294 1112 1332 1175 lh

134 1216 154 1252 a
176 1180 326 1270 Tribuno
349 1191 484 1252 Valerio
507 1192 716 1264 interfectus,
738 1212 806 1251 non
826 1188 931 1251 solum
953 1190 1127 1251 victoriam
1151 1194 1202 1266 ei,
1226 1194 1331 1259 sedet-

130 1275 196 1335 iam
218 1268 337 1338 nomen
359 1274 460 1335 dedit.
502 1274 584 1333 Nam
611 1282 724 1355 postea
752 1273 838 1335 idem
869 1273 1028 1333 Corvinus
1059 1281 1107 1333 est
1132 1274 1329 1339 dictus-lo

129 1368 270 1440 propter
291 1359 356 1419 boc
377 1357 530 1417 meritum
557 1377 718 1417 annorum
740 1356 840 1417 trium
863 1364 896 1418 et
910 1355 1025 1439 viginti
1048 1376 1097 1415 co
1110 1378 1139 1417 s.
1165 1370 1216 1421 est
1229 1362 1325 1425 sucht.

176 1440 252 1503 Vll.
274 1440 403 1512 Latini,
436 1438 492 1521 qui
514 1437 688 1501 noluerant
710 1438 830 1499 milites
851 1436 950 1511 dare,
983 1438 1047 1499 hoc
1069 1461 1206 1525 quoque
1228 1466 1246 1503 a
1269 1446 1323 1507 lle·

128 1524 232 1591 manis
264 1525 393 1608 exigere
423 1529 622 1601 coeperunt,
651 1529 689 1583 ut
715 1542 797 1582 unus
821 1519 943 1582 Consul
969 1541 1008 1581 ex
1033 1542 1170 1599 eorum,
1199 1527 1321 1589 alteret

132 1604 356 1673 Romanorum
389 1605 515 1687 populo
549 1613 728 1666 crearetur.
781 1602 881 1683 Quod
915 1626 1014 1686 quum
1050 1615 1133 1666 esset
1165 1620 1319 1692 negatam,
1349 1628 1352 1667 s

128 1688 251 1750 bellum
285 1698 400 1751 eontra
429 1708 485 1748 eos
519 1697 701 1768 susceptum
734 1694 797 1758 est,
833 1694 864 1746 et
898 1686 1020 1770 ingenti
1052 1710 1162 1769 pugna
1198 1692 1318 1776 superati

128 1782 223 1833 sunt:
248 1794 285 1832 ac
309 1772 349 1832 de
373 1768 425 1828 bis
444 1768 639 1852 perdomitis
665 1770 901 1851 triumphatum
926 1777 984 1830 est.
1026 1769 1161 1833 Statuae
1183 1774 1317 1837 Consuli-

128 1854 190 1913 bus
214 1855 255 1914 ob
279 1855 431 1914 meritum
455 1853 613 1917 victoriae
636 1853 670 1913 in
694 1853 819 1935 Rostris
841 1853 969 1935 positae
983 1861 1067 1915 sunt.
1099 1853 1149 1915 Eo
1174 1879 1257 1920 anuo
1278 1866 1316 1921 el·
1346 1874 1352 1935 t

128 1934 192 1995 iam
217 1934 411 1996 Alexandria
436 1932 475 1995 ab
502 1932 685 1995 Alexandro
712 1934 889 1995 Macedone
914 1934 1045 1995 condita
1069 1947 1128 1999 est.

172 2018 268 2077 VIII.
300 2019 369 2077 lam
391 2016 528 2076 Romani
553 2026 702 2098 potentes
728 2038 794 2077 esse
817 2026 1007 2097 coeperunt.
1050 2019 1180 2083 Bellum
1204 2020 1314 2083 enimi}

127 2101 303 2169 centesimo
329 2107 362 2159 et
389 2098 555 2161 tricesimo
585 2101 654 2160 fere
687 2099 842 2159 milliario
873 2100 913 2160 ab
942 2102 1035 2168 Urbe
1058 2104 1148 2184 apud
1172 2105 1311 2167 Samnite
1344 2123 1352 2163 r

125 2174 321 2261 gerebatur,
346 2181 402 2265 qui
428 2182 527 2243 medii
550 2191 623 2244 sunt
646 2182 733 2244 inter
753 2182 930 2255 Picenum,
957 2184 1165 2264 Campaniam
1189 2198 1224 2251 et
1241 2189 1312 2269 Apa·
1344 2207 1352 2265 p

126 2264 216 2325 liam.
258 2266 295 2325 L.
319 2263 472 2346 Papirius
495 2267 617 2325 Cursor
639 2285 711 2325 eum
739 2265 866 2325 bonore
888 2266 1067 2328 Dictatoris
1087 2269 1127 2329 ad
1155 2270 1188 2331 id
1215 2271 1313 2333 bellan
1343 2270 1352 2331 l

131 2338 295 2409 ¹refectus
317 2357 374 2409 est.
419 2347 483 2423 Qui
510 2370 610 2430 quum
633 2347 768 2407 Romam
799 2346 956 2420 redisset,
983 2350 1024 2427 Q.
1048 2350 1152 2413 Fabio
1178 2356 1311 2427 Maxima.

124 2368 284 2512 blagistro
310 2429 477 2512 equitum,
518 2452 613 2512 quem
640 2430 726 2509 apud
756 2431 934 2506 exercitum
958 2431 1114 2514 reliquit,
1143 2437 1311 2519 praecepit,

123 2532 166 2572 ne
194 2533 228 2573 ss
259 2513 390 2573 absente
419 2521 590 2594 pugnaret.
633 2512 714 2585 Ille,
750 2515 922 2579 occasione
957 2526 1107 2595 reperta,
1148 2519 1312 2583 felicissint
1343 2520 1352 2581 l

125 2592 310 2665 dimicavit,
339 2603 370 2653 et
390 2594 549 2657 Samnites
573 2594 701 2657 delevit.
744 2596 798 2657 Ob
824 2617 921 2678 quam
944 2614 1012 2656 ram
1042 2622 1059 2657 a
1084 2600 1314 2667 Dictaturam·
1343 2627 1352 2665 a

151 2676 203 2737 itis
224 2676 407 2749 damnatus,
434 2677 524 2755 quod
548 2699 582 2738 se
605 2686 732 2739 vetante
756 2687 950 2760 pugnasset,
979 2680 1011 2738 in
1036 2683 1101 2743 enti
1122 2685 1241 2748 favore
1262 2686 1312 2749 ati-
1342 2709 1352 2748 a

122 2696 219 2823 iitum
241 2768 273 2819 et
296 2760 414 2841 populi
437 2761 595 2825 liberatus
621 2771 686 2835 est3
714 2770 802 2823 tanta
822 2760 959 2844 Papirio
980 2702 1143 2828 seditione
1158 2778 1312 2841 commota,
1346 2794 1352 2829 a

122 2848 160 2901 ut
182 2862 284 2921 paene
308 2845 377 2924 ipse
400 2843 648 2906 interficeretur.

163 2924 223 2987 IX.
253 2925 370 2987 Postea
402 2926 561 2988 Samnites
590 2928 765 2996 Romanos,
787 2926 827 2985 Τ.
845 2926 986 2988 Veturio
1012 2952 1049 2992 ae
1072 2930 1129 3012 Sp.
1158 2931 1311 2995 Postumo
1344 2958 1352 2996 a

123 3006 226 3082 Coss,
252 3010 337 3091 apud
360 3010 514 3071 Furculas
538 3009 695 3071 Caudinas
723 3010 879 3092 angustiis
903 3010 1054 3074 locorum
1078 3014 1255 3078 conclusos
1275 3018 1313 3079 in·
1345 3039 1352 3101 1

121 3093 209 3165 genti
232 3089 393 3152 dedecore
416 3096 581 3166 vicerunt,
609 3100 642 3151 et
664 3090 722 3151 sub
745 3093 857 3176 iugum
877 3096 1045 3156 miserunt.
1088 3097 1159 3157 Pax
1181 3109 1314 3163 tament
1347 3123 1352 3162 t

119 3174 240 3241 Senatu
264 3184 296 3235 et
316 3175 441 3254 populo
460 3175 566 3235 solutu
588 3183 655 3247 est,
681 3195 764 3255 quae
790 3197 864 3237 cum
889 3176 966 3257 ipsis
988 3189 1129 3261 propter
1154 3184 1314 3246 necessita·
1350 3208 1352 3243 ι

118 3266 187 3317 tem
209 3258 294 3317 facta
317 3258 434 3316 fuerat.
478 3257 594 3318 Postea
619 3255 778 3317 Samnites
803 3259 880 3319 victi
904 3269 979 3320 sunt
999 3265 1066 3323 aL.
1083 3264 1224 3344 Papirio
1245 3269 1323 3328 Cos·-
1351 3298 1352 3315 .

118 3337 208 3397 sule:
234 3346 356 3415 septem
378 3338 479 3399 millia
501 3360 615 3403 eorum
630 3337 689 3399 sub
706 3339 816 3420 iugum
832 3342 937 3401 missa.
969 3343 1122 3426 Papirius
1138 3346 1180 3409 de
1193 3348 1313 3413 Samni·
1350 3396 1352 3410 .

117 3421 206 3481 tibus
228 3417 470 3497 triumphavit.
497 3420 546 3481 Eo
569 3431 718 3501 tempore
742 3424 868 3500 Appius
891 3422 1044 3489 Claudius
1064 3431 1189 3491 Censor
1206 3435 1314 3516 dquam
1351 3454 1352 3471 ¹

118 3496 285 3559 Claudiam
307 3498 456 3575 induxit,
480 3509 512 3561 et
536 3502 619 3569 viam
640 3502 779 3582 Appiam
800 3505 925 3566 stravit.
967 3508 1149 3586 Samnites,
1174 3522 1312 3598 reparata

115 3578 228 3653 bello,
252 3583 293 3659 Q.
318 3572 454 3644 Fabium
476 3584 652 3644 Maximum
678 3586 836 3661 vicerunt,
859 3590 964 3651 tribus
986 3593 1131 3657 millibus
1156 3595 1313 3667 bominum

117 3663 244 3724 occisis.
286 3664 403 3726 Postea
433 3688 531 3747 quum
564 3675 659 3748 pater
691 3668 719 3727 ei
742 3670 861 3733 Fabius
885 3675 1043 3735 Maximus
1073 3679 1214 3761 Legatos
1234 3682 1312 3742 datm

114 3748 241 3820 fuisset,
263 3732 475 3810 et‘samnitas
498 3750 589 3824 vicit,
613 3760 645 3811 et
665 3750 811 3833 plurima
829 3776 941 3815 eorum
961 3760 1081 3839 oppidu
1096 3764 1199 3843 oepit.
1223 3765 1314 3827 Dein-

114 3827 155 3889 d'e
176 3827 214 3891 P.
240 3829 409 3893 Cornelius
429 3832 585 3905 Rufinus,
608 3837 736 3894 Man³us
758 3838 873 3898 Curius
896 3840 1077 3916 Dentatus,
1100 3847 1198 3908 ambo
1223 3850 1311 3917 eoas..

117 3919 234 3971 contra
254 3912 413 3989 Samnites
434 3916 545 3990 missi,
570 3917 754 3996 ingentibus
775 3920 911 4001 proeliis
932 3942 988 3982 eos
1012 3928 1197 3991 confecere.
1239 3930 1314 3989 Tun

110 3990 234 4057 bellum
255 4016 328 4057 cum
348 3997 549 4073 Samnitibus
579 4020 640 4081 per
671 4021 772 4061 annos
792 4024 908 4063 novem
930 4014 962 4064 et
983 4008 1039 4067 XL
1069 4018 1179 4075 aetum
1209 4021 1312 4075 sustu„

108 4072 237 4139 lerunt:
270 4101 374 4161 neque
405 4080 489 4142 ullus
520 4082 624 4151 bostis
656 4082 720 4143 fuit
751 4084 836 4145 intra
867 4085 1018 4165 Italiam,
1054 4092 1111 4173 qui
1144 4094 1312 4159 Romanu

107 4158 261 4219 virtutem
285 4163 385 4243 magis
406 4165 602 4241 fatigaverit.
1012 4177 1016 4183 '

148 4240 190 4299 X.
213 4240 397 4305 interiectis
420 4246 548 4329 aliquot
572 4247 683 4321 annis,
708 4250 828 4311 iterum
848 4272 882 4313 se
906 4253 1073 4317 Gallorum
1092 4261 1312 4340 copiae,·con·

105 4329 155 4382 tra
172 4324 346 4400 Romanos,
360 4328 473 4389 Tuscis
494 4329 756 4412 Samnitibusque.
778 4334 973 4396 iunxerunt:
997 4341 1054 4407 sed,
1067 4363 1170 4422 quum
1184 4345 1311 4409 Roman

103 4407 294 4476 lffl‘lffl'sffll.
318 4433 335 4468 a
359 4413 416 4470 Cn.
440 4412 593 4475 Cornelio
616 4415 785 4477 Dolabella
811 4439 896 4482 cos.
922 4419 1046 4482 deletae
1067 4435 1153 4486 sunt.

144 4491 203 4548 Xl.
225 4488 348 4551 Eodem
370 4503 519 4574 tempore
544 4497 745 4570 Tarnutinis,
770 4500 825 4579 qui
849 4502 911 4561 iam
935 4504 966 4563 iu
990 4505 1102 4567 ultima
1118 4510 1308 4582 Italiasuut,

92 4567 218 4635 tellum
241 4573 403 4641 indictam
428 4586 497 4652 eu,
520 4580 597 4661 (puin
617 4578 732 4665 legatis
746 4582 968 4647 Romanorum
984 4590 1136 4655 iniurium
1152 4596 1307 4659 fecissent.
