2850 4958
99 364 102 369 .
223 276 293 360 nu
317 282 445 363 rurs
463 228 687 360 unnsrn
715 284 823 362 car.
847 278 907 357 62.
930 272 991 363 aa
1016 262 1077 382 'ta
1210 270 1284 388 tas

69 455 169 525 vicit.
212 451 359 514 Achaeos
379 450 431 512 bis
450 449 582 534 proelio
604 448 706 513 fudit:
734 448 985 533 nimphandos
1007 452 1165 516 Mummio
1186 452 1288 515 tradi·
1308 473 1330 516 s

69 530 138 602 dii.
181 537 306 597 Invisus
333 535 422 618 plebi
454 534 496 596 ob
524 533 658 594 nimiam
687 534 916 609 severitate1n3
948 544 980 595 et
1010 535 1083 597 ideo
1111 546 1188 618 post
1208 536 1332 600 duas5

69 621 223 704 repulsas
239 620 359 681 Consul
380 640 475 700 aegre
496 619 611 691 factus,
634 617 781 678 Arbacos
802 618 835 677 iu
852 618 1008 700 Hispania
1022 618 1159 682 domuit.
1190 619 1287 702 Apud
1308 620 1331 698 4

69 704 288 771 Contrebiam
311 701 470 786 oppidum
495 700 650 762 cohortes
672 698 749 761 loco
771 701 879 784 pulsas
906 700 1016 761 redire
1041 703 1203 764 stlocum
1224 726 1286 764 re·
1345 756 1350 765 ,

69 789 189 870 cipere
211 787 316 849 iussit.
359 787 469 865 Quum
496 783 604 844 omnia
625 785 766 867 proprio
789 794 822 846 et
842 785 952 847 subito
983 784 1121 846 consilio
1154 779 1329 869 ageret,5

69 871 183 934 amico
207 870 357 943 cuidam,
384 864 465 952 quid
486 876 617 929 acturus
639 875 742 941 esset,
773 869 921 953 roganti,
958 868 1131 941 Tunitam,
1157 870 1285 952 inquit,
1414 936 1418 943 ¹

69 977 182 1017 meam
216 975 405 1025 exararem,
431 954 468 1012 ui
497 973 570 1011 eam
600 952 768 1011 const'lium
798 974 905 1012 meum
934 956 1018 1012 scale
1054 955 1287 1025 emisttinarem.

69 1036 162 1112 Hic,
184 1048 328 1121 quatuor
346 1034 492 1098 filiorum
514 1040 630 1116 pater,
650 1054 805 1116 supremo
827 1043 978 1117 tempore
1000 1034 1147 1097 homerio
1172 1030 1329 1097 eorumG

69 1118 115 1183 sd
138 1120 326 1203 sepulcrum
348 1118 434 1183 latus
455 1125 522 1180 est:
545 1117 725 1203 exquibus
747 1125 814 1183 tres
835 1117 1044 1193 Consulares,
1066 1140 1168 1182 unum
1189 1118 1289 1185 etiam
1332 1150 1335 1163 ·

69 1202 337 1289 triumphantem
365 1198 460 1267 vidit.

494 1348 722 1413 CAPUT
763 1349 866 1412 LXII.

375 1489 409 1542 Q.
433 1486 596 1529 etaemus
616 1486 776 1530 uersutus
796 1490 986 1535 uuutmcus.

119 1622 280 1701 Quinctus
302 1617 462 1683 Caecilius
481 1617 631 1681 Metellus
654 1618 869 1695 Numidicus,
892 1624 949 1704 qui
971 1623 1012 1685 de
1031 1620 1193 1707 Iugurtha
1213 1643 1293 1708 rege

69 1706 313 1785 triumphavit,
346 1704 470 1765 Censor
491 1703 705 1781 Quinctium,
737 1703 793 1786 qui
816 1726 850 1766 se
872 1705 1000 1768 Tiberii
1022 1706 1165 1769 Gracchi
1187 1704 1298 1781 fluum

69 1790 307 1863 mentiebatur,
330 1789 364 1849 in
386 1808 516 1848 censum
537 1808 605 1847 non
627 1784 764 1868 recepit.
797 1785 888 1850 Idem
910 1791 943 1851 in
963 1789 1068 1874 legem
1082 1788 1334 1873 Appuleium?

69 1894 136 1957 per
156 1873 220 1933 rim
243 1871 362 1943 latam,
388 1870 498 1930 iurare
519 1869 646 1931 noluit:
671 1890 772 1953 quare
792 1871 826 1932 in
849 1873 996 1936 exsilium
1016 1881 1117 1946 actus,
1133 1875 1291 1956 Smyrnae

69 1955 245 2033 exsulavit.
289 1953 413 2017 Calidis
435 1952 553 2014 deinde
573 1954 747 2037 rogatione
767 1966 950 2031 revocatus,
974 1980 1075 2039 quum
1094 1956 1181 2020 ludis
1202 1954 1334 2019 forted

69 2037 203 2101 litteras
223 2040 257 2098 in
278 2040 409 2099 theatro
432 2037 626 2117 accepisset,
650 2058 716 2113 non
737 2037 830 2113 prius
852 2060 905 2101 eas
924 2040 1036 2125 legere
1056 2040 1208 2118 dignatus
1228 2048 1300 2114 est,-

69 2144 175 2205 quam
195 2121 412 2201 spectaculum
435 2117 597 2179 finiretur.
639 2118 806 2193 Metellae,
831 2121 957 2185 sororis
978 2144 1066 2195 suae,
1087 2123 1198 2186 virum
1215 2120 1333 2199 lau-4

70 2208 156 2272 dare
176 2205 304 2280 noluit,
327 2203 417 2291 quod
438 2202 466 2265 is
487 2201 576 2265 solus
598 2201 757 2267 iudicium
781 2213 898 2289 eontra
917 2205 1004 2293 leges
1026 2205 1236 2272 detrectarat.

487 2382 716 2449 CAPUT
756 2382 877 2447 txnr.

525 2490 559 2543 Q·
583 2487 741 2531 uersutus
763 2484 847 2532 erus.

118 2625 280 2704 Quinam
300 2618 451 2691 nerana
469 2619 562 2693 raus,
583 2604 759 2679 Numidici
775 2620 872 2696 alsus,
895 2600 986 2692 raas,
1001 2622 1078 2705 qun
1098 2632 1225 2706 pare„
1239 2622 1294 2685 1..

75 2710 191 2772 crimis
213 2716 245 2770 et
265 2704 419 2789 precibus
440 2703 567 2765 assidue
588 2702 645 2781 [ab
667 2700 800 2845 exsilio}
819 2703 1008 2777 revocavit,
1040 2704 1182 2771 Praetor
1201 2705 1290 2772 bello
1336 2708 1339 2713 '

75 2791 193 2853 sociali
226 2794 266 2869 Q.
290 2785 525 2866 Pompedium,
560 2786 745 2845 Marsorum
803 2809 916 2860 neem,
950 2787 1127 2851 interfecit.
1170 2790 1292 2855 Consul
1313 2808 1334 2850 2

76 2875 113 2937 in
142 2874 296 2955 Hispania
329 2868 522 2939 lkrculeios
551 2870 669 2929 fratres
702 2872 886 2948 oppressit:
921 2869 1106 2931 Sertorium
1134 2875 1292 2959 Hispania

69 2958 218 3045 'expulit
261 2953 457 3017 Adolescens
481 2950 699 3034 inpetitione
718 2946 893 3034 praetdrae
914 2962 947 3017 et
972 2953 1183 3038 pontificatus
1209 2946 1335 3020 con-3

79 3041 241 3106 sularibus
266 3039 347 3104 viris
368 3035 534 3119 praelatus
558 3042 617 3096 est.

475 3214 704 3281 CAPUT
745 3210 865 3274 LXIV.

499 3320 641 3363 ‘tlemus
665 3317 838 3360 enecans.

120 3447 274 3509 Tiberius
297 3447 476 3523 Gracchus,
499 3440 647 3511 Africani
668 3467 708 3508 ex
728 3442 795 3508 filia
816 3462 932 3526 nepos,
955 3444 1120 3523 Quaestor
1139 3444 1292 3508 Mancino

74 3526 117 3590 'in
138 3530 313 3611 Hispania,
335 3531 450 3595 foedus
472 3532 541 3593 eius
562 3531 761 3615 flagitiosum
781 3527 948 3611 probavit.
988 3528 1176 3591 Periculum
1198 3527 1294 3590 dedi·
1315 3550 1337 3591 a

79 3613 182 3676 tionis
204 3610 407 3694 eloquentiae
436 3617 540 3699 gratia
564 3615 686 3698 effugit.
730 3614 898 3675 Tribunus
928 3610 1036 3692 plebis
1066 3610 1171 3692 legem
1194 3608 1339 3683 tulit,3

75 3696 217 3843 {titt
242 3695 527 3861 Phthisi.
540 3694 1008 3861 *ttzttltittnigttffi
1031 3690 1341 3836 iiiigiuiith'ai

74 3858 120 3926 sle
142 3862 289 3935 familia,
312 3881 396 3945 quae
418 3881 456 3922 ex
477 3861 579 3923 Attali
603 3863 786 3925 hereditate
807 3867 898 3928 erat,
921 3866 1093 3941 ageretur,
1117 3867 1150 3919 et
1169 3860 1296 3939 populo

74 3942 296 4010 divideretur.
343 3943 469 4006 Deinde
497 3968 597 4029 quum
626 3963 812 4029 prorogare
840 3942 910 4002 -sibi
944 3949 1139 4019 potestatem
1174 3940 1338 4015 vellet,6

70 4031 224 4092 adversis
246 4026 401 4109 auspiciis
432 4029 466 4090 in
487 4029 657 4113 publicum
679 4025 860 4111 processit,
893 4024 1066 4107 statimque
1097 4024 1296 4106 Capitolium

69 4114 200 4190 petiit,
230 4132 362 4175 manum
392 4111 433 4172 ad
464 4119 562 4195 caput
592 4114 758 4184 referens3
796 4129 862 4191 quo
893 4103 1029 4167 salutem
1057 4127 1147 4170 suam
1168 4105 1295 4189 populo

69 4197 343 4258 commendabat.
387 4195 462 4256 Hoc
482 4195 637 4259 nobilitas
659 4196 705 4257 itu
727 4193 874 4273 accepit,
897 4190 989 4272 quasi
1005 4186 1152 4251 diadema
1176 4210 1296 4271 posce-
1316 4209 1338 4273 7

69 4288 157 4341 ret:
184 4281 388 4362 segniterque
410 4287 555 4340 cessante
583 4278 696 4341 Mucio
728 4275 889 4348 Consule,
919 4270 1033 4354 Scipio
1061 4273 1177 4359 Nasica
1206 4272 1299 4356 sequi

71 4378 116 4424 ne
141 4361 252 4435 iussis,
274 4365 330 4446 qui
352 4362 474 4425 salvam
494 4361 741 4440 Rempublicam
762 4358 903 4430 vellent,
929 4354 1113 4417 Gracchum
1137 4354 1171 4414 in
1194 4354 1300 4436 Capi·

69 4444 202 4508 lolium
220 4456 409 4526 persecutns
432 4446 608 4529 oppressit.
654 4444 752 4506 Cuius
768 4462 889 4524 corpus
902 4439 1047 4503 Lucretii
1063 4437 1187 4499 Aedilis
1202 4459 1298 4498 manu
1320 4436 1341 4498 8

76 4526 117 4593 iu
142 4527 291 4590 Tiberim
312 4531 468 4604 missum,
492 4529 578 4592 unde
599 4527 656 4591 ille
676 4526 826 4609 Vespillo
850 4525 967 4586 dictus.
1010 4522 1125 4583 Nasica
1148 4528 1184 4581 ut
1205 4520 1299 4581 iuri·
1322 4540 1354 4600 c,

75 4610 157 4679 diae
176 4611 439 4689 subtraheretur,
458 4636 522 4701 per
540 4611 684 4702 speeiem
696 4608 875 4705 legationis
883 4606 927 4673 -in
941 4607 1060 4676 tisiam
1067 4604 1247 4690 ablegatus
1258 4610 1331 4662 est.

914 4715 961 4787 ²3
