2850 4958
99 296 170 383 ¹74
578 274 821 357 adracen

99 443 330 529 sexageslmum
348 462 490 517 nonum,
511 441 643 526 imperii
663 464 797 518 nonum,
821 449 854 506 et
874 439 963 507 dlem
984 436 1164 522 septimum
1176 454 1192 499 :.
1209 438 1293 520 atque

99 530 187 591 inter
206 527 307 589 Divos
328 525 447 589 relatus
468 534 525 587 est.
570 528 759 589 Genituram
772 528 917 590 filiorum
932 525 978 585 ita
994 521 1163 605 cognitam
1178 519 1289 595 hahuit,

99 620 158 686 ut,
180 631 279 693 quum
300 608 419 671 multae
440 617 554 671 contra
576 630 650 671 eum
670 611 912 673 coniurationes
934 608 1068 681 fierent,
1102 624 1187 686 quas
1206 613 1292 686 pate-

98 697 199 755 factas
226 693 347 776 ingenti
374 692 629 754 dissimulatione
660 696 853 768 contemsit,
883 693 919 754 in
938 692 1059 755 Senatu
1080 686 1229 761 dixerit,
1245 696 1294 749 ost

85 778 182 857 fisos
199 776 263 837 sibi
279 797 497 848 successuros,
522 787 582 837 aut
604 782 768 838 neminem.

64 862 72 879 ⁸
116 877 231 939 -XXL
260 878 344 939 Huic
375 898 502 941 rrrus
535 877 619 938 filius
649 879 817 953 successit,
848 881 905 963 qui
932 886 965 940 et
995 876 1064 961 ipse
1086 873 1291 953 Vespasium

28 972 34 981 ‘
101 970 151 1022 est
179 960 306 1035 dIctus,
338 960 390 1021 vir
419 962 562 1022 omnium
597 961 755 1022 virtutum
787 978 905 1045 genere
934 958 1096 1023 mirahiIis
1132 958 1236 1031 adeo,
1262 960 1289 1017 ct
1337 975 1339 986 ·

100 1066 196 1105 amor
233 1056 264 1104 et
296 1044 431 1104 deliciae
462 1042 594 1104 humani
621 1049 750 1126 generis
787 1047 963 1109 diceretur.
1016 1040 1286 1111 Facundissimus,
1337 1062 1339 1095 a

99 1126 385 1198 bellicosissimus,
417 1126 703 1189 moderatissimus.
752 1127 883 1191 Caussas
913 1128 1013 1197 latine
1036 1126 1124 1207 egit;
1157 1128 1289 1206 poemata
1336 1142 1339 1181 ε

102 1220 136 1271 et
157 1209 338 1291 tragoedias
360 1230 473 1292 graece
494 1211 690 1290 composuit.
732 1207 771 1270 In
794 1212 1036 1296 oppugnatione
1057 1206 1289 1289 Hierosolymo·
1334 1226 1339 1262 ε

100 1314 176 1355 rum
200 1293 258 1353 suh
280 1303 373 1373 patre
393 1292 550 1366 militans,
572 1294 636 1354 XII
656 1303 918 1377 propugnatores
940 1295 1004 1356 XII
1021 1293 1217 1374 sagittarum
1230 1286 1289 1349 isti-
1333 1308 1339 1368 1

100 1376 162 1437 hus
185 1375 332 1437 confixit.
373 1375 495 1436 Romae
516 1384 624 1437 tantae
650 1377 817 1441 civilitatis
837 1381 871 1439 in
892 1376 1032 1459 imperio
1054 1375 1137 1449 fuit,
1172 1368 1288 1433 utnul-
1333 1391 1339 1429 1

100 1458 169 1520 lum
193 1459 325 1519 omnino
347 1459 498 1539 puniret:
529 1459 696 1519 convictos
720 1458 888 1522 adversum
910 1480 978 1522 sese
999 1456 1239 1520 coniurationis
1254 1452 1304 1514 ita-
1333 1474 1339 1511 s

102 1541 283 1615 dimiserit,
305 1551 342 1601 ut
364 1543 397 1603 in
419 1540 528 1601 eadem
549 1540 792 1619 familiaritate,
815 1567 878 1628 qua
898 1552 1011 1615 antea,
1032 1539 1203 1603 habuerit.
1240 1536 1289 1597 Fa-

102 1624 236 1686 cilitatis
257 1633 364 1685 tantae
393 1625 457 1685 fuit
479 1634 511 1684 et
530 1622 758 1700 liberalitatis,
788 1636 826 1689 ut
849 1626 931 1688 nulli
953 1623 1132 1709 quidquam
1153 1626 1304 1705 negaret:¹
1330 1632 1339 1694 1

103 1717 136 1769 ct
156 1728 256 1790 quum
280 1708 320 1769 ab
342 1708 453 1768 amicis
473 1707 788 1788 reprehenderetur,
810 1708 1003 1793 respondit,
1031 1707 1155 1767 nullum
1185 1706 1302 1767 tristent.
1329 1740 1339 1763 a

102 1791 214 1850 debore
233 1788 274 1849 ab
294 1794 494 1869 Imperatore
514 1791 686 1851 discedere.
724 1790 897 1854 Praeterea
918 1812 1019 1874 quum
1040 1787 1186 1872 quodam
1206 1784 1305 1865 dieis¹
1335 1793 1339 1843 ἐ

103 1894 204 1934 coena
226 1873 415 1934 recordatus
435 1873 571 1945 fuisset,
601 1871 686 1933 nihil
706 1893 741 1933 se
761 1873 819 1935 illo
842 1876 895 1937 die
916 1875 1066 1956 cuiquam
1088 1869 1290 1953 praestitisse,
1336 1875 1339 1925 ἱ

104 1955 207 2016 dixit:
238 1959 352 2027 amici,
380 1953 475 2015 hodie
502 1954 587 2015 diem
611 1954 748 2034 perdidi.
792 1958 856 2019 Hic
887 1958 1008 2019 Romae
1030 1952 1293 2037 amphitheatrum
1332 1990 1336 1997 -

103 2037 307 2109 aedificavit,
330 2046 362 2097 et
379 2038 523 2121 quinque
542 2036 645 2097 millia
664 2038 805 2101 ferarum
824 2039 1075 2101 in-dedicatione
1091 2037 1162 2098 eius
1179 2032 1293 2098 occidit.
1333 2086 1336 2091 .

143 2139 250 2202 XXII.
287 2138 353 2199 Per
381 2137 461 2199 haec
490 2137 644 2199 inusitato
669 2140 783 2205 favore
807 2141 966 2215 dilectus,
998 2139 1117 2201 morbo
1150 2134 1293 2220 pertitio

103 2242 161 2294 ea,
184 2243 247 2305 qua
276 2230 389 2302 pater,
419 2220 518 2295 villa,
542 2230 618 2302 post
641 2221 830 2299 biennium,
855 2243 978 2286 menses
1008 2232 1108 2298 octo,
1134 2223 1207 2284 dies
1228 2218 1291 2291 Π,

102 2326 204 2387 quam
229 2305 414 2386 Imperator
438 2312 508 2364 erat
531 2302 656 2377 factus,
689 2308 801 2368 aetatis
832 2330 915 2370 anno
942 2307 1044 2368 altero
1070 2314 1103 2366 et
1126 2304 1295 2389 quadrage·

102 2390 200 2450 simo.
243 2388 364 2449 Tantus
387 2385 492 2447 luctus
516 2406 554 2446 eo
580 2396 711 2448 mortuo
737 2390 888 2471 publicus
911 2391 996 2465 fuit,
1026 2396 1063 2448 ut
1089 2410 1204 2450 ornnes
1226 2396 1296 2446 tam·

105 2494 203 2555 vam
227 2472 259 2532 in
281 2470 417 2553 propria
442 2470 608 2531 doluerint
634 2472 787 2534 orbitate.
828 2473 963 2534 Senatus
988 2472 1081 2533 obitu
1103 2470 1296 2554 ipsiuscirct

103 2575 272 2635 vesperam
294 2553 466 2626 nuntiato,
489 2561 585 2613 nocte
605 2553 726 2636 irrupit
746 2556 779 2617 iu
803 2558 944 2630 curiam,
969 2565 1001 2617 et
1014 2558 1118 2614 tantas
1133 2556 1165 2616 ei
1181 2560 1296 2615 mortuo

106 2636 217 2699 laudes
243 2639 425 2719 gratiasque
448 2637 629 2717 congessit,
660 2647 793 2718 quantas
817 2661 878 2701 nec
901 2640 974 2702 sivo
1000 2659 1155 2722 umquam
1182 2640 1296 2721 egerat,

107 2741 167 2781 nec
191 2721 362 2803 praesenti.
405 2719 496 2779 Inter
518 2720 619 2783 Divos
641 2721 761 2783 relatus
788 2731 848 2783 est.

148 2838 273 2903 XXIII.
303 2850 577 2903 contarenus
606 2863 683 2904 mox
710 2842 837 2923 accepit
858 2843 1053 2924 imperium,
1083 2841 1193 2902 frater
1213 2838 1303 2922 ipsius·

107 2924 241 2998 iunior:
265 2923 411 2996 Neroni,
434 2934 490 2986 aut
511 2924 695 3007 Caligulae,
717 2935 773 2988 aut
793 2926 928 2987 Tiberio
956 2923 1117 2995 similior,
1138 2946 1238 3006 quarn
1251 2943 1302 3005 ps·

109 3008 154 3070 tri
179 3007 230 3071 vel
258 3008 353 3069 fratri
383 3028 453 3069 suo.
496 3008 616 3069 PrImis
644 3018 750 3070 tauma
772 3010 864 3070 annis
890 3008 1076 3069 moderatus
1106 3007 1140 3066 in
1173 3004 1299 3086 imperio

107 3091 194 3163 fuit:
216 3113 292 3153 mox
314 3090 353 3153 ad
376 3091 517 3172 ingentia
550 3092 628 3153 vitia
658 3112 869 3175 progressus,
900 3090 1069 3164 libidinis,
1101 3089 1302 3158 iracundiae.

111 3173 330 3246 crudelitatis,
353 3174 506 3234 avaritiae
527 3182 651 3235 tantum
673 3176 705 3234 in
727 3197 760 3235 se
784 3175 850 3235 odii
876 3173 1068 3245 concitavit,
1090 3181 1129 3231 ut
1149 3174 1304 3234 meritust

109 3257 213 3340 patris
236 3265 267 3317 et
287 3256 398 3315 fratris
416 3255 573 3319 aboleret.
616 3257 786 3317 Interfecit
806 3256 1025 3317 nobilissimos
1040 3274 1078 3317 ex
1091 3254 1233 3316 Senatu:
1250 3252 1305 3313 dc-

110 3340 234 3400 mioum
253 3357 287 3397 sc
308 3346 341 3395 et
361 3340 465 3398 Deum
485 3340 609 3419 primus
629 3338 786 3419 appellari
810 3339 918 3412 iussit3
940 3339 1060 3401 nullam
1081 3338 1145 3399 sibi
1164 3339 1229 3400 nisi
1245 3358 1310 3397 asu-2

110 3441 200 3482 ream
224 3426 256 3479 et
281 3426 464 3500 argenteam
494 3428 631 3481 statuam
652 3423 684 3482 in
708 3420 869 3502 Capitolio
890 3424 971 3503 poni
992 3438 1102 3505 passus
1127 3431 1198 3481 est:
1232 3440 1306 3482 ooa-

111 3502 262 3565 sobrinos
294 3520 369 3561 suos
401 3500 591 3564 interfecit:
621 3503 773 3584 superbia
802 3510 933 3586 quoque
966 3506 1000 3566 in
1032 3526 1070 3566 eo
1107 3501 1308 3566 exsecrabilis

110 3585 186 3647 fuit.
227 3582 458 3666 Expeditiones
488 3594 631 3665 quatuor
656 3585 793 3648 habuit:
823 3609 919 3648 unam
939 3587 1108 3649 adversum
1129 3586 1310 3658 Sarmatam

113 3667 248 3729 alteram
282 3667 451 3737 adversum
487 3670 615 3741 Cattos:
653 3670 731 3732 duas
762 3668 931 3732 adversum
960 3674 1079 3734 Dacos.
1131 3673 1186 3732 De
1218 3670 1310 3731 Daoit
1337 3724 1339 3729 .

113 3751 278 3834 Cattisque
299 3748 461 3830 duplicem
483 3750 687 3836 triumphum
708 3754 790 3837 egit:
821 3754 862 3815 de
883 3752 1038 3815 Sarmatis
1052 3755 1155 3817 solam
1169 3752 1334 3817 lauressa·

111 3834 305 3918 usurpavit..
333 3832 451 3901 Multas
479 3844 586 3897 tamen
609 3836 804 3899 calamitates
834 3836 948 3899 iisdem
979 3837 1073 3900 bellis
1108 3859 1225 3921 passus
1252 3842 1307 3897 est.

111 3916 194 3979 Nam
225 3918 259 3979 in
281 3915 446 3989 Sarmatia
475 3916 561 4003 legio
594 3920 662 3982 eius
687 3940 760 3981 cum
789 3920 877 3985 ‹luce¹
899 3921 1087 3995 interfecta,
1117 3928 1151 3982 et
1179 3944 1200 3982 a
1217 3916 1312 3981 Dacis

113 3999 243 4081 Oppius
263 3999 417 4074 Sabinus,
440 4000 646 4075 Consularis,
681 4012 713 4063 et
743 4002 912 4065 Cornelius
947 4003 1087 4076 Fuscus,
1124 4003 1314 4066 Praefectus

110 4082 302 4168 praetorio,
332 4105 406 4145 cum
426 4087 547 4169 magnis
573 4085 769 4147 exercitibus
791 4086 889 4148 occisi
911 4096 996 4149 sunt.
1039 4088 1162 4148 Romae
1183 4102 1314 4171 quoque

111 4164 214 4227 multa
242 4184 340 4247 opera
366 4167 460 4227 fecit:
494 4169 528 4230 in
552 4166 604 4228 his
627 4168 842 4250 Capitolium,
866 4176 898 4229 et
919 4169 1041 4231 Forum
1065 4171 1312 4240 transitorium,

115 4248 260 4321 Odeum,
295 4247 455 4311 Diuorum
485 4251 651 4332 porticus,
689 4252 817 4325 Iseum,
851 4249 1045 4333 Serapeum,
1081 4275 1119 4313 ac
1154 4252 1311 4315 Stadium.

113 4332 239 4393 Verum
261 4352 359 4412 quum
380 4334 423 4393 oh
444 4332 563 4394 scelera
587 4333 742 4396 universis
764 4355 878 4395 exosus
904 4356 970 4395 esse
995 4336 1177 4417 coepisset,
1212 4338 1313 4397 inter·

112 4416 216 4477 fectus
245 4421 292 4474 est
321 4436 453 4475 suorum
481 4417 708 4479 coniuratione
734 4418 767 4477 ia
792 4415 934 4498 palatio,
966 4441 1049 4480 anno
1078 4423 1197 4483 aetatis
1218 4414 1314 4481 XLV.

112 4496 242 4579 imperii
268 4498 381 4578 quinto
402 4496 541 4558 decimo.
584 4500 692 4561 Funus
719 4499 787 4561 eius
815 4521 888 4562 cum
918 4500 1040 4581 ingenti
1070 4501 1235 4569 dedecore
1257 4518 1313 4588 per

113 4579 306 4667 vespillones
326 4588 535 4668 exportatum
555 4590 588 4643 et
607 4579 797 4667 lgnohilitcr
821 4591 870 4645 est
891 4584 1064 4668 sepultum.
