2850 4958
221 230 602 357 *carcacensis
625 275 750 353 aon.
767 274 885 357 losa.
909 280 1008 377 aa
1182 283 1252 383 ¹9⁵

48 437 260 518 detulerunt3
281 462 385 524 usque
404 462 466 517 eo,
487 451 525 504 at
546 442 665 522 etiam,
688 464 787 526 qaum
805 439 877 503 aliis
898 441 972 504 Diis
990 440 1187 506 sacrificium
1207 444 1256 521 fit,

47 513 130 592 dato
150 533 224 585 ture
245 525 280 586 in
302 525 427 598 altaria,
451 528 547 587 lanus
566 526 662 606 prior
675 526 875 598 nominetur,
891 535 1107 608 cognomento
1126 550 1261 611 quoque

49 607 166 669 addito
187 607 308 682 Pater,
331 607 505 669 secundum
528 609 617 690 quod
639 618 751 670 noster
772 611 1022 690 [cognomento]
1044 610 1091 672 sic
1112 610 1242 673 intulit:

92 697 189 752 Hanc
208 697 307 752 Ianus
326 699 442 765 Pater,
466 691 549 753 lianc
562 697 717 752 Saturnus
736 693 879 753 condidit
891 713 1019 752 arcem:
1042 712 1080 755 ao
1093 692 1260 761 subinditt

93 775 274 834 Ianiculum
298 771 393 849 buis,
413 776 593 853 illijuerut
610 779 764 834 Saturnio
785 788 915 835 tremene

48 855 237 1018 qiqaq,[(po
260 857 350 941 quod
372 857 455 920 mire
480 857 741 943 praeteritorum¹
757 877 905 931 memor,
937 865 1008 932 tum
1037 859 1136 924 etium
1153 860 1259 925 futuri

54 986 58 997 .
82 948 127 977 *¹
214 941 333 1001 exerit:
526 971 528 975 >

405 1029 482 1084 Rex
505 1043 585 1085 arva
607 1026 745 1084 Latinus
766 1033 800 1085 et
822 1025 916 1089 nrbes

93 1108 167 1166 Iam
183 1107 291 1165 senior
308 1104 408 1186 longo
423 1105 572 1186 placidos
595 1110 629 1165 in
646 1127 729 1186 pace
747 1109 897 1188 regebat:

50 1206 120 1271 quo
144 1196 298 1266 regnante
318 1186 481 1249 Troianos
502 1190 604 1251 refert
619 1188 744 1250 ltaliam
760 1190 937 1253 devenisse.
968 1190 1159 1270 Quaeritur,
1179 1213 1261 1278 quo-

9 1302 36 1331 ,·
52 1270 154 1333 modo
174 1269 345 1332 Sallustius
372 1270 476 1334 dicat:
513 1275 649 1354 Curaeque
669 1269 718 1332 lu's
738 1273 953 1356 Aborigines,
975 1297 1078 1357 genus
1097 1274 1261 1339 bantinum

9 1370 13 1375 '
50 1366 202 1436 agreste,
223 1351 291 1413 sine
309 1353 453 1436 legibus,
475 1360 543 1414 sine
564 1357 716 1434 imper-ab,
738 1357 875 1417 liberum
894 1369 991 1438 atque
1010 1357 1187 1440 solutuml]

13 1468 28 1501 ς
96 1436 158 1496 IV.
182 1435 322 1513 Quidam
350 1445 455 1496 autem
484 1437 637 1508 traduat,
665 1439 763 1499 terris
785 1438 909 1501 diluvio
932 1441 1120 1520 coopertis,
1140 1440 1261 1522 passim

10 1520 37 1545 '⁵
50 1519 175 1580 multos
197 1518 396 1579 diversarum
417 1520 587 1601 regionum
610 1521 642 1579 in
663 1522 846 1593 montibus,
869 1523 909 1582 ad
930 1544 1012 1602 quos
1033 1525 1261 1604 confugerant,

10 1546 261 1735 [constitissoe
295 1622 333 1661 ex
361 1603 479 1682 quibus
500 1602 656 1685 quosdam
677 1603 1014 1685 sedcm'quaerentes,
1036 1613 1207 1685 pervectos
1227 1605 1262 1666 in

10 1738 25 1749 2
52 1680 206 1757 Italiam,
242 1683 438 1766 Aborigines
470 1685 669 1766 appellatos,
710 1686 951 1768 appellatione,
988 1710 1005 1745 a
1042 1688 1263 1748 cacuminibus

10 1774 35 1829 Τ.
54 1768 230 1840 montium,
249 1789 332 1849 quae
352 1770 475 1828 Graeca
495 1769 620 1828 scilicet
638 1768 685 1827 illi
708 1767 765 1851 ὄρη
787 1778 915 1831 vocant.
957 1765 1022 1830 Alii
1044 1769 1169 1842 volunt,
1193 1786 1303 1845 eom

10 1878 12 1883 ·
53 1849 146 1933 quod
172 1859 316 1910 errantes
339 1850 396 1912 illo
420 1852 587 1922 venerint,
610 1852 718 1929 primo
753 1852 983 1934 Aberrigines,
1014 1863 1108 1933 post,
1139 1860 1262 1915 mutata

10 1986 19 1995 .
54 1954 118 1994 una
138 1932 269 2005 littera,
292 1931 393 1995 altera
414 1932 552 2006 ademta,
573 1933 769 2015 Aborigines
795 1934 1052 2015 cognominatos.
1089 1933 1304 1997 Eosadved

54 2016 180 2078 aientes
201 2015 298 2076 Picus
321 2017 460 2097 excepit,
482 2016 656 2098 permissos
677 2017 798 2088 vivere,
820 2026 857 2078 ut
878 2015 1007 2079 vellent.
1047 2017 1129 2080 Post
1147 2019 1261 2081 Picum
1282 2019 1306 2096 4

10 2122 30 2177 t,
54 2098 204 2183 regnavit
224 2098 257 2158 iu
276 2098 370 2161 Italia
395 2101 543 2170 Faunus,
567 2119 662 2181 quem
683 2121 702 2158 a
723 2100 821 2160 fando
850 2100 973 2162 dictum
1003 2101 1139 2174 volunt,
1172 2101 1263 2184 quod

55 2181 84 2243 is
114 2180 198 2242 solet
228 2182 337 2242 futura
366 2184 556 2264 praecinere
583 2183 750 2255 versibus,
787 2205 869 2266 quos
899 2183 1070 2263 Saturnios
1102 2185 1262 2259 dicimur,

10 2300 28 2315 ·-
55 2264 147 2348 quod
178 2285 277 2342 genus
307 2267 401 2327 metri
427 2267 458 2326 in
480 2265 711 2326 vaticinatione
738 2264 909 2328 Saturniae
929 2267 1071 2348 primum
1092 2268 1262 2347 proditum
1301 2318 1309 2327 ,.

10 2336 115 2427 fest.
157 2345 236 2426 [Sed
258 2346 371 2409 urbem
392 2348 561 2420 Saturnus,
579 2370 678 2430 qaum
700 2348 733 2408 in
755 2350 882 2409 Italiam
902 2351 1056 2423 venisset,
1080 2350 1264 2413 condidisse
1284 2346 1303 2411 5

10 2426 28 2481 5'
56 2430 226 2509 traditan]
268 2430 345 2491 Eius
366 2432 414 2492 rei
434 2431 557 2492 Ennius
579 2432 667 2492 testis
690 2439 756 2502 est,
780 2453 880 2514 quum
901 2433 968 2492 ait:
1283 2443 1285 2460 '

10 2548 20 2583 ς
104 2514 260 2585 Versa'bu⁸,
283 2535 361 2597 qnos
381 2516 458 2573 clim
483 2519 585 2574 Foum'
601 2526 749 2593 vatesque
771 2516 937 2574 currebant.
1250 2564 1253 2569 ,

10 2608 26 2671 ς’
52 2595 155 2657 =Hunc
176 2598 322 2658 Faunum
343 2594 492 2678 plerique
515 2595 649 2655 eundem
674 2596 838 2657 Silvanum
861 2620 879 2657 a
900 2596 1001 2669 silvis,
1022 2593 1140 2657 Inuum
1155 2595 1264 2672 deum
1285 2597 1307 2661 6

57 2678 191 2763 quidam
216 2677 313 2738 etiam
333 2679 421 2739 Pana
443 2676 494 2737 vel
513 2677 581 2738 Pan
604 2699 670 2738 esse
691 2679 854 2739 dixerunt.

104 2761 145 2824 V.
165 2760 271 2843 Igitur
291 2768 446 2842 regnanto
467 2761 592 2831 Fauno,
615 2769 688 2819 ante
709 2765 809 2821 annos
830 2761 963 2822 circiter
977 2759 1151 2841 sexaginta,
1167 2782 1266 2842 quam

57 2841 184 2904 Aeneas
206 2842 240 2902 in
262 2842 387 2907 Italiam
411 2843 614 2913 ‹tannetar,
637 2842 786 2904 Evander
807 2845 927 2914 Arcas,
951 2843 1106 2906 Mercurii
1130 2853 1161 2905 et
1184 2846 1266 2905 Car·

10 2972 32 3011 .·
56 2928 178 2987 mentis
198 2924 502 3008 Nymphaeiilius,
535 2924 631 2985 simul
654 2947 728 2984 cum
759 2936 862 2986 matre
893 2925 1009 2985 eodem
1032 2925 1135 2984 venit:
1168 2944 1306 3007 quam·
1342 2925 1345 2930 ’

21 3008 27 3083 Ϊ
59 3009 196 3090 quidam
223 3009 400 3070 memoriae
427 3007 647 3089 prodiderunt
668 3007 777 3087 'primo
801 3008 995 3069 Carmentirn
1023 3006 1164 3077 dictam,
1191 3017 1269 3086 post

20 3102 25 3141 2
57 3094 279 3163 Nicostraten,
304 3090 344 3151 de
365 3076 574 3165 c'arminibus,
598 3110 636 3151 eo
652 3090 741 3170 quod
756 3091 908 3152 videlicet
922 3090 1068 3150 omnium
1081 3088 1269 3151 litterarum

10 3180 26 3255 p
58 3175 279 3260 peritissima,
311 3174 565 3256 futurorumque
585 3173 749 3253 prudens,
779 3174 925 3236 versibus
947 3193 1062 3235 canere
1083 3170 1126 3231 sit
1146 3170 1265 3232 solita:

14 3248 35 3343 p*
51 3259 143 3321 adeo
165 3267 201 3319 ut
219 3255 371 3340 plerique
390 3257 512 3330 velint,
537 3278 605 3317 non
624 3263 689 3315 tam
713 3257 815 3338 ipsum
835 3280 852 3318 a
875 3255 1017 3319 carmine
1040 3255 1266 3329 Carmentem,

11 3350 22 3433 i
58 3364 159 3424 quam
182 3341 343 3412 carmina,
366 3360 384 3400 a
406 3362 471 3421 qua
492 3339 578 3400 dicta
602 3348 727 3414 esseut,
758 3339 930 3420 appellata.
972 3339 1078 3401 Huius
1099 3335 1311 3401 admonitub

11 3436 19 3509 t
56 3432 261 3486 transvectus
283 3423 316 3483 iu
338 3421 465 3485 Italiam
486 3422 647 3496 Evander,
671 3421 713 3484 ob
728 3422 923 3505 singularem
940 3422 1158 3484 eruditionem
1171 3432 1270 3507 utque

11 3548 13 3555 =
57 3508 231 3569 scientiam
250 3504 452 3576 litterarum,
479 3505 573 3567 brevi
595 3513 745 3587 tempore
774 3508 807 3567 in
831 3505 1085 3567 familiaritatem
1110 3503 1212 3568 Fauni
1235 3527 1270 3568 se

60 3590 260 3661 insinuavit,
288 3597 386 3671 atque
413 3590 454 3648 ab
484 3610 522 3649 eo
549 3589 757 3664 hospitaliter
782 3589 986 3670 benigneque
1008 3596 1181 3664 exceptus,
1203 3610 1272 3649 nou

30 3690 36 3697 ·
91 3693 201 3734 arvum
223 3671 291 3749 agri
312 3669 443 3732 modum
467 3671 507 3731 ad
529 3671 734 3732 incolendum
760 3672 907 3754 accepit,
930 3689 1027 3752 quem
1049 3670 1116 3728 suis
1135 3669 1272 3728 comiti-

59 3695 127 3820 bus
148 3753 334 3825 distribuit,
357 3753 572 3815 exaedificatis
593 3752 770 3815 domiciliis
791 3754 827 3814 iu
848 3774 888 3814 eo
911 3759 1033 3822 monte,
1049 3770 1144 3831 quem
1159 3747 1269 3825 primo

61 3849 134 3901 tum
158 3838 206 3899 illi
236 3835 421 3898 aPallaate
446 3826 670 3905 Pallanteum,
701 3841 815 3914 postea
836 3856 895 3896 uos
924 3831 1087 3894 Palatium
1109 3829 1269 3895 diximus:

48 3922 180 4004 -ibique
200 3919 281 3981 Pani
304 3917 365 3981 deo
387 3921 496 3979 fanum
517 3917 699 3988 dedicavit,
728 3913 852 3997 quippe
873 3918 901 3979 is
920 3911 1092 3979 tamssiari·
1114 3909 1273 3993 &mdiu

61 4005 145 4068 deus
167 4014 234 4078 eet,
258 4009 339 4063 teste
361 4001 457 4061 etiam
479 4001 636 4073 Marone,
659 3998 716 4084 qui
737 3997 802 4059 ait:

107 4095 202 4163 Pan,
225 4085 301 4148 deus
321 4083 507 4157 Arcadiae,
530 4093 661 4166 captam
680 4093 731 4157 te,
753 4083 849 4143 tuna
861 4076 1034 4160 ,fefellite

63 4171 221 4232 etitem:

111 4259 184 4314 Pan
203 4256 304 4314 en‘am
326 4249 474 4314 Arcadia
493 4271 617 4311 mecum
637 4251 669 4310 si
686 4247 791 4309 iudice
810 4252 932 4305 cantet.
1019 4259 1022 4264 ’

51 4334 200 4400 frimam
221 4338 264 4396 ita
292 4356 332 4395 ue
354 4334 498 4395 omnium
519 4332 670 4393 Evander
688 4330 822 4392 Italicos
838 4325 988 4388 homines
1007 4323 1119 4409 legere
1139 4333 1173 4386 et
1191 4325 1318 4406 seri-‘l

64 4421 150 4484 bere
171 4418 314 4491 edocuit,
328 4417 461 4487 litteris,
476 4415 597 4492 partim
619 4434 698 4498 quas
718 4413 787 4494 ipse
808 4419 901 4472 antea
926 4407 1104 4473 didicerat:
1127 4406 1277 4491 idemque

63 4504 179 4587 fruges
206 4502 239 4563 io
270 4501 407 4564 Graecia
436 4501 581 4580 primum
613 4499 757 4560 iuventas
780 4492 942 4566 ostendit,
970 4491 1165 4574 serendique
1186 4512 1278 4555 usum

62 4587 213 4660 mouit,
228 4592 402 4670 ueraeque
415 4582 612 4648 “colendae
622 4579 730 4667 gretia
744 4577 871 4666 primus
885 4578 985 4643 beree
1000 4575 1036 4641 iu
1049 4574 1149 4639 tutte
1159 4575 1286 4636 inanit„
1340 4604 1351 4625 x
