2850 4958
460 264 890 379 nn.‘·1v.oar.vn.
968 226 969 231 Ὺ
1205 285 1274 363 aas

71 449 171 515 uibus
201 448 269 513 sius
298 470 412 534 graves
442 450 568 513 Cassius
598 457 632 517 et
660 449 782 514 brutus
810 447 986 536 agitabant.
1001 462 1012 507 .·
1027 448 1068 525 ln
1093 445 1171 525 boo¹
1189 442 1322 511 velutb

70 534 189 597 foedus
209 553 273 616 pax
294 534 381 597 inter
400 542 466 597 tres
488 534 585 597 duces
607 533 830 617 componitur.
872 531 971 616 Apud
992 531 1198 600 Confluentes
1219 530 1280 593 in-

71 624 126 681 ter
152 617 257 681 Rheni
288 616 422 679 insulam
450 626 485 679 et
502 616 682 679 Bononiam
704 617 842 699 iungunt
862 636 994 692 manus3
1016 615 1177 679 exercitus
1197 628 1283 675 con·

71 700 227 761 salutant.
256 698 355 761 Nullo
377 701 467 762 bono
489 720 582 780 more
603 698 843 760 Triumviratus
856 699 1038 775 invaditur3
1062 706 1214 782 oppressa
1241 718 1283 758 ue

72 785 174 846 armis
193 782 391 865 Republica,
414 784 502 845 redit
514 781 650 866 ,sullana
670 782 889 866 proscriptio,-
910 784 1002 845 cuius
1022 783 1177 845 atrocitas
1196 719 1282 841 nibil

72 866 107 929 in
128 888 163 929 se
184 868 289 928 minus
310 866 429 941 habet,
460 888 557 951 quam
576 885 747 927 numerum
778 875 907 930 centum
935 866 1150 949 quadraginta
1172 862 1281 925 Sena·-

71 956 197 1011 torum.
239 949 353 1011 Exitus
375 949 485 1023 foedi,
508 960 636 1021 truces,
666 947 888 1023 miserabiles,
917 957 990 1012 toto
1012 960 1175 1011 terrarum
1198 943 1323 1022 orbed

73 1032 301 1116 fugientium..
325 1033 407 1111 Quis
432 1054 495 1115 pro
518 1031 675 1116 dignitate
695 1032 744 1093 rei
765 1053 832 1093 non
853 1032 1061 1114 ingemiscat,
1089 1052 1188 1114 quum
1210 1028 1282 1092 llu-

73 1118 185 1178 tonios
206 1116 341 1177 Lucium
364 1118 530 1178 Caesarem
547 1114 740 1177 avunculum
754 1132 863 1189 suum,¹
875 1116 1015 1198 Lepidus
1030 1116 1167 1177 Lucium
1179 1111 1282 1174 Paul·

72 1197 142 1261 lum
164 1221 257 1261 sunm
278 1200 413 1261 fratrem
435 1193 711 1281 proscripserint?
741 1198 862 1260 Romae
882 1200 989 1281 capita
1009 1219 1177 1261 caesorum
1196 1217 1282 1278 pro·
1301 1189 1322 1256 5

74 1303 200 1364 ponere
227 1283 260 1343 in
282 1282 408 1359 Rostris
429 1283 493 1344 iam
515 1284 668 1344 usitatum
693 1289 782 1355 erat3
813 1303 926 1344 verum
944 1283 991 1345 sic
1012 1303 1145 1367 quoque
1166 1278 1280 1341 civitas

75 1365 225 1429 lacrimas
255 1374 366 1426 tenere
391 1387 458 1427 non
488 1366 619 1447 potuit,
645 1384 749 1448 quum
774 1365 914 1430 recisum
938 1365 1104 1428 Ciceronis
1126 1369 1224 1445 caput
1247 1362 1282 1424 in

75 1448 141 1513 illis
162 1448 228 1509 suis
248 1448 374 1509 Rostris
395 1447 544 1523 videret,
575 1467 636 1510 nec
656 1447 753 1509 aliter
781 1446 824 1509 ad
853 1445 1028 1511 videndum
1061 1469 1156 1519 eum,
1184 1466 1282 1527 quam

74 1531 202 1596 solebat
228 1531 268 1593 ad
289 1530 503 1607 audiendum,
525 1540 789 1593 concurreretur.
833 1532 923 1593 Haec
951 1532 1072 1593 scelera
1093 1530 1127 1591 in
1147 1527 1283 1589 Antonii
1302 1524 1323 1590 6

75 1613 258 1697 Lepidique
283 1612 416 1676 tabulis.
457 1615 575 1677 Caesar
603 1613 851 1693 percussoribus
881 1614 985 1695 patris
1014 1619 1184 1675 contentus
1205 1610 1281 1671 fait.

75 1699 166 1763 Haec
186 1718 338 1782 quoque,
365 1696 429 1761 uisi
450 1697 551 1770 multa
572 1699 706 1772 fuisset,
734 1697 834 1759 etiam
853 1694 937 1759 iusta
958 1695 1071 1759 caedes
1090 1694 1282 1760 haberetur.

506 1893 898 1975 carurvn.¹

468 2046 590 2093 utlaii!
612 2048 711 2094 Cum
731 2047 770 2092 ΞΤ
790 2047 897 2093 sumt.

114 2182 237 2245 Brutus
259 2190 292 2246 et
311 2183 436 2249 Cassius
456 2188 506 2250 sic
526 2189 562 2252 C.
587 2188 771 2263 Caesarem,
801 2185 892 2271 quasi
913 2183 1130 2270 Tarquinium
1149 2204 1281 2272 regem,
1305 2205 1321 2250 r

70 2263 241 2353 depulisse
262 2288 363 2352 regno
385 2270 596 2348 videbantur·,
618 2271 675 2334 sed
694 2271 892 2342 libertatem,
915 2292 1012 2354 qnam
1032 2269 1170 2331 maxime
1184 2271 1285 2333 resti·
1413 2262 1421 2273 ³

69 2357 181 2411 tutam
202 2350 398 2428 voluerunt,
420 2353 479 2416 illo
504 2356 574 2437 ipso
595 2353 776 2438 parricidio
798 2352 1025 2438 perdiderunt.
1059 2352 1165 2435 Igitur
1185 2353 1324 2416 caeder

69 2433 233 2515 perfecta,
256 2456 357 2521 quum
376 2446 546 2500 veteranos
570 2439 725 2512 Caesaris,
747 2438 1007 2511 necimmerito,
1029 2435 1193 2509 timerent,
1215 2443 1285 2496 sta-

69 2516 138 2576 tim
159 2536 176 2576 e
198 2521 288 2579 curia
310 2519 344 2579 in
367 2521 566 2602 Capitolium
587 2522 816 2605 confugerunt.
860 2521 928 2582 Nec
958 2518 1024 2583 illis
1055 2517 1097 2578 ad
1124 2518 1285 2581 ultionem

69 2598 190 2660 deerat
217 2602 358 2685 animus:
396 2602 452 2664 sed
489 2604 604 2665 ducem
637 2604 782 2665 nondum
818 2601 995 2669 habebant.
1047 2601 1153 2683 Igitur
1183 2597 1327 2685 quumK

69 2690 274 2763 appareret,
296 2704 379 2765 quae
398 2694 521 2770 strages
541 2686 751 2770 Reipublicae
771 2686 970 2762 immineret,
994 2685 1161 2768 displicuit
1184 2685 1282 2758 ultio,

69 2766 248 2826 Ciceronis
270 2765 415 2827 consiliis
436 2768 616 2831 abolitione
637 2768 780 2830 decreta.
822 2770 871 2828 Nc
891 2777 998 2830 tamen
1018 2769 1142 2851 publici
1159 2767 1285 2830 doloris
1304 2763 1328 2843 4

69 2842 196 2910 oculos
227 2848 385 2923 ferirent,
418 2850 452 2910 in
480 2853 666 2933 provincias
695 2851 735 2911 ab
758 2850 816 2914 illo
838 2851 929 2931 ipso,
957 2872 1054 2933 quem
1075 2849 1284 2924 occiderant,

69 2933 216 2992 Caesare
240 2928 329 2992 datas
341 2978 349 3006 ,
371 2932 502 3013 Syriam
525 2942 557 2994 et
576 2930 818 3006 Macedoniam,
847 2940 1086 2993 concesserunt.
1128 2932 1183 2993 Sic
1203 2934 1286 2996 vin-

72 3015 167 3077 dicta
190 3012 334 3075 Caesaris
355 3014 454 3077 dilata
475 3016 603 3101 potius,
625 3010 721 3099 qnam
744 3034 898 3099 oppressa
922 3022 978 3076 est.
1008 3012 1114 3095 Igitur
1135 3013 1285 3076 ordinata
1304 3006 1325 3074 5

71 3094 181 3177 magis
203 3103 240 3157 ut
285 3104 412 3173 oterat,
440 3121 538 3184 quam
559 3108 596 3161 ut
615 3097 774 3171 debebat,
802 3092 837 3159 iu
857 3096 1063 3161 Triumviros
1084 3094 1286 3177 Republica,

74 3178 196 3242 relicta
226 3202 243 3240 a
297 3180 400 3243 Urbis
430 3180 630 3265 praesidium
658 3180 806 3263 Lepido,
835 3182 951 3241 Caesar
979 3201 1054 3241 cum
1078 3178 1222 3239 Antonio
1253 3178 1286 3238 in

75 3260 222 3325 Cassium
244 3264 446 3346 Brutumque
470 3265 682 3351 succingitur.
726 3263 780 3325 Illi
801 3261 998 3345 comparatis
1021 3262 1205 3344 ingentibus
1226 3257 1328 3324 co-d

101 3344 167 3416 iis,
200 3345 334 3409 candem
359 3348 469 3423 illam,
501 3370 584 3431 quae
610 3347 717 3409 fatalis
740 3348 847 3408 Cnaeo
869 3345 1029 3428 Pompeio
1055 3346 1135 3418 fuit,
1158 3364 1289 3415 arenam

74 3366 278 3492 insederant.
320 3428 471 3509 Sednec
500 3438 570 3493 tum
601 3429 832 3511 [imminentia]
864 3428 964 3491 cladis
992 3426 1169 3490 destinatae
1197 3426 1287 3512 signa

73 3508 258 3575 latuerunt.
300 3512 383 3575 Nam
404 3522 436 3576 et
456 3512 607 3576 adsuetae
627 3511 817 3595 cadaverum
840 3511 963 3593 pabulo
985 3510 1134 3575 volucres
1161 3520 1288 3585 castra,
1307 3531 1330 3594 7

105 3595 174 3656 uasi
197 3594 259 3655 iam
280 3617 348 3669 sua,
370 3596 664 3660 circumvolabant:
689 3605 722 3658 et
741 3596 776 3657 in
796 3596 900 3657 aciem
920 3594 1158 3678 prodeuntibus
1173 3593 1288 3654 obvius

113 3678 243 3760 ethiops
270 3680 365 3742 nimis
397 3690 509 3764 aperte
534 3680 636 3743 ferale
661 3679 789 3763 signum
815 3678 890 3739 fuit.
934 3678 1067 3760 Ipsique
1096 3677 1197 3736 Bruto
1228 3670 1329 3755 per8

77 3770 225 3834 noctem,
248 3783 349 3844 quum
370 3763 461 3826 illato
483 3762 606 3826 lumine
628 3750 781 3824 'ex'more
801 3760 910 3843 aliqua
931 3782 1038 3821 secum
1056 3758 1204 3840 agitaret,
1220 3764 1290 3816 atra

79 3844 243 3929 quaedam
264 3849 370 3929 imago
395 3868 429 3915 se
453 3846 593 3927 obtulit:¹
627 3853 680 3919 et,
702 3855 906 3927 quassaret,
936 3843 1155 3917 interrogata3
1184 3846 1287 3912 Tuus,

81 3927 215 4011 inquit,
245 3930 351 3990 molus
374 3926 513 3991 'Genaua
555 3930 628 3990 Hoc
650 3927 750 3999 dixit,
774 3930 806 3985 et
827 3924 885 3986 sub
911 3923 1014 3985 oculis
1036 3923 1183 3986 mirantis
1205 3942 1288 3985 eva-

76 4014 182 4083 nain
211 4011 289 4077 Pari
311 4012 347 4074 in
359 4012 504 4081 meliora
524 4011 694 4095 praesagio
722 4010 757 4071 in
778 4005 922 4073 Caesaris
944 4005 1059 4083 eastris
1088 4006 1195 4073 omnia
1217 4025 1331 4091 avesq

79 4095 236 4169 victimae
262 4091 749 4178 uepromiserant13..sednihil
771 4089 1069 4170 illo.,praeaentius‚
1092 4088 1182 4172 quod
1203 4088 1292 4155 Caes·

81 4178 169 4249 same
189 4117 333 4249 medicus
353 4177 686 4254 somnioadmonitus
708 4181 766 4248 eat,
787 4185 824 4235 ut
847 4174 970 4234 cassas
982 4175 1099 4233 castrat
1112 4170 1292 4246 wrederen

80 4261 198 4349 gus'bua
213 4266 295 4343 capi
307 4262 516 4329 ,transnatare
536 4270 573 4337 qt
593 4262 716 4323 iactum
737 4265 795 4321 est.
839 4255 919 4318 Acie
941 4274 1079 4337 namque
1100 4254 1334 4330 commissa,1o

81 4364 192 4431 quous,
209 4345 282 4427 pari
303 4342 645 4428 ardors.aliquamdiu
669 4340 858 4403 dimicatum
885 4339 993 4409 foret,
1014 4334 1176 4419 (quamuis
1195 4336 1293 4403 duces

81 4450 160 4493 uon·
183 4432 366 4508 praesentes
397 4436 519 4503 essent,
552 4448 653 4510 quum
682 4423 770 4484 buno
800 4420 964 4504 eorporis.
978 4417 1169 4502 aegritudo,
1202 4416 1295 4487 illum

83 4519 195 4575 ructus
215 4518 248 4573 et
267 4511 393 4595 ignavia
413 4509 664 4588 subduxissent),
685 4513 788 4568 staret
802 4512 912 4582 ,tamen
934 4522 997 4585 pro
1011 4502 1160 4585 partibus
1174 4499 1296 4562 invicta

85 4592 241 4667 hetnae,
257 4602 298 4661 st.
310 4591 447 4693 pltoris,
466 4604 511 4673 ¹et
530 4592 589 4691 qui
609 4590 872 4659 vindicabantur.
904 4586 1064 4685 Primum
1080 4582 1170 4651 adeo
1188 4601 1318 4665 anceps
