2850 4958
218 64 229 95 t

10 256 13 261 ⁴
94 292 218 368 ’.κεν
331 254 336 273 ’

137 448 380 546 suimetipsius
403 456 523 538 oblit'o,
547 458 629 546 quip
692 452 751 548 qui
774 458 809 526 ln
832 466 1011 538 contextu,
1036 461 1094 548 qui
1115 458 1259 537 dicitnr,
1288 469 1383 531 recte

48 612 53 623 ,
136 544 393 631 interpunxerit.
415 546 455 608 In
469 569 533 632 qua
548 566 629 628 expe
653 546 757 609 itione
773 545 965 609 Germanica
981 556 1115 610 ornatus
1129 556 1177 609 est
1194 547 1264 609 alae
1277 565 1385 628 eque-

90 678 98 691 .
136 630 217 693 stris
236 631 455 715 praefectura.
502 631 569 691 lam
584 632 747 711 Quaestor
761 629 963 715 designatus,
985 629 1148 715 legionem
1173 650 1285 693 recens
1306 650 1386 690 con-

135 714 294 795 scriptam
315 713 356 775 ad
376 712 550 783 Tiberium
570 724 685 777 contra
702 713 867 777 Dalmatas
887 722 920 776 et
936 713 1123 776 Pannonios
1139 724 1216 776 tunc
1229 734 1384 797 puguan-

23 806 27 825 '
98 802 205 859 stem
228 797 323 859 duxit
348 805 382 858 et
410 797 480 859 eius
502 798 577 860 anni
608 796 700 883 (759)
723 796 870 861 hibernis
894 806 943 860 est
965 799 1162 881 praefectus.
1207 795 1381 879 Sequentis

21 898 41 933 a.
117 878 214 955 ,anui
235 880 330 942 initio
352 880 393 943 ad
414 888 625 964 quaesturam
640 878 813 944 ineundum
826 881 964 949 Romam
978 882 1150 965 proiectus
1168 889 1237 953 est·,
1262 875 1383 942 deinde

60 998 64 1005 ·
134 960 179 1024 sd
199 962 372 1027 Tiberium
387 962 425 1025 iu
447 962 649 1027 Pannoniam
672 962 784 1039 rediit,
808 962 929 1027 meruit
954 984 994 1026 ue
1015 965 1074 1027 sub
1096 962 1304 1036 Germanico,
1323 961 1384 1044 qui

131 1042 259 1109 tenum
287 1046 512 1109 Pannonicum
540 1068 655 1132 gerere
681 1056 859 1132 coeperat,
894 1070 913 1109 a
928 984 1081 1111 lll'iberio
1116 1070 1201 1111 anuo
1230 1049 1275 1109 U.
1303 1046 1381 1146 7⁶¹·

131 1131 333 1193 confectum.
375 1130 457 1193 Post
473 1129 599 1194 cladem
621 1131 703 1196 Vari
721 1130 757 1195 in
838 1154 859 1195 u
881 1131 1157 1215 Teutoburgiensi
1178 1153 1254 1195 cum
1273 1131 1381 1192 Tibe-

26 1232 30 1239 ·
132 1211 189 1285 rio
212 1213 247 1275 in
267 1213 474 1279 Germaniam
500 1215 669 1296 proiectus
696 1223 757 1279 est.
831 1237 911 1279 num
940 1215 1099 1291 Tiberius,
1122 1238 1208 1279 anno
1239 1208 1379 1298 11.765.

131 1294 433 1383 triumpharet-,et
455 1296 622 1376 Velleius,
644 1307 678 1363 et
697 1298 802 1375 frater
821 1299 912 1373 eius,
935 1299 1061 1383 Magius
1085 1299 1179 1363 Celer
1191 1295 1383 1375 ,miliari-

131 1374 195 1441 bus
216 1378 312 1444 donis
342 1380 511 1465 insigniti,
538 1379 633 1445 lllum
652 1383 755 1446 secuti
778 1393 865 1446 ¹sunt.
908 1382 1041 1446 Finitur
1067 1382 1134 1446 hoc
1154 1403 1238 1444 anno
1261 1379 1380 1443 conti-

130 1462 235 1525 u'uum
256 1463 339 1528 illud
351 1509 360 1539 ,
382 1462 474 1548 quod
494 1465 528 1529 in
550 1464 679 1529 Tiberii
707 1466 863 1530 satellitio
886 1467 955 1553 egit
977 1465 1143 1540 Velleius,
1166 1461 1378 1528 novennium.

129 1542 201 1611 Suis
220 1547 286 1609 fine
306 1545 382 1611 anni
405 1544 497 1637 ‘1⁴¹‘
518 1551 599 1613 Dec.
622 1550 698 1612 iniit
711 1550 915 1614 tribunatum
954 1548 1058 1626 lehis·;
1079 1547 1261 1634 post(767)
1276 1548 1383 1607 Prae-

131 1630 190 1693 tor
213 1630 346 1717 designa
386 1702 389 1707 ,
421 1638 471 1695 est
490 1652 564 1695 cum
587 1635 690 1697 fratre
712 1635 843 1719 Magio,
866 1634 906 1696 ab
928 1572 1074 1717 bagusta
1099 1633 1170 1717 ipso
1193 1640 1225 1692 et
1244 1653 1262 1690 a
1284 1630 1385 1692 Tibe·

130 1712 185 1776 rio
207 1736 317 1777 comm
400 1713 438 1777 ti.
480 1716 529 1778 Ex
550 1728 718 1798 praetura,
741 1740 805 1802 qua
827 1719 959 1780 functus
981 1723 1029 1778 est
1052 1737 1137 1778 anno
1159 1712 1384 1800 11.768.ma.

130 1794 220 1858 iores
243 1796 389 1861 honores
410 1798 556 1863 Velleius
576 1823 644 1862 uon
666 1801 835 1863 adsecutus
858 1821 926 1861 esse
947 1798 1090 1872 videtur,
1116 1819 1176 1860 nec
1199 1795 1382 1880 quidquam

129 1876 173 1941 de
192 1880 366 1961 provincia
394 1883 575 1962 praetoria,
607 1883 727 1945 nedum
748 1883 789 1946 de
811 1882 982 1944 consulatu
1006 1882 1075 1942 eius
1097 1879 1276 1941 memoriae
1297 1901 1385 1963 pro-

129 1959 238 2025 ditum
269 1972 329 2026 est.
371 1961 496 2028 Studiis
526 1966 597 2027 sine
628 1965 730 2028 dubio
760 1974 793 2028 ct
824 1965 911 2027 vitae
941 1962 1094 2038 deliciis,
1122 1964 1262 2025 fortasse
1293 1963 1383 2044 apud

128 2043 304 2108 Tiberium
334 2045 494 2111 ininsula
522 2048 667 2132 Capreis,
690 2046 838 2112 indulsit.
882 2050 992 2129 Quum
1014 2049 1059 2109 M.
1085 2046 1253 2121 Vinicius,
1285 2068 1384 2130 quem

128 2127 265 2191 Tacitus
293 2129 384 2193 libro
412 2130 483 2208 Vl,
510 2131 558 2195 15.
581 2130 667 2195 Anu.
690 2132 880 2216 praedicat,
904 2130 1025 2195 Consul
1046 2132 1150 2193 factus
1172 2137 1254 2192 esset
1278 2152 1308 2191 a.
1331 2131 1376 2195 U.

128 2211 203 2303 783.
226 2214 294 2276 sive
315 2236 344 2278 a.
366 2212 406 2274 bo
428 2236 462 2297 p.
486 2214 566 2295 Chr.
587 2237 632 2290 n„
655 2216 690 2280 in
712 2214 781 2278 cius
807 2214 945 2297 gratiam
965 2215 1051 2278 hanc
1071 2213 1247 2276 historiam
1269 2234 1382 2275 rerum

84 2326 86 2333 v
127 2302 294 2383 gestarum
333 2297 450 2380 populi
486 2299 625 2362 Romani
667 2299 948 2382 compendiariam
984 2298 1196 2382 conscripsit.
1250 2295 1383 2358 Annum

129 2381 246 2444 aetatis
267 2381 335 2442 XL.
358 2402 476 2462 agens,
499 2406 531 2445 a.
552 2384 595 2446 U.
616 2383 690 2470 784.
713 2384 841 2447 occisus
864 2391 930 2456 cst,
954 2391 991 2444 ut
1009 2383 1114 2445 visum
1137 2390 1186 2442 est
1206 2379 1284 2441 VV.
1306 2383 1383 2445 DD.

72 2516 75 2521 .
128 2473 271 2550 propter
293 2463 470 2528 amicitiam
492 2465 613 2540 Seiani,
636 2466 671 2529 in
691 2488 801 2548 quem,
825 2466 917 2530 utin
941 2465 1010 2527 eius
1032 2464 1168 2526 domum
1192 2473 1224 2525 ct
1245 2465 1381 2538 amicos,

129 2548 247 2613 eudem
268 2570 352 2610 sono
374 2548 598 2613 crudelissime
620 2550 777 2612 saevitum
792 2559 851 2612 est.
883 2550 976 2629 Quae
993 2546 1034 2610 de
1050 2557 1242 2628 argumento
1259 2556 1291 2607 et
1307 2549 1381 2611 fatis

128 2629 210 2695 libri
233 2630 395 2695 Velleiani
416 2632 484 2696 dici
503 2633 648 2717 possint,
671 2632 783 2696 audias
804 2630 902 2696 velim
924 2655 942 2693 a
965 2635 1065 2694 Beato
1088 2632 1266 2704 Rhenano,
1288 2630 1384 2692 Sele-

127 2714 307 2790 stadiensi,
335 2715 445 2796 (Bilde
473 2739 538 2779 von
561 2716 728 2779 Rheinach
750 2739 807 2778 aus
827 2714 1046 2781 schlettstadt
1069 2716 1114 2778 im
1135 2713 1258 2791 Elsass)
1278 2715 1383 2795 prin-

129 2798 206 2881 cipe
232 2808 266 2861 et
297 2799 488 2862 doctissimo
520 2798 649 2863 editore
680 2799 823 2875 Velleii,
854 2798 947 2879 cuius
979 2799 1081 2861 verba
1111 2821 1151 2860 ex
1174 2797 1383 2871 dedicatione

130 2882 243 2966 operis
265 2880 306 2944 ad
326 2883 451 2947 illustr.
470 2883 633 2945 Saxouias
654 2887 803 2961 Ducem,
834 2882 1065 2958 Fridericum,
1096 2882 1245 2962 Princip.
1277 2880 1380 2941 Eleot.

130 2987 216 3031 uano
248 2962 338 3030 rbuo.
369 2967 492 3048 scripta
513 2967 707 3051 apposuisse
733 2967 839 3029 iuvat:
883 2967 1047 3029 Describit
1074 2969 1103 3028 is
1128 2967 1298 3043 (Velleim)
1330 2985 1382 3022 res

130 3055 301 3112 Romanas
326 3054 505 3114 castissimo
531 3051 607 3114 stilo
632 3075 694 3134 per
721 3054 881 3134 epitomen
905 3050 946 3111 ab
974 3050 1053 3110 urbe
1074 3049 1206 3109 condita
1225 3045 1272 3106 ad
1288 3067 1382 3104 mmm

130 3154 230 3217 usque
254 3145 418 3208 aetatem,
440 3132 502 3196 boc
522 3146 588 3210 est,
611 3145 761 3219 tempora
797 3135 918 3196 Tiberii
950 3135 1114 3194 Caesarei:
1145 3152 1221 3191 nam
1241 3128 1299 3190 sub
1320 3125 1382 3188 boc

118 3219 264 3298 fhruit,
287 3230 324 3279 ut
343 3223 378 3280 iu
397 3222 468 3283 vita
488 3224 725 3284 annotavimus.
770 3220 917 3278 Meminit
936 3213 1148 3300 quorundam,
1169 3234 1252 3297 quae
1273 3213 1383 3273 nullo-

135 3320 210 3359 rum
229 3311 303 3361 sunt
319 3301 456 3383 prodita
474 3302 606 3375 litteris,
627 3304 743 3363 saltem
762 3305 822 3385 qui
838 3297 932 3361 bodie
952 3307 1075 3359 extent.
1123 3299 1236 3379 Qualis
1257 3307 1306 3357 est
1325 3295 1385 3355 de-

130 3382 274 3442 letarum
302 3404 375 3443 cum
408 3388 499 3443 Varo
528 3383 693 3467 legionum
717 3386 868 3447 Arminio
901 3381 980 3441 duce
1000 3377 1159 3454 baeturia,
1188 3392 1220 3443 et
1240 3402 1322 3464 quae
1343 3379 1383 3441 de

133 3463 334 3526 Maroboduo
357 3469 641 3527 Marcomanorum
661 3491 738 3551 rege
758 3466 891 3539 scribit,
918 3461 1009 3525 baud
1029 3462 1122 3525 dubie
1143 3475 1221 3524 tune
1243 3466 1381 3522 cabritu-

134 3547 207 3608 diui
223 3559 317 3611 tauto
341 3555 498 3632 gratiora
513 3550 663 3630 futura,
694 3562 815 3636 quanto
845 3552 949 3609 minus
971 3553 1071 3607 etiam
1091 3548 1285 3609 doctissirm's
1304 3549 1383 3611 viruit

133 3627 400 3711 basatenmsuere
420 3638 566 3715 cognita.
602 3638 688 3695 Nam
705 3636 827 3715 prioris
846 3635 899 3697 rei
917 3642 1045 3692 tantum
1061 3634 1095 3692 in
1109 3643 1296 3692 transcursu
1313 3653 1385 3689 me-

132 3719 231 3776 minit
258 3717 385 3778 Florius.
442 3724 546 3780 Tanta
575 3729 685 3779 autem
699 3714 870 3799 facundia
903 3710 953 3777 bis
983 3714 1161 3796 reserandis
1193 3720 1318 3787 utitur,
1346 3725 1384 3774 ut

133 3798 403 3883 'quemadmodum
419 3802 489 3884 *sirac
511 3801 646 3877 Caesari
658 3803 849 3884 proximum
868 3821 891 3860 a
917 3798 1020 3860 Tullio
1042 3801 1149 3860 luerim
1171 3799 1306 3870 tribuit,
1334 3799 1382 3857 sic

136 3900 211 3942 eum
243 3884 379 3945 Caesari
399 3900 515 3965 parem
530 3866 689 3963 frictam,
720 3894 780 3944 aut
808 3883 924 3963 saltem
948 3889 1104 3965 proximo
1129 3895 1274 3944 statuam
1293 3881 1382 3944 loco·

143 3966 289 4049 Quodsi
313 3970 439 4049 integer
467 3979 620 4045 extaret,
646 3974 680 4030 et
707 3989 732 4028 a
760 3965 881 4028 mendis
905 3989 1028 4049 purus,
1053 3964 1143 4028 taut
1159 3965 1379 4048 ambigerem,

133 4053 216 4134 'quin
244 4048 446 4121 doctusimur
463 4048 604 4137 'quimus
632 4072 704 4113 meo
734 4050 945 4113 subscriberet
969 4050 1111 4133 iudicio:
1143 4070 1226 4110 nunc
1250 4042 1379 4130 quando

138 4131 261 4195 menan
278 4136 360 4201 sitio
379 4139 550 4201 uetmrau's
567 4157 631 4198 non
649 4146 753 4210 caret,
773 4134 883 4196 aliena
902 4134 998 4215 culpa
1019 4132 1212 4216 dignitatem
1223 4131 1383 4191 castinia—

141 4220 240 4278 tionis
267 4217 356 4299 apud
376 4210 530 4301 quosdam
548 4218 688 4300 forsan
710 4221 851 4283 amittet.
894 4214 1047 4302 Equidem
1075 4211 1192 4276 abbinc
1219 4234 1321 4274 annos
1345 4222 1383 4273 ut

137 4296 220 4382 puio
243 4306 396 4385 queisque,
418 4305 649 4383 cumprimum
667 4296 750 4363 bunc
770 4305 804 4363 in
824 4301 1030 4364 Murbaceus'i
1047 4294 1239 4362 bibliotheca
1259 4299 1295 4377 *)
1320 4319 1381 4356 re-

136 4388 307 4471 perissem,
329 4396 363 4446 et
381 4386 609 4448 viderem't'a'm
624 4386 812 4468 prodigiose
835 4395 1043 4466 corruptum,
1073 4393 1109 4445 ut
1136 4382 1245 4443 omnia
1274 4379 1377 4442 resti-

138 4548 175 4621 a)
198 4545 270 4641 Hoc
293 4542 489 4604 coenobium
509 4538 794 4631 benedictinorum
820 4538 1032 4623 Murbacense
1056 4537 1155 4602 situm
1180 4548 1228 4606 est
1259 4539 1293 4599 in
1312 4532 1387 4599 A1-.

194 4634 285 4687 satra
310 4626 496 4708 superiore.'
938 4640 941 4645 ‘
