<?xml version="1.0" encoding="UTF-8"?>
<!DOCTYPE html PUBLIC "-//W3C//DTD XHTML 1.0 Transitional//EN"
    "http://www.w3.org/TR/xhtml1/DTD/xhtml1-transitional.dtd">
<html xmlns="http://www.w3.org/1999/xhtml" xml:lang="en" lang="en">
 <head>
  <title>
</title>
<meta http-equiv="Content-Type" content="text/html;charset=utf-8" />
  <meta name='ocr-system' content='tesseract 3.04.00' />
  <meta name='ocr-capabilities' content='ocr_page ocr_carea ocr_par ocr_line ocrx_word'/>
</head>
<body>
  <div class='ocr_page' id='page_1' title='image "./scriptoreshisto00fiedgoog_0166.png"; bbox 0 0 2850 4958; ppageno 0'>
   <div class='ocr_carea' id='block_1_1' title="bbox 456 250 1282 379">
    <p class='ocr_par' dir='ltr' id='par_1_1' title="bbox 456 250 1282 379">
     <span class='ocr_line' id='line_1_1' title="bbox 456 250 1282 379; baseline -0.005 -22"><span class='ocrx_word' id='word_1_1' title='bbox 456 261 890 363; x_wconf 73' lang='lat' dir='ltr'><strong>tin.·.1v.cse.³.x1n</strong></span> <span class='ocrx_word' id='word_1_2' title='bbox 940 250 943 255; x_wconf 80' lang='grc'>’</span> <span class='ocrx_word' id='word_1_3' title='bbox 1212 272 1282 379; x_wconf 65' lang='lat' dir='ltr'><strong>:sq</strong></span> 
     </span>
    </p>
   </div>
   <div class='ocr_carea' id='block_1_2' title="bbox 422 444 1070 607">
    <p class='ocr_par' dir='ltr' id='par_1_2' title="bbox 422 444 1070 607">
     <span class='ocr_line' id='line_1_2' title="bbox 515 444 909 539; baseline -0.005 -31"><span class='ocrx_word' id='word_1_4' title='bbox 515 445 541 508; x_wconf 83' lang='lat' dir='ltr'>C</span> <span class='ocrx_word' id='word_1_5' title='bbox 560 444 591 507; x_wconf 91' lang='lat' dir='ltr'><strong>A</strong></span> <span class='ocrx_word' id='word_1_6' title='bbox 609 445 637 508; x_wconf 87' lang='lat' dir='ltr'><strong>P</strong></span> <span class='ocrx_word' id='word_1_7' title='bbox 662 446 880 539; x_wconf 63' lang='grc' dir='ltr'><strong>[Ῑ·’1“;ΧΙΙ.·’Ι</strong></span> <span class='ocrx_word' id='word_1_8' title='bbox 906 500 909 506; x_wconf 80' lang='grc'><strong><em>,</em></strong></span> 
     </span>
     <span class='ocr_line' id='line_1_3' title="bbox 422 541 1070 607; baseline 0.006 -8"><span class='ocrx_word' id='word_1_9' title='bbox 422 546 514 601; x_wconf 76' lang='lat' dir='ltr'><strong>tram</strong></span> <span class='ocrx_word' id='word_1_10' title='bbox 535 544 690 605; x_wconf 71' lang='lat' dir='ltr'><strong>tartesos</strong></span> <span class='ocrx_word' id='word_1_11' title='bbox 713 550 825 605; x_wconf 76' lang='lat' dir='ltr'><strong>cassas</strong></span> <span class='ocrx_word' id='word_1_12' title='bbox 846 541 994 607; x_wconf 70' lang='lat' dir='ltr'><strong>trimas:</strong></span> <span class='ocrx_word' id='word_1_13' title='bbox 1067 568 1070 577; x_wconf 75' lang='lat'><em>=</em></span> 
     </span>
    </p>
   </div>
   <div class='ocr_carea' id='block_1_3' title="bbox 93 672 1327 792">
    <p class='ocr_par' dir='ltr' id='par_1_3' title="bbox 93 672 1327 792">
     <span class='ocr_line' id='line_1_4' title="bbox 93 672 1327 792; baseline 0.002 -39"><span class='ocrx_word' id='word_1_14' title='bbox 93 726 97 733; x_wconf 92' lang='lat'><em>·</em></span> <span class='ocrx_word' id='word_1_15' title='bbox 125 674 190 753; x_wconf 80' lang='lat' dir='ltr'><strong>liic</strong></span> <span class='ocrx_word' id='word_1_16' title='bbox 211 672 285 751; x_wconf 71' lang='lat' dir='ltr'><strong>bnis</strong></span> <span class='ocrx_word' id='word_1_17' title='bbox 301 707 477 757; x_wconf 77' lang='lat' dir='ltr'><strong>¹armorum</strong></span> <span class='ocrx_word' id='word_1_18' title='bbox 507 689 676 770; x_wconf 63' lang='lat' dir='ltr'><strong>cirillum,</strong></span> <span class='ocrx_word' id='word_1_19' title='bbox 705 690 831 792; x_wconf 69' lang='lat' dir='ltr'><strong>reliqua</strong></span> <span class='ocrx_word' id='word_1_20' title='bbox 852 691 1005 755; x_wconf 80' lang='lat' dir='ltr'><strong>adsersus</strong></span> <span class='ocrx_word' id='word_1_21' title='bbox 1026 694 1151 754; x_wconf 78' lang='lat' dir='ltr'><strong>exteras</strong></span> <span class='ocrx_word' id='word_1_22' title='bbox 1165 688 1288 774; x_wconf 66' lang='lat' dir='ltr'><strong>gentes,</strong></span> <span class='ocrx_word' id='word_1_23' title='bbox 1312 712 1327 755; x_wconf 85' lang='lat'>1</span> 
     </span>
    </p>
   </div>
   <div class='ocr_carea' id='block_1_4' title="bbox 68 770 1360 4753">
    <p class='ocr_par' dir='ltr' id='par_1_4' title="bbox 68 770 1360 4753">
     <span class='ocr_line' id='line_1_5' title="bbox 85 770 1290 858; baseline -0.002 -21"><span class='ocrx_word' id='word_1_24' title='bbox 85 779 168 858; x_wconf 71' lang='lat' dir='ltr'><strong>qnae</strong></span> <span class='ocrx_word' id='word_1_25' title='bbox 179 803 189 848; x_wconf 86' lang='lat'><strong>,</strong></span> <span class='ocrx_word' id='word_1_26' title='bbox 212 770 371 853; x_wconf 81' lang='lat' dir='ltr'><strong>districto¹</strong></span> <span class='ocrx_word' id='word_1_27' title='bbox 383 771 472 833; x_wconf 85' lang='lat' dir='ltr'><strong>cirea</strong></span> <span class='ocrx_word' id='word_1_28' title='bbox 493 771 576 835; x_wconf 85' lang='lat' dir='ltr'><strong>mala</strong></span> <span class='ocrx_word' id='word_1_29' title='bbox 597 797 653 837; x_wconf 88' lang='lat' dir='ltr'><strong>sua</strong></span> <span class='ocrx_word' id='word_1_30' title='bbox 674 775 837 858; x_wconf 68' lang='lat' dir='ltr'><strong>imperio:</strong></span> <span class='ocrx_word' id='word_1_31' title='bbox 857 774 992 838; x_wconf 82' lang='lat' dir='ltr'><strong>dirersis</strong></span> <span class='ocrx_word' id='word_1_32' title='bbox 1013 774 1103 837; x_wconf 91' lang='lat' dir='ltr'><strong>orbis</strong></span> <span class='ocrx_word' id='word_1_33' title='bbox 1124 775 1191 836; x_wconf 88' lang='lat' dir='ltr'><strong>oris</strong></span> <span class='ocrx_word' id='word_1_34' title='bbox 1206 774 1290 836; x_wconf 91' lang='lat' dir='ltr'><strong>emi-</strong></span> 
     </span>
     <span class='ocr_line' id='line_1_6' title="bbox 77 855 1331 939; baseline -0.001 -20"><span class='ocrx_word' id='word_1_35' title='bbox 77 859 213 925; x_wconf 78' lang='lat' dir='ltr'><strong>¹tabant.</strong></span> <span class='ocrx_word' id='word_1_36' title='bbox 256 857 348 918; x_wconf 82' lang='lat' dir='ltr'><strong>Nora</strong></span> <span class='ocrx_word' id='word_1_37' title='bbox 370 855 493 939; x_wconf 91' lang='lat' dir='ltr'><strong>quippe</strong></span> <span class='ocrx_word' id='word_1_38' title='bbox 513 874 595 939; x_wconf 86' lang='lat' dir='ltr'><strong>pax:</strong></span> <span class='ocrx_word' id='word_1_39' title='bbox 617 858 756 925; x_wconf 80' lang='lat' dir='ltr'><strong>necdum</strong></span> <span class='ocrx_word' id='word_1_40' title='bbox 777 858 926 921; x_wconf 87' lang='lat' dir='ltr'><strong>adsuetae</strong></span> <span class='ocrx_word' id='word_1_41' title='bbox 939 858 1040 920; x_wconf 86' lang='lat' dir='ltr'><strong>frenis</strong></span> <span class='ocrx_word' id='word_1_42' title='bbox 1054 858 1218 920; x_wconf 80' lang='lat' dir='ltr'><strong>servitutis</strong></span> <span class='ocrx_word' id='word_1_43' title='bbox 1233 866 1291 919; x_wconf 88' lang='lat' dir='ltr'><strong>tu·-</strong></span> <span class='ocrx_word' id='word_1_44' title='bbox 1311 870 1331 918; x_wconf 77' lang='lat' dir='ltr'><strong>n</strong></span> 
     </span>
     <span class='ocr_line' id='line_1_7' title="bbox 87 936 1290 1025; baseline -0.002 -23"><span class='ocrx_word' id='word_1_45' title='bbox 87 940 192 1003; x_wconf 84' lang='lat' dir='ltr'><strong>midae</strong></span> <span class='ocrx_word' id='word_1_46' title='bbox 212 939 357 1024; x_wconf 77' lang='lat' dir='ltr'><strong>gentium</strong></span> <span class='ocrx_word' id='word_1_47' title='bbox 378 937 572 1023; x_wconf 85' lang='lat' dir='ltr'><strong>inflataeque</strong></span> <span class='ocrx_word' id='word_1_48' title='bbox 593 942 736 1005; x_wconf 84' lang='lat' dir='ltr'><strong>cervices</strong></span> <span class='ocrx_word' id='word_1_49' title='bbox 763 936 803 1002; x_wconf 82' lang='lat' dir='ltr'><strong>ab</strong></span> <span class='ocrx_word' id='word_1_50' title='bbox 832 942 986 1025; x_wconf 89' lang='lat' dir='ltr'><strong>imposito</strong></span> <span class='ocrx_word' id='word_1_51' title='bbox 1007 942 1210 1025; x_wconf 83' lang='lat' dir='ltr'><strong>nuper-iugo</strong></span> <span class='ocrx_word' id='word_1_52' title='bbox 1233 956 1290 1001; x_wconf 88' lang='lat' dir='ltr'><strong>re-</strong></span> 
     </span>
     <span class='ocr_line' id='line_1_8' title="bbox 80 1021 1332 1108; baseline -0.001 -22"><span class='ocrx_word' id='word_1_53' title='bbox 80 1024 248 1101; x_wconf 77' lang='lat' dir='ltr'><strong>¹siliebant.</strong></span> <span class='ocrx_word' id='word_1_54' title='bbox 298 1021 351 1083; x_wconf 86' lang='lat' dir='ltr'><strong>Ad</strong></span> <span class='ocrx_word' id='word_1_55' title='bbox 388 1022 663 1101; x_wconf 78' lang='lat' dir='ltr'><strong>septemtrionem</strong></span> <span class='ocrx_word' id='word_1_56' title='bbox 698 1045 850 1087; x_wconf 82' lang='lat' dir='ltr'><strong>conversa</strong></span> <span class='ocrx_word' id='word_1_57' title='bbox 885 1026 988 1087; x_wconf 81' lang='lat' dir='ltr'><strong>ferme</strong></span> <span class='ocrx_word' id='word_1_58' title='bbox 1018 1025 1111 1108; x_wconf 76' lang='lat' dir='ltr'><strong>plaga</strong></span> <span class='ocrx_word' id='word_1_59' title='bbox 1146 1023 1332 1087; x_wconf 79' lang='lat' dir='ltr'><strong>ferocius3</strong></span> 
     </span>
     <span class='ocr_line' id='line_1_9' title="bbox 68 1105 1290 1191; baseline -0.002 -24"><span class='ocrx_word' id='word_1_60' title='bbox 68 1108 221 1191; x_wconf 49' lang='lat' dir='ltr'><strong>sugebat:</strong></span> <span class='ocrx_word' id='word_1_61' title='bbox 253 1105 393 1178; x_wconf 87' lang='lat' dir='ltr'><strong>Norici,-</strong></span> <span class='ocrx_word' id='word_1_62' title='bbox 423 1105 551 1186; x_wconf 83' lang='lat' dir='ltr'><strong>Illyrii,</strong></span> <span class='ocrx_word' id='word_1_63' title='bbox 582 1108 765 1180; x_wconf 88' lang='lat' dir='ltr'><strong>Pannonii,</strong></span> <span class='ocrx_word' id='word_1_64' title='bbox 787 1108 975 1181; x_wconf 89' lang='lat' dir='ltr'><strong>Dalmatae,</strong></span> <span class='ocrx_word' id='word_1_65' title='bbox 998 1109 1123 1182; x_wconf 80' lang='lat' dir='ltr'><strong>Moesi,</strong></span> <span class='ocrx_word' id='word_1_66' title='bbox 1147 1106 1290 1171; x_wconf 83' lang='lat' dir='ltr'><strong>Tliraoes</strong></span> 
     </span>
     <span class='ocr_line' id='line_1_10' title="bbox 90 1188 1332 1274; baseline -0.004 -21"><span class='ocrx_word' id='word_1_67' title='bbox 90 1194 120 1253; x_wconf 77' lang='lat' dir='ltr'><strong>tt</strong></span> <span class='ocrx_word' id='word_1_68' title='bbox 137 1190 242 1263; x_wconf 88' lang='lat' dir='ltr'><strong>Daci,</strong></span> <span class='ocrx_word' id='word_1_69' title='bbox 263 1189 429 1250; x_wconf 86' lang='lat' dir='ltr'><strong>Sarmatae</strong></span> <span class='ocrx_word' id='word_1_70' title='bbox 449 1197 546 1271; x_wconf 89' lang='lat' dir='ltr'><strong>atque</strong></span> <span class='ocrx_word' id='word_1_71' title='bbox 568 1191 733 1255; x_wconf 75' lang='lat' dir='ltr'><strong>Germani:</strong></span> <span class='ocrx_word' id='word_1_72' title='bbox 757 1191 892 1252; x_wconf 76' lang='lat' dir='ltr'>Noricis</span> <span class='ocrx_word' id='word_1_73' title='bbox 907 1192 1032 1252; x_wconf 90' lang='lat' dir='ltr'><strong>animos</strong></span> <span class='ocrx_word' id='word_1_74' title='bbox 1046 1190 1144 1274; x_wconf 82' lang='lat' dir='ltr'>Alpes</span> <span class='ocrx_word' id='word_1_75' title='bbox 1159 1191 1288 1263; x_wconf 88' lang='lat' dir='ltr'><strong>dabant,</strong></span> <span class='ocrx_word' id='word_1_76' title='bbox 1309 1188 1332 1264; x_wconf 68' lang='lat' dir='ltr'><strong>A</strong></span> 
     </span>
     <span class='ocr_line' id='line_1_11' title="bbox 81 1271 1290 1357; baseline -0.003 -21"><span class='ocrx_word' id='word_1_77' title='bbox 81 1274 179 1357; x_wconf 72' lang='lat' dir='ltr'><strong>,quasi</strong></span> <span class='ocrx_word' id='word_1_78' title='bbox 209 1273 243 1347; x_wconf 81' lang='lat' dir='ltr'><strong>in</strong></span> <span class='ocrx_word' id='word_1_79' title='bbox 271 1272 361 1334; x_wconf 79' lang='lat' dir='ltr'><strong>nives</strong></span> <span class='ocrx_word' id='word_1_80' title='bbox 390 1271 512 1333; x_wconf 92' lang='lat' dir='ltr'><strong>bellum</strong></span> <span class='ocrx_word' id='word_1_81' title='bbox 533 1292 600 1336; x_wconf 85' lang='lat' dir='ltr'><strong>non</strong></span> <span class='ocrx_word' id='word_1_82' title='bbox 618 1282 731 1357; x_wconf 89' lang='lat' dir='ltr'><strong>posset</strong></span> <span class='ocrx_word' id='word_1_83' title='bbox 749 1273 963 1335; x_wconf 74' lang='lat' dir='ltr'><strong>adscendere:</strong></span> <span class='ocrx_word' id='word_1_84' title='bbox 993 1274 1049 1336; x_wconf 89' lang='lat' dir='ltr'><strong>sed</strong></span> <span class='ocrx_word' id='word_1_85' title='bbox 1071 1292 1181 1335; x_wconf 89' lang='lat' dir='ltr'><strong>omnes</strong></span> <span class='ocrx_word' id='word_1_86' title='bbox 1202 1271 1290 1333; x_wconf 89' lang='lat' dir='ltr'><strong>illius</strong></span> 
     </span>
     <span class='ocr_line' id='line_1_12' title="bbox 88 1353 1290 1440; baseline -0.003 -21"><span class='ocrx_word' id='word_1_87' title='bbox 88 1355 229 1419; x_wconf 80' lang='lat' dir='ltr'><strong>cardinis</strong></span> <span class='ocrx_word' id='word_1_88' title='bbox 248 1353 413 1438; x_wconf 88' lang='lat' dir='ltr'><strong>populos,</strong></span> <span class='ocrx_word' id='word_1_89' title='bbox 434 1357 600 1431; x_wconf 78' lang='lat' dir='ltr'><strong>Breunos,</strong></span> <span class='ocrx_word' id='word_1_90' title='bbox 627 1357 752 1419; x_wconf 85' lang='lat' dir='ltr'><strong>Cennos</strong></span> <span class='ocrx_word' id='word_1_91' title='bbox 777 1366 874 1440; x_wconf 80' lang='lat' dir='ltr'><strong>atque</strong></span> <span class='ocrx_word' id='word_1_92' title='bbox 895 1355 1107 1428; x_wconf 77' lang='lat' dir='ltr'><strong>Vindelicos,</strong></span> <span class='ocrx_word' id='word_1_93' title='bbox 1129 1377 1190 1438; x_wconf 91' lang='lat' dir='ltr'><strong>per</strong></span> <span class='ocrx_word' id='word_1_94' title='bbox 1210 1356 1290 1434; x_wconf 88' lang='lat' dir='ltr'><strong>pri-</strong></span> 
     </span>
     <span class='ocr_line' id='line_1_13' title="bbox 75 1431 1333 1524; baseline -0.006 -20"><span class='ocrx_word' id='word_1_95' title='bbox 75 1438 220 1524; x_wconf 75' lang='lat' dir='ltr'><strong>.·iignum</strong></span> <span class='ocrx_word' id='word_1_96' title='bbox 240 1459 334 1499; x_wconf 89' lang='lat' dir='ltr'><strong>suum</strong></span> <span class='ocrx_word' id='word_1_97' title='bbox 356 1436 526 1500; x_wconf 86' lang='lat' dir='ltr'><strong>Cla&#39;udiu&#39;m</strong></span> <span class='ocrx_word' id='word_1_98' title='bbox 546 1444 688 1502; x_wconf 78' lang='lat' dir='ltr'><strong>Drusum</strong></span> <span class='ocrx_word' id='word_1_99' title='bbox 707 1439 908 1523; x_wconf 87' lang='lat' dir='ltr'><strong>perpacavit.</strong></span> <span class='ocrx_word' id='word_1_100' title='bbox 950 1440 1041 1517; x_wconf 85' lang='lat' dir='ltr'><strong>Quae</strong></span> <span class='ocrx_word' id='word_1_101' title='bbox 1067 1437 1168 1502; x_wconf 84' lang='lat' dir='ltr'><strong>fuerit</strong></span> <span class='ocrx_word' id='word_1_102' title='bbox 1188 1436 1289 1517; x_wconf 86' lang='lat' dir='ltr'><strong>Alpi·</strong></span> <span class='ocrx_word' id='word_1_103' title='bbox 1311 1431 1333 1497; x_wconf 77' lang='lat'>5</span> 
     </span>
     <span class='ocr_line' id='line_1_14' title="bbox 85 1521 1289 1604; baseline -0.002 -21"><span class='ocrx_word' id='word_1_104' title='bbox 85 1540 209 1598; x_wconf 72' lang='lat' dir='ltr'><strong>:tetrum¹</strong></span> <span class='ocrx_word' id='word_1_105' title='bbox 223 1521 369 1604; x_wconf 79' lang='lat' dir='ltr'><strong>gentium</strong></span> <span class='ocrx_word' id='word_1_106' title='bbox 388 1523 520 1597; x_wconf 84' lang='lat' dir='ltr'><strong>feritas,</strong></span> <span class='ocrx_word' id='word_1_107' title='bbox 541 1523 637 1584; x_wconf 83' lang='lat' dir='ltr'><strong>facile</strong></span> <span class='ocrx_word' id='word_1_108' title='bbox 657 1521 709 1584; x_wconf 80' lang='lat' dir='ltr'><strong>vel</strong></span> <span class='ocrx_word' id='word_1_109' title='bbox 729 1523 880 1601; x_wconf 87' lang='lat' dir='ltr'><strong>mulieres</strong></span> <span class='ocrx_word' id='word_1_110' title='bbox 902 1522 1083 1595; x_wconf 84' lang='lat' dir='ltr'><strong>ostendere,</strong></span> <span class='ocrx_word' id='word_1_111' title='bbox 1100 1541 1202 1604; x_wconf 87' lang='lat' dir='ltr'><strong>quae,</strong></span> <span class='ocrx_word' id='word_1_112' title='bbox 1218 1521 1289 1586; x_wconf 60' lang='lat' dir='ltr'><strong>,de-</strong></span> 
     </span>
     <span class='ocr_line' id='line_1_15' title="bbox 68 1586 1335 1687; baseline 0.001 -22"><span class='ocrx_word' id='word_1_113' title='bbox 68 1586 270 1667; x_wconf 72' lang='lat' dir='ltr'><strong>finientibus</strong></span> <span class='ocrx_word' id='word_1_114' title='bbox 298 1604 393 1677; x_wconf 81' lang='lat' dir='ltr'><strong>telis,</strong></span> <span class='ocrx_word' id='word_1_115' title='bbox 424 1604 561 1666; x_wconf 84' lang='lat' dir='ltr'><strong>infantes</strong></span> <span class='ocrx_word' id='word_1_116' title='bbox 593 1606 681 1687; x_wconf 86' lang='lat' dir='ltr'><strong>ipsos</strong></span> <span class='ocrx_word' id='word_1_117' title='bbox 713 1604 847 1665; x_wconf 79' lang='lat' dir='ltr'><strong>afflictos</strong></span> <span class='ocrx_word' id='word_1_118' title='bbox 877 1605 978 1666; x_wconf 78' lang='lat' dir='ltr'><strong>burno</strong></span> <span class='ocrx_word' id='word_1_119' title='bbox 1010 1604 1044 1665; x_wconf 91' lang='lat' dir='ltr'><strong>in</strong></span> <span class='ocrx_word' id='word_1_120' title='bbox 1071 1622 1130 1665; x_wconf 87' lang='lat' dir='ltr'><strong>ora</strong></span> <span class='ocrx_word' id='word_1_121' title='bbox 1150 1604 1292 1666; x_wconf 85' lang='lat' dir='ltr'><strong>militnm</strong></span> <span class='ocrx_word' id='word_1_122' title='bbox 1330 1664 1335 1673; x_wconf 76' lang='grc'>,</span> 
     </span>
     <span class='ocr_line' id='line_1_16' title="bbox 83 1685 1333 1770; baseline -0.002 -21"><span class='ocrx_word' id='word_1_123' title='bbox 83 1688 221 1751; x_wconf 76' lang='lat' dir='ltr'><strong>adversa</strong></span> <span class='ocrx_word' id='word_1_124' title='bbox 246 1686 416 1766; x_wconf 83' lang='lat' dir='ltr'><strong>miserunt.</strong></span> <span class='ocrx_word' id='word_1_125' title='bbox 459 1686 565 1769; x_wconf 87' lang='lat' dir='ltr'><strong>Illyrii</strong></span> <span class='ocrx_word' id='word_1_126' title='bbox 595 1692 727 1770; x_wconf 86' lang='lat' dir='ltr'><strong>quoque</strong></span> <span class='ocrx_word' id='word_1_127' title='bbox 749 1688 809 1749; x_wconf 88' lang='lat' dir='ltr'><strong>snb</strong></span> <span class='ocrx_word' id='word_1_128' title='bbox 833 1685 973 1770; x_wconf 76' lang='lat' dir='ltr'><strong>Alpibus</strong></span> <span class='ocrx_word' id='word_1_129' title='bbox 999 1696 1118 1768; x_wconf 66' lang='lat' dir='ltr'><strong>agunt,</strong></span> <span class='ocrx_word' id='word_1_130' title='bbox 1147 1685 1333 1768; x_wconf 78' lang='lat' dir='ltr'><strong>imasqucti</strong></span> 
     </span>
     <span class='ocr_line' id='line_1_17' title="bbox 80 1769 1292 1855; baseline -0.002 -23"><span class='ocrx_word' id='word_1_131' title='bbox 80 1771 185 1834; x_wconf 76' lang='lat' dir='ltr'><strong>valles</strong></span> <span class='ocrx_word' id='word_1_132' title='bbox 215 1791 343 1844; x_wconf 86' lang='lat' dir='ltr'><strong>earum,</strong></span> <span class='ocrx_word' id='word_1_133' title='bbox 378 1779 415 1832; x_wconf 88' lang='lat' dir='ltr'><strong>nt</strong></span> <span class='ocrx_word' id='word_1_134' title='bbox 440 1771 597 1852; x_wconf 88' lang='lat' dir='ltr'><strong>quaedam</strong></span> <span class='ocrx_word' id='word_1_135' title='bbox 615 1769 709 1855; x_wconf 86' lang='lat' dir='ltr'><strong>&#39;quasi</strong></span> <span class='ocrx_word' id='word_1_136' title='bbox 731 1769 889 1844; x_wconf 88' lang='lat' dir='ltr'><strong>claustra,</strong></span> <span class='ocrx_word' id='word_1_137' title='bbox 915 1770 1121 1841; x_wconf 89' lang='lat' dir='ltr'><strong>custodiunt,</strong></span> <span class='ocrx_word' id='word_1_138' title='bbox 1143 1769 1292 1851; x_wconf 78' lang='lat' dir='ltr'><strong>abruptis</strong></span> 
     </span>
     <span class='ocr_line' id='line_1_18' title="bbox 82 1850 1293 1937; baseline -0.002 -23"><span class='ocrx_word' id='word_1_139' title='bbox 82 1854 290 1916; x_wconf 71' lang='lat' dir='ltr'><strong>torrentibus</strong></span> <span class='ocrx_word' id='word_1_140' title='bbox 311 1852 480 1937; x_wconf 89' lang='lat' dir='ltr'><strong>implicati.</strong></span> <span class='ocrx_word' id='word_1_141' title='bbox 523 1854 562 1914; x_wconf 93' lang='lat' dir='ltr'><strong>ln</strong></span> <span class='ocrx_word' id='word_1_142' title='bbox 581 1852 643 1915; x_wconf 89' lang='lat' dir='ltr'><strong>bos</strong></span> <span class='ocrx_word' id='word_1_143' title='bbox 663 1852 903 1936; x_wconf 82' lang='lat' dir='ltr'><strong>expeditionem</strong></span> <span class='ocrx_word' id='word_1_144' title='bbox 925 1850 994 1935; x_wconf 88' lang='lat' dir='ltr'><strong>ipse</strong></span> <span class='ocrx_word' id='word_1_145' title='bbox 1015 1854 1140 1926; x_wconf 87' lang='lat' dir='ltr'><strong>sumsit,</strong></span> <span class='ocrx_word' id='word_1_146' title='bbox 1156 1851 1293 1936; x_wconf 85' lang='lat' dir='ltr'><strong>fierique</strong></span> 
     </span>
     <span class='ocr_line' id='line_1_19' title="bbox 69 1932 1333 2018; baseline -0.002 -19"><span class='ocrx_word' id='word_1_147' title='bbox 69 1942 202 2017; x_wconf 81' lang='lat' dir='ltr'><strong>&#39;pontes</strong></span> <span class='ocrx_word' id='word_1_148' title='bbox 224 1937 406 2018; x_wconf 77' lang='lat' dir='ltr'><strong>imperavit,</strong></span> <span class='ocrx_word' id='word_1_149' title='bbox 449 1937 513 1998; x_wconf 89' lang='lat' dir='ltr'><strong>Hic</strong></span> <span class='ocrx_word' id='word_1_150' title='bbox 535 1944 567 1997; x_wconf 90' lang='lat' dir='ltr'><strong>et</strong></span> <span class='ocrx_word' id='word_1_151' title='bbox 586 1936 679 2018; x_wconf 81' lang='lat' dir='ltr'><strong>aquis</strong></span> <span class='ocrx_word' id='word_1_152' title='bbox 702 1944 734 1998; x_wconf 90' lang='lat' dir='ltr'><strong>et</strong></span> <span class='ocrx_word' id='word_1_153' title='bbox 753 1936 849 1998; x_wconf 88' lang='lat' dir='ltr'><strong>bosts</strong></span> <span class='ocrx_word' id='word_1_154' title='bbox 869 1932 1098 2005; x_wconf 85' lang='lat' dir='ltr'><strong>turbantibus.</strong></span> <span class='ocrx_word' id='word_1_155' title='bbox 1127 1936 1292 1998; x_wconf 87' lang='lat' dir='ltr'><strong>cunctanti</strong></span> <span class='ocrx_word' id='word_1_156' title='bbox 1313 1959 1333 2018; x_wconf 90' lang='lat'><em>7</em></span> 
     </span>
     <span class='ocr_line' id='line_1_20' title="bbox 81 2018 1291 2101; baseline 0.002 -24"><span class='ocrx_word' id='word_1_157' title='bbox 81 2020 129 2082; x_wconf 76' lang='lat' dir='ltr'><strong>ad</strong></span> <span class='ocrx_word' id='word_1_158' title='bbox 151 2021 336 2082; x_wconf 75' lang='lat' dir='ltr'><strong>adscensum</strong></span> <span class='ocrx_word' id='word_1_159' title='bbox 356 2020 456 2081; x_wconf 88' lang='lat' dir='ltr'><strong>militi</strong></span> <span class='ocrx_word' id='word_1_160' title='bbox 476 2028 603 2081; x_wconf 88' lang='lat' dir='ltr'><strong>scutum</strong></span> <span class='ocrx_word' id='word_1_161' title='bbox 624 2019 664 2081; x_wconf 93' lang='lat' dir='ltr'><strong>de</strong></span> <span class='ocrx_word' id='word_1_162' title='bbox 685 2041 781 2081; x_wconf 88' lang='lat' dir='ltr'><strong>manu</strong></span> <span class='ocrx_word' id='word_1_163' title='bbox 801 2018 933 2101; x_wconf 78' lang='lat' dir='ltr'><strong>rapuit:</strong></span> <span class='ocrx_word' id='word_1_164' title='bbox 964 2028 996 2080; x_wconf 88' lang='lat' dir='ltr'><strong>et</strong></span> <span class='ocrx_word' id='word_1_165' title='bbox 1017 2020 1050 2081; x_wconf 91' lang='lat' dir='ltr'><strong>in</strong></span> <span class='ocrx_word' id='word_1_166' title='bbox 1071 2019 1123 2080; x_wconf 85' lang='lat' dir='ltr'><strong>ria</strong></span> <span class='ocrx_word' id='word_1_167' title='bbox 1144 2018 1291 2100; x_wconf 87' lang='lat' dir='ltr'><strong>primns,</strong></span> 
     </span>
     <span class='ocr_line' id='line_1_21' title="bbox 79 2101 1293 2188; baseline 0.003 -29"><span class='ocrx_word' id='word_1_168' title='bbox 79 2104 166 2165; x_wconf 78' lang='lat' dir='ltr'><strong>tnnc</strong></span> <span class='ocrx_word' id='word_1_169' title='bbox 187 2104 314 2188; x_wconf 78' lang='lat' dir='ltr'><strong>agmine</strong></span> <span class='ocrx_word' id='word_1_170' title='bbox 334 2112 467 2176; x_wconf 87' lang='lat' dir='ltr'><strong>secuto,</strong></span> <span class='ocrx_word' id='word_1_171' title='bbox 497 2112 597 2186; x_wconf 80' lang='lat' dir='ltr'><strong>quum</strong></span> <span class='ocrx_word' id='word_1_172' title='bbox 623 2101 778 2179; x_wconf 79' lang='lat' dir='ltr'><strong>subrutus</strong></span> <span class='ocrx_word' id='word_1_173' title='bbox 798 2101 1007 2164; x_wconf 82' lang='lat' dir='ltr'><strong>multitudine</strong></span> <span class='ocrx_word' id='word_1_174' title='bbox 1027 2118 1112 2183; x_wconf 80' lang='lat' dir='ltr'><strong>pons</strong></span> <span class='ocrx_word' id='word_1_175' title='bbox 1133 2101 1293 2163; x_wconf 89' lang='lat' dir='ltr'><strong>succidis-</strong></span> 
     </span>
     <span class='ocr_line' id='line_1_22' title="bbox 78 2184 1292 2268; baseline 0.002 -25"><span class='ocrx_word' id='word_1_176' title='bbox 78 2194 157 2259; x_wconf 70' lang='lat' dir='ltr'><strong>set,</strong></span> <span class='ocrx_word' id='word_1_177' title='bbox 185 2186 311 2265; x_wconf 84' lang='lat' dir='ltr'><strong>saucius</strong></span> <span class='ocrx_word' id='word_1_178' title='bbox 339 2186 487 2248; x_wconf 87' lang='lat' dir='ltr'><strong>manibus</strong></span> <span class='ocrx_word' id='word_1_179' title='bbox 508 2208 545 2248; x_wconf 93' lang='lat' dir='ltr'><strong>ac</strong></span> <span class='ocrx_word' id='word_1_180' title='bbox 566 2186 737 2260; x_wconf 87' lang='lat' dir='ltr'><strong>cruribus,</strong></span> <span class='ocrx_word' id='word_1_181' title='bbox 767 2186 949 2268; x_wconf 86' lang='lat' dir='ltr'><strong>speciosior</strong></span> <span class='ocrx_word' id='word_1_182' title='bbox 968 2186 1142 2267; x_wconf 79' lang='lat' dir='ltr'><strong>sanguine,</strong></span> <span class='ocrx_word' id='word_1_183' title='bbox 1166 2194 1199 2248; x_wconf 93' lang='lat' dir='ltr'><strong>et</strong></span> <span class='ocrx_word' id='word_1_184' title='bbox 1219 2184 1292 2264; x_wconf 78' lang='lat' dir='ltr'><strong>ips&#39;o</strong></span> 
     </span>
     <span class='ocr_line' id='line_1_23' title="bbox 79 2265 1334 2352; baseline -0.001 -23"><span class='ocrx_word' id='word_1_185' title='bbox 79 2271 237 2345; x_wconf 75' lang='lat' dir='ltr'><strong>periculo</strong></span> <span class='ocrx_word' id='word_1_186' title='bbox 260 2271 446 2352; x_wconf 78' lang='lat' dir='ltr'><strong>augustior,</strong></span> <span class='ocrx_word' id='word_1_187' title='bbox 473 2268 563 2349; x_wconf 72' lang='lat' dir='ltr'><strong>terga</strong></span> <span class='ocrx_word' id='word_1_188' title='bbox 584 2269 729 2330; x_wconf 90' lang='lat' dir='ltr'><strong>bostium</strong></span> <span class='ocrx_word' id='word_1_189' title='bbox 749 2268 939 2350; x_wconf 86' lang='lat' dir='ltr'><strong>peroccidit.</strong></span> <span class='ocrx_word' id='word_1_190' title='bbox 983 2268 1143 2329; x_wconf 89' lang='lat' dir='ltr'><strong>Pannonii</strong></span> <span class='ocrx_word' id='word_1_191' title='bbox 1166 2267 1294 2335; x_wconf 85' lang='lat' dir='ltr'><strong>duobus</strong></span> <span class='ocrx_word' id='word_1_192' title='bbox 1314 2265 1334 2329; x_wconf 84' lang='lat'><strong>8</strong></span> 
     </span>
     <span class='ocr_line' id='line_1_24' title="bbox 79 2350 1293 2429; baseline 0.002 -20"><span class='ocrx_word' id='word_1_193' title='bbox 79 2354 165 2414; x_wconf 70' lang='lat' dir='ltr'><strong>satis</strong></span> <span class='ocrx_word' id='word_1_194' title='bbox 198 2353 328 2429; x_wconf 86' lang='lat' dir='ltr'><strong>acribus</strong></span> <span class='ocrx_word' id='word_1_195' title='bbox 362 2351 487 2427; x_wconf 80' lang='lat' dir='ltr'><strong>tluviis,¹</strong></span> <span class='ocrx_word' id='word_1_196' title='bbox 518 2358 628 2416; x_wconf 79' lang='lat' dir='ltr'><strong>Dravo</strong></span> <span class='ocrx_word' id='word_1_197' title='bbox 664 2352 747 2426; x_wconf 83' lang='lat' dir='ltr'><strong>Savo</strong></span> <span class='ocrx_word' id='word_1_198' title='bbox 774 2363 835 2424; x_wconf 85' lang='lat' dir='ltr'><strong>ue,</strong></span> <span class='ocrx_word' id='word_1_199' title='bbox 871 2350 1084 2413; x_wconf 84' lang='lat' dir='ltr'><strong>vallabantur.</strong></span> <span class='ocrx_word' id='word_1_200' title='bbox 1137 2350 1293 2426; x_wconf 84' lang='lat' dir='ltr'><strong>Populati</strong></span> 
     </span>
     <span class='ocr_line' id='line_1_25' title="bbox 77 2374 1340 2518; baseline -0.003 -21"><span class='ocrx_word' id='word_1_201' title='bbox 77 2438 278 2513; x_wconf 78' lang='lat' dir='ltr'><strong>proximos,</strong></span> <span class='ocrx_word' id='word_1_202' title='bbox 300 2436 386 2498; x_wconf 88' lang='lat' dir='ltr'><strong>intra</strong></span> <span class='ocrx_word' id='word_1_203' title='bbox 408 2436 495 2518; x_wconf 86' lang='lat' dir='ltr'><strong>ripas</strong></span> <span class='ocrx_word' id='word_1_204' title='bbox 517 2459 551 2499; x_wconf 84' lang='lat' dir='ltr'><strong>se</strong></span> <span class='ocrx_word' id='word_1_205' title='bbox 571 2374 785 2514; x_wconf 68' lang='lat' dir='ltr'><strong>recipiebani.</strong></span> <span class='ocrx_word' id='word_1_206' title='bbox 826 2436 865 2494; x_wconf 89' lang='lat' dir='ltr'><strong>ln</strong></span> <span class='ocrx_word' id='word_1_207' title='bbox 885 2434 947 2494; x_wconf 89' lang='lat' dir='ltr'><strong>bos</strong></span> <span class='ocrx_word' id='word_1_208' title='bbox 968 2433 1143 2495; x_wconf 79' lang='lat' dir='ltr'><strong>domandos</strong></span> <span class='ocrx_word' id='word_1_209' title='bbox 1166 2432 1296 2494; x_wconf 84' lang='lat' dir='ltr'><strong>Tiberi·</strong></span> <span class='ocrx_word' id='word_1_210' title='bbox 1336 2474 1340 2493; x_wconf 87' lang='lat'><strong>.</strong></span> 
     </span>
     <span class='ocr_line' id='line_1_26' title="bbox 76 2516 1335 2602; baseline -0.001 -25"><span class='ocrx_word' id='word_1_211' title='bbox 76 2528 146 2580; x_wconf 71' lang='lat' dir='ltr'><strong>nm</strong></span> <span class='ocrx_word' id='word_1_212' title='bbox 165 2519 274 2583; x_wconf 84' lang='lat' dir='ltr'><strong>misit:</strong></span> <span class='ocrx_word' id='word_1_213' title='bbox 306 2518 390 2580; x_wconf 90' lang='lat' dir='ltr'><strong>caesi</strong></span> <span class='ocrx_word' id='word_1_214' title='bbox 422 2527 497 2579; x_wconf 89' lang='lat' dir='ltr'><strong>sunt</strong></span> <span class='ocrx_word' id='word_1_215' title='bbox 525 2522 559 2581; x_wconf 86' lang='lat' dir='ltr'><strong>in</strong></span> <span class='ocrx_word' id='word_1_216' title='bbox 585 2517 733 2602; x_wconf 84' lang='lat' dir='ltr'><strong>utrisque</strong></span> <span class='ocrx_word' id='word_1_217' title='bbox 761 2517 958 2579; x_wconf 83' lang='lat' dir='ltr'><strong>fluminibus.</strong></span> <span class='ocrx_word' id='word_1_218' title='bbox 993 2516 1099 2578; x_wconf 79' lang='lat' dir='ltr'><strong>Arma</strong></span> <span class='ocrx_word' id='word_1_219' title='bbox 1130 2517 1293 2578; x_wconf 77' lang='lat' dir='ltr'><strong>victorum</strong></span> <span class='ocrx_word' id='word_1_220' title='bbox 1316 2537 1335 2599; x_wconf 79' lang='lat'><strong>9</strong></span> 
     </span>
     <span class='ocr_line' id='line_1_27' title="bbox 75 2599 1293 2683; baseline -0.002 -22"><span class='ocrx_word' id='word_1_221' title='bbox 75 2600 156 2665; x_wconf 70' lang='lat' dir='ltr'><strong>hon</strong></span> <span class='ocrx_word' id='word_1_222' title='bbox 177 2625 216 2665; x_wconf 83' lang='lat' dir='ltr'><strong>ex</strong></span> <span class='ocrx_word' id='word_1_223' title='bbox 236 2623 330 2664; x_wconf 86' lang='lat' dir='ltr'><strong>more</strong></span> <span class='ocrx_word' id='word_1_224' title='bbox 349 2599 429 2662; x_wconf 84' lang='lat' dir='ltr'><strong>belli</strong></span> <span class='ocrx_word' id='word_1_225' title='bbox 453 2610 605 2676; x_wconf 84' lang='lat' dir='ltr'><strong>cremata,</strong></span> <span class='ocrx_word' id='word_1_226' title='bbox 622 2601 676 2663; x_wconf 89' lang='lat' dir='ltr'><strong>sed</strong></span> <span class='ocrx_word' id='word_1_227' title='bbox 692 2608 785 2683; x_wconf 86' lang='lat' dir='ltr'><strong>capta</strong></span> <span class='ocrx_word' id='word_1_228' title='bbox 798 2609 884 2672; x_wconf 91' lang='lat' dir='ltr'><strong>sunt,</strong></span> <span class='ocrx_word' id='word_1_229' title='bbox 901 2608 933 2661; x_wconf 91' lang='lat' dir='ltr'><strong>et</strong></span> <span class='ocrx_word' id='word_1_230' title='bbox 947 2599 980 2661; x_wconf 91' lang='lat' dir='ltr'><strong>in</strong></span> <span class='ocrx_word' id='word_1_231' title='bbox 994 2599 1193 2682; x_wconf 85' lang='lat' dir='ltr'><strong>profluentes</strong></span> <span class='ocrx_word' id='word_1_232' title='bbox 1208 2599 1293 2671; x_wconf 84' lang='lat' dir='ltr'><strong>data,</strong></span> 
     </span>
     <span class='ocr_line' id='line_1_28' title="bbox 77 2682 1336 2768; baseline -0.002 -23"><span class='ocrx_word' id='word_1_233' title='bbox 77 2695 128 2746; x_wconf 76' lang='lat' dir='ltr'><strong>ut</strong></span> <span class='ocrx_word' id='word_1_234' title='bbox 149 2685 286 2758; x_wconf 87' lang='lat' dir='ltr'><strong>ceteris,</strong></span> <span class='ocrx_word' id='word_1_235' title='bbox 309 2683 366 2768; x_wconf 89' lang='lat' dir='ltr'><strong>qui</strong></span> <span class='ocrx_word' id='word_1_236' title='bbox 388 2682 599 2757; x_wconf 87' lang='lat' dir='ltr'><strong>resistebant,</strong></span> <span class='ocrx_word' id='word_1_237' title='bbox 620 2684 761 2746; x_wconf 85' lang='lat' dir='ltr'><strong>victoria</strong></span> <span class='ocrx_word' id='word_1_238' title='bbox 781 2684 1002 2746; x_wconf 85' lang='lat' dir='ltr'><strong>nunciaretur.</strong></span> <span class='ocrx_word' id='word_1_239' title='bbox 1039 2682 1208 2745; x_wconf 83' lang='lat' dir='ltr'><strong>Dalmatae</strong></span> <span class='ocrx_word' id='word_1_240' title='bbox 1219 2682 1336 2764; x_wconf 80' lang='lat' dir='ltr'><strong>ple-ro</strong></span> 
     </span>
     <span class='ocr_line' id='line_1_29' title="bbox 75 2765 1295 2851; baseline 0.004 -27"><span class='ocrx_word' id='word_1_241' title='bbox 75 2770 231 2851; x_wconf 62' lang='lat' dir='ltr'><strong>rumque</strong></span> <span class='ocrx_word' id='word_1_242' title='bbox 250 2767 309 2829; x_wconf 89' lang='lat' dir='ltr'><strong>sub</strong></span> <span class='ocrx_word' id='word_1_243' title='bbox 331 2765 419 2827; x_wconf 81' lang='lat' dir='ltr'><strong>silvis</strong></span> <span class='ocrx_word' id='word_1_244' title='bbox 440 2777 558 2850; x_wconf 79' lang='lat' dir='ltr'><strong>agunt:</strong></span> <span class='ocrx_word' id='word_1_245' title='bbox 589 2765 664 2828; x_wconf 88' lang='lat' dir='ltr'><strong>inde</strong></span> <span class='ocrx_word' id='word_1_246' title='bbox 687 2766 721 2827; x_wconf 90' lang='lat' dir='ltr'><strong>in</strong></span> <span class='ocrx_word' id='word_1_247' title='bbox 740 2765 915 2828; x_wconf 87' lang='lat' dir='ltr'><strong>latrocinia</strong></span> <span class='ocrx_word' id='word_1_248' title='bbox 934 2765 1182 2847; x_wconf 86' lang='lat' dir='ltr'><strong>promptissimi.</strong></span> <span class='ocrx_word' id='word_1_249' title='bbox 1225 2768 1295 2829; x_wconf 87' lang='lat' dir='ltr'><strong>Hos</strong></span> 
     </span>
     <span class='ocr_line' id='line_1_30' title="bbox 77 2844 1295 2934; baseline -0.002 -24"><span class='ocrx_word' id='word_1_250' title='bbox 77 2844 158 2912; x_wconf 77' lang='lat' dir='ltr'><strong>iam</strong></span> <span class='ocrx_word' id='word_1_251' title='bbox 181 2850 312 2934; x_wconf 86' lang='lat' dir='ltr'><strong>quidem</strong></span> <span class='ocrx_word' id='word_1_252' title='bbox 332 2849 475 2917; x_wconf 81' lang='lat' dir='ltr'><strong>Marcius</strong></span> <span class='ocrx_word' id='word_1_253' title='bbox 494 2850 622 2912; x_wconf 81' lang='lat' dir='ltr'><strong>incensa</strong></span> <span class='ocrx_word' id='word_1_254' title='bbox 643 2848 726 2911; x_wconf 88' lang='lat' dir='ltr'><strong>urbe</strong></span> <span class='ocrx_word' id='word_1_255' title='bbox 744 2846 910 2909; x_wconf 84' lang='lat' dir='ltr'><strong>Delminio</strong></span> <span class='ocrx_word' id='word_1_256' title='bbox 926 2849 1015 2929; x_wconf 87' lang='lat' dir='ltr'><strong>quasi</strong></span> <span class='ocrx_word' id='word_1_257' title='bbox 1031 2847 1295 2910; x_wconf 78' lang='lat' dir='ltr'><strong>detruncaverat:</strong></span> 
     </span>
     <span class='ocr_line' id='line_1_31' title="bbox 80 2929 1296 3017; baseline -0.004 -20"><span class='ocrx_word' id='word_1_258' title='bbox 80 2944 209 3017; x_wconf 73' lang='lat' dir='ltr'><strong>postea</strong></span> <span class='ocrx_word' id='word_1_259' title='bbox 236 2932 367 2994; x_wconf 79' lang='lat' dir='ltr'><strong>Asinius</strong></span> <span class='ocrx_word' id='word_1_260' title='bbox 391 2931 502 2993; x_wconf 91' lang='lat' dir='ltr'><strong>Pollio</strong></span> <span class='ocrx_word' id='word_1_261' title='bbox 532 2932 705 3016; x_wconf 80' lang='lat' dir='ltr'><strong>gregibus,</strong></span> <span class='ocrx_word' id='word_1_262' title='bbox 733 2930 842 3013; x_wconf 80' lang='lat' dir='ltr'><strong>agris,</strong></span> <span class='ocrx_word' id='word_1_263' title='bbox 875 2931 973 2991; x_wconf 88' lang='lat' dir='ltr'><strong>armis</strong></span> <span class='ocrx_word' id='word_1_264' title='bbox 999 2929 1193 2990; x_wconf 80' lang='lat' dir='ltr'><strong>multaverat</strong></span> <span class='ocrx_word' id='word_1_265' title='bbox 1225 2932 1296 3009; x_wconf 85' lang='lat' dir='ltr'><strong>[hic</strong></span> 
     </span>
     <span class='ocr_line' id='line_1_32' title="bbox 84 3010 1337 3096; baseline -0.005 -17"><span class='ocrx_word' id='word_1_266' title='bbox 84 3018 255 3082; x_wconf 73' lang='lat' dir='ltr'><strong>secundus</strong></span> <span class='ocrx_word' id='word_1_267' title='bbox 284 3017 435 3096; x_wconf 86' lang='lat' dir='ltr'><strong>orator];</strong></span> <span class='ocrx_word' id='word_1_268' title='bbox 467 3012 521 3075; x_wconf 90' lang='lat' dir='ltr'><strong>sed</strong></span> <span class='ocrx_word' id='word_1_269' title='bbox 547 3010 977 3096; x_wconf 78' lang='lat' dir='ltr'><strong>Augustusperdomandos</strong></span> <span class='ocrx_word' id='word_1_270' title='bbox 1010 3010 1113 3071; x_wconf 91' lang='lat' dir='ltr'><strong>Vibio</strong></span> <span class='ocrx_word' id='word_1_271' title='bbox 1144 3011 1337 3073; x_wconf 68' lang='lat' dir='ltr'><strong>mandatur</strong></span> 
     </span>
     <span class='ocr_line' id='line_1_33' title="bbox 86 3092 1298 3187; baseline -0.009 -21"><span class='ocrx_word' id='word_1_272' title='bbox 86 3105 153 3187; x_wconf 69' lang='lat' dir='ltr'><strong>qui</strong></span> <span class='ocrx_word' id='word_1_273' title='bbox 176 3102 309 3165; x_wconf 83' lang='lat' dir='ltr'><strong>efferum</strong></span> <span class='ocrx_word' id='word_1_274' title='bbox 329 3119 429 3181; x_wconf 83' lang='lat' dir='ltr'><strong>genus</strong></span> <span class='ocrx_word' id='word_1_275' title='bbox 450 3096 565 3160; x_wconf 84' lang='lat' dir='ltr'><strong>fodere</strong></span> <span class='ocrx_word' id='word_1_276' title='bbox 585 3107 688 3159; x_wconf 84' lang='lat' dir='ltr'><strong>terras</strong></span> <span class='ocrx_word' id='word_1_277' title='bbox 709 3095 840 3174; x_wconf 68' lang='lat' dir='ltr'><strong>coegit,</strong></span> <span class='ocrx_word' id='word_1_278' title='bbox 868 3112 1047 3176; x_wconf 87' lang='lat' dir='ltr'><strong>aurumque</strong></span> <span class='ocrx_word' id='word_1_279' title='bbox 1067 3092 1158 3175; x_wconf 67' lang='lat' dir='ltr'><strong>senis</strong></span> <span class='ocrx_word' id='word_1_280' title='bbox 1177 3102 1298 3173; x_wconf 88' lang='lat' dir='ltr'><strong>repur-</strong></span> 
     </span>
     <span class='ocr_line' id='line_1_34' title="bbox 74 3173 1299 3269; baseline -0.011 -19"><span class='ocrx_word' id='word_1_281' title='bbox 74 3192 192 3265; x_wconf 63' lang='grc' dir='ltr'><strong>ψει</strong></span> <span class='ocrx_word' id='word_1_282' title='bbox 218 3183 308 3269; x_wconf 88' lang='lat' dir='ltr'><strong>quod</strong></span> <span class='ocrx_word' id='word_1_283' title='bbox 329 3180 477 3266; x_wconf 85' lang='lat' dir='ltr'><strong>alioquin</strong></span> <span class='ocrx_word' id='word_1_284' title='bbox 497 3199 574 3257; x_wconf 73' lang='lat' dir='ltr'><strong>aens</strong></span> <span class='ocrx_word' id='word_1_285' title='bbox 595 3179 741 3241; x_wconf 88' lang='lat' dir='ltr'><strong>omnium</strong></span> <span class='ocrx_word' id='word_1_286' title='bbox 762 3174 968 3259; x_wconf 88' lang='lat' dir='ltr'><strong>cupidissima</strong></span> <span class='ocrx_word' id='word_1_287' title='bbox 992 3182 1030 3239; x_wconf 85' lang='lat' dir='ltr'><strong>eo</strong></span> <span class='ocrx_word' id='word_1_288' title='bbox 1054 3173 1176 3246; x_wconf 87' lang='lat' dir='ltr'><strong>studio,</strong></span> <span class='ocrx_word' id='word_1_289' title='bbox 1193 3197 1227 3234; x_wconf 74' lang='lat' dir='ltr'><strong>aa</strong></span> <span class='ocrx_word' id='word_1_290' title='bbox 1244 3176 1299 3236; x_wconf 89' lang='lat' dir='ltr'><strong>di-</strong></span> 
     </span>
     <span class='ocr_line' id='line_1_35' title="bbox 81 3258 1339 3355; baseline -0.013 -20"><span class='ocrx_word' id='word_1_291' title='bbox 81 3266 229 3355; x_wconf 74' lang='lat' dir='ltr'><strong>ligentia</strong></span> <span class='ocrx_word' id='word_1_292' title='bbox 250 3264 404 3349; x_wconf 85' lang='lat' dir='ltr'><strong>acquirit,</strong></span> <span class='ocrx_word' id='word_1_293' title='bbox 428 3274 466 3327; x_wconf 86' lang='lat' dir='ltr'><strong>nt</strong></span> <span class='ocrx_word' id='word_1_294' title='bbox 487 3262 570 3327; x_wconf 89' lang='lat' dir='ltr'><strong>illud</strong></span> <span class='ocrx_word' id='word_1_295' title='bbox 591 3265 625 3324; x_wconf 90' lang='lat' dir='ltr'><strong>in</strong></span> <span class='ocrx_word' id='word_1_296' title='bbox 647 3283 721 3343; x_wconf 84' lang='lat' dir='ltr'><strong>usus</strong></span> <span class='ocrx_word' id='word_1_297' title='bbox 742 3281 816 3323; x_wconf 89' lang='lat' dir='ltr'><strong>suos</strong></span> <span class='ocrx_word' id='word_1_298' title='bbox 837 3280 967 3322; x_wconf 75' lang='lat' dir='ltr'><strong>seruare</strong></span> <span class='ocrx_word' id='word_1_299' title='bbox 987 3258 1147 3322; x_wconf 83' lang='lat' dir='ltr'><strong>videatur.</strong></span> <span class='ocrx_word' id='word_1_300' title='bbox 1192 3259 1339 3320; x_wconf 63' lang='lat' dir='ltr'><strong>Moesias</strong></span> 
     </span>
     <span class='ocr_line' id='line_1_36' title="bbox 89 3343 1342 3439; baseline -0.008 -24"><span class='ocrx_word' id='word_1_301' title='bbox 89 3374 194 3439; x_wconf 56' lang='lat' dir='ltr'><strong>Qum</strong></span> <span class='ocrx_word' id='word_1_302' title='bbox 219 3351 303 3424; x_wconf 83' lang='lat' dir='ltr'><strong>teri,</strong></span> <span class='ocrx_word' id='word_1_303' title='bbox 335 3369 431 3429; x_wconf 85' lang='lat' dir='ltr'><strong>quam</strong></span> <span class='ocrx_word' id='word_1_304' title='bbox 457 3356 566 3411; x_wconf 79' lang='lat' dir='ltr'><strong>truces</strong></span> <span class='ocrx_word' id='word_1_305' title='bbox 588 3345 733 3417; x_wconf 82' lang='lat' dir='ltr'><strong>fuerint,</strong></span> <span class='ocrx_word' id='word_1_306' title='bbox 761 3350 857 3425; x_wconf 78' lang='lat' dir='ltr'><strong>qnam</strong></span> <span class='ocrx_word' id='word_1_307' title='bbox 879 3343 1023 3426; x_wconf 85' lang='lat' dir='ltr'><strong>ipsorum</strong></span> <span class='ocrx_word' id='word_1_308' title='bbox 1046 3344 1145 3404; x_wconf 86' lang='lat' dir='ltr'><strong>etiam·</strong></span> <span class='ocrx_word' id='word_1_309' title='bbox 1164 3343 1296 3405; x_wconf 88' lang='lat' dir='ltr'><strong>barbari</strong></span> <span class='ocrx_word' id='word_1_310' title='bbox 1339 3401 1342 3405; x_wconf 91' lang='lat'><strong>.</strong></span> 
     </span>
     <span class='ocr_line' id='line_1_37' title="bbox 85 3410 1338 3510; baseline -0.012 -9"><span class='ocrx_word' id='word_1_311' title='bbox 85 3426 331 3510; x_wconf 69' lang='lat' dir='ltr'><strong>barbarorum,</strong></span> <span class='ocrx_word' id='word_1_312' title='bbox 352 3430 516 3494; x_wconf 75' lang='lat' dir='ltr'><strong>horribile</strong></span> <span class='ocrx_word' id='word_1_313' title='bbox 538 3424 629 3503; x_wconf 83' lang='lat' dir='ltr'><strong>dictu</strong></span> <span class='ocrx_word' id='word_1_314' title='bbox 649 3435 722 3505; x_wconf 70' lang='lat' dir='ltr'><strong>est.</strong></span> <span class='ocrx_word' id='word_1_315' title='bbox 749 3428 841 3490; x_wconf 88' lang='lat' dir='ltr'><strong>Unus</strong></span> <span class='ocrx_word' id='word_1_316' title='bbox 862 3425 991 3502; x_wconf 88' lang='lat' dir='ltr'><strong>ducum,</strong></span> <span class='ocrx_word' id='word_1_317' title='bbox 1013 3434 1087 3488; x_wconf 87' lang='lat' dir='ltr'><strong>ante</strong></span> <span class='ocrx_word' id='word_1_318' title='bbox 1107 3427 1208 3489; x_wconf 83' lang='lat' dir='ltr'><strong>aciem</strong></span> <span class='ocrx_word' id='word_1_319' title='bbox 1230 3410 1338 3508; x_wconf 69' lang='lat' dir='ltr'><strong>p&#39;o-tss</strong></span> 
     </span>
     <span class='ocr_line' id='line_1_38' title="bbox 86 3508 1294 3598; baseline -0.01 -15"><span class='ocrx_word' id='word_1_320' title='bbox 86 3519 216 3595; x_wconf 70' lang='lat' dir='ltr'><strong>stolato</strong></span> <span class='ocrx_word' id='word_1_321' title='bbox 239 3514 391 3588; x_wconf 90' lang='lat' dir='ltr'><strong>silentio,</strong></span> <span class='ocrx_word' id='word_1_322' title='bbox 419 3514 485 3598; x_wconf 75' lang='lat' dir='ltr'><strong>Q&#39;ui</strong></span> <span class='ocrx_word' id='word_1_323' title='bbox 506 3536 578 3587; x_wconf 74' lang='lat' dir='ltr'><strong>eos,</strong></span> <span class='ocrx_word' id='word_1_324' title='bbox 616 3510 740 3594; x_wconf 86' lang='lat' dir='ltr'><strong>inquit,</strong></span> <span class='ocrx_word' id='word_1_325' title='bbox 771 3513 874 3572; x_wconf 76' lang='lat' dir='ltr'><strong>estis?</strong></span> <span class='ocrx_word' id='word_1_326' title='bbox 906 3508 1106 3592; x_wconf 88' lang='lat' dir='ltr'><strong>Responsum</strong></span> <span class='ocrx_word' id='word_1_327' title='bbox 1135 3511 1294 3585; x_wconf 80' lang='lat' dir='ltr'><strong>invicem:</strong></span> 
     </span>
     <span class='ocr_line' id='line_1_39' title="bbox 82 3591 1298 3680; baseline -0.009 -16"><span class='ocrx_word' id='word_1_328' title='bbox 82 3606 262 3675; x_wconf 62' lang='lat' dir='ltr'><strong>Romani,</strong></span> <span class='ocrx_word' id='word_1_329' title='bbox 290 3602 437 3680; x_wconf 75' lang='lat' dir='ltr'><strong>gentium</strong></span> <span class='ocrx_word' id='word_1_330' title='bbox 462 3597 592 3659; x_wconf 80' lang='lat' dir='ltr'><strong>domini.</strong></span> <span class='ocrx_word' id='word_1_331' title='bbox 634 3595 676 3656; x_wconf 90' lang='lat' dir='ltr'><strong>Et</strong></span> <span class='ocrx_word' id='word_1_332' title='bbox 701 3593 777 3668; x_wconf 89' lang='lat' dir='ltr'><strong>ille,</strong></span> <span class='ocrx_word' id='word_1_333' title='bbox 808 3591 883 3670; x_wconf 77' lang='lat' dir='ltr'><strong>Ita,</strong></span> <span class='ocrx_word' id='word_1_334' title='bbox 913 3595 1040 3677; x_wconf 86' lang='lat' dir='ltr'><strong>inquit,</strong></span> <span class='ocrx_word' id='word_1_335' title='bbox 1057 3595 1143 3669; x_wconf 80' lang='lat' dir='ltr'><strong>fiet,</strong></span> <span class='ocrx_word' id='word_1_336' title='bbox 1178 3596 1212 3653; x_wconf 78' lang='lat' dir='ltr'><strong>si</strong></span> <span class='ocrx_word' id='word_1_337' title='bbox 1240 3600 1298 3653; x_wconf 80' lang='lat' dir='ltr'><strong>nos</strong></span> 
     </span>
     <span class='ocr_line' id='line_1_40' title="bbox 87 3671 1340 3764; baseline -0.015 -15"><span class='ocrx_word' id='word_1_338' title='bbox 87 3690 250 3757; x_wconf 69' lang='lat' dir='ltr'><strong>vabsritis:</strong></span> <span class='ocrx_word' id='word_1_339' title='bbox 290 3682 427 3764; x_wconf 83' lang='lat' dir='ltr'><strong>Accepit</strong></span> <span class='ocrx_word' id='word_1_340' title='bbox 448 3702 542 3742; x_wconf 85' lang='lat' dir='ltr'><strong>omen</strong></span> <span class='ocrx_word' id='word_1_341' title='bbox 561 3680 690 3740; x_wconf 86' lang='lat' dir='ltr'><strong>Marcus</strong></span> <span class='ocrx_word' id='word_1_342' title='bbox 712 3677 868 3739; x_wconf 85' lang='lat' dir='ltr'><strong>Crassus.¹</strong></span> <span class='ocrx_word' id='word_1_343' title='bbox 896 3677 950 3739; x_wconf 92' lang='lat' dir='ltr'><strong>llli</strong></span> <span class='ocrx_word' id='word_1_344' title='bbox 970 3675 1083 3738; x_wconf 86' lang='lat' dir='ltr'><strong>statim·</strong></span> <span class='ocrx_word' id='word_1_345' title='bbox 1100 3682 1174 3733; x_wconf 84' lang='lat' dir='ltr'><strong>ante</strong></span> <span class='ocrx_word' id='word_1_346' title='bbox 1194 3671 1340 3750; x_wconf 56' lang='lat' dir='ltr'><strong>aciemrd</strong></span> 
     </span>
     <span class='ocr_line' id='line_1_41' title="bbox 88 3754 1298 3847; baseline -0.018 -13"><span class='ocrx_word' id='word_1_347' title='bbox 88 3760 267 3839; x_wconf 79' lang='lat' dir='ltr'><strong>immolato</strong></span> <span class='ocrx_word' id='word_1_348' title='bbox 300 3770 384 3847; x_wconf 75' lang='lat' dir='ltr'><strong>equo</strong></span> <span class='ocrx_word' id='word_1_349' title='bbox 414 3772 592 3845; x_wconf 86' lang='lat' dir='ltr'><strong>concepere</strong></span> <span class='ocrx_word' id='word_1_350' title='bbox 622 3771 753 3830; x_wconf 84' lang='lat' dir='ltr'><strong>votnm,</strong></span> <span class='ocrx_word' id='word_1_351' title='bbox 768 3770 817 3829; x_wconf 84' lang='lat' dir='ltr'><strong>¹ut</strong></span> <span class='ocrx_word' id='word_1_352' title='bbox 837 3757 1111 3829; x_wconf 71' lang='lat' dir='ltr'><strong>caesorumeoe&#39;tis</strong></span> <span class='ocrx_word' id='word_1_353' title='bbox 1131 3754 1246 3815; x_wconf 82' lang='lat' dir='ltr'><strong>ducum</strong></span> <span class='ocrx_word' id='word_1_354' title='bbox 1265 3764 1298 3814; x_wconf 81' lang='lat' dir='ltr'><strong>et</strong></span> 
     </span>
     <span class='ocr_line' id='line_1_42' title="bbox 91 3836 1331 3921; baseline -0.013 -7"><span class='ocrx_word' id='word_1_355' title='bbox 91 3854 233 3917; x_wconf 68' lang='lat' dir='ltr'><strong>laterent</strong></span> <span class='ocrx_word' id='word_1_356' title='bbox 266 3857 299 3910; x_wconf 81' lang='lat' dir='ltr'><strong>et</strong></span> <span class='ocrx_word' id='word_1_357' title='bbox 322 3858 535 3921; x_wconf 72' lang='lat' dir='ltr'><strong>vescerentur,</strong></span> <span class='ocrx_word' id='word_1_358' title='bbox 576 3847 664 3906; x_wconf 91' lang='lat' dir='ltr'><strong>Deos</strong></span> <span class='ocrx_word' id='word_1_359' title='bbox 695 3839 821 3903; x_wconf 86' lang='lat' dir='ltr'><strong>audisse</strong></span> <span class='ocrx_word' id='word_1_360' title='bbox 855 3839 1061 3902; x_wconf 88' lang='lat' dir='ltr'><strong>crediderim.</strong></span> <span class='ocrx_word' id='word_1_361' title='bbox 1103 3838 1172 3900; x_wconf 86' lang='lat' dir='ltr'><strong>Nec</strong></span> <span class='ocrx_word' id='word_1_362' title='bbox 1202 3836 1296 3903; x_wconf 85' lang='lat' dir='ltr'><strong>tubas</strong></span> <span class='ocrx_word' id='word_1_363' title='bbox 1325 3895 1331 3905; x_wconf 83' lang='grc'>,</span> 
     </span>
     <span class='ocr_line' id='line_1_43' title="bbox 91 3918 1338 4012; baseline -0.015 -13"><span class='ocrx_word' id='word_1_364' title='bbox 91 3936 257 4005; x_wconf 82' lang='lat' dir='ltr'><strong>sustinere</strong></span> <span class='ocrx_word' id='word_1_365' title='bbox 285 3937 477 4012; x_wconf 84' lang='lat' dir='ltr'><strong>potnerunt.</strong></span> <span class='ocrx_word' id='word_1_366' title='bbox 518 3928 592 3989; x_wconf 83' lang='lat' dir='ltr'><strong>Non</strong></span> <span class='ocrx_word' id='word_1_367' title='bbox 616 3926 787 3988; x_wconf 86' lang='lat' dir='ltr'><strong>minimum·</strong></span> <span class='ocrx_word' id='word_1_368' title='bbox 808 3923 947 3984; x_wconf 78' lang='lat' dir='ltr'><strong>terroris</strong></span> <span class='ocrx_word' id='word_1_369' title='bbox 983 3921 1118 3983; x_wconf 83' lang='lat' dir='ltr'><strong>incussit</strong></span> <span class='ocrx_word' id='word_1_370' title='bbox 1147 3918 1338 3984; x_wconf 74' lang='lat' dir='ltr'><strong>barbarisrb</strong></span> 
     </span>
     <span class='ocr_line' id='line_1_44' title="bbox 89 4002 1302 4088; baseline -0.01 -9"><span class='ocrx_word' id='word_1_371' title='bbox 89 4022 157 4083; x_wconf 85' lang='lat' dir='ltr'><strong>.Cn.</strong></span> <span class='ocrx_word' id='word_1_372' title='bbox 183 4008 320 4079; x_wconf 82' lang='lat' dir='ltr'><strong>Ovidius</strong></span> <span class='ocrx_word' id='word_1_373' title='bbox 343 4012 516 4088; x_wconf 78' lang='lat' dir='ltr'><strong>Centurio,</strong></span> <span class='ocrx_word' id='word_1_374' title='bbox 537 4009 614 4072; x_wconf 84' lang='lat' dir='ltr'><strong>satis</strong></span> <span class='ocrx_word' id='word_1_375' title='bbox 635 4009 804 4078; x_wconf 84' lang='lat' dir='ltr'><strong>barbarae,</strong></span> <span class='ocrx_word' id='word_1_376' title='bbox 827 4002 962 4066; x_wconf 86' lang='lat' dir='ltr'><strong>efficacis</strong></span> <span class='ocrx_word' id='word_1_377' title='bbox 982 4014 1090 4066; x_wconf 81' lang='lat' dir='ltr'><strong>tamen¹</strong></span> <span class='ocrx_word' id='word_1_378' title='bbox 1103 4003 1189 4087; x_wconf 83' lang='lat' dir='ltr'><strong>apud</strong></span> <span class='ocrx_word' id='word_1_379' title='bbox 1200 4024 1302 4086; x_wconf 84' lang='lat' dir='ltr'><strong>pares</strong></span> 
     </span>
     <span class='ocr_line' id='line_1_45' title="bbox 93 4084 1299 4175; baseline -0.016 -9"><span class='ocrx_word' id='word_1_380' title='bbox 93 4086 249 4167; x_wconf 79' lang='lat' dir='ltr'><strong>bomines</strong></span> <span class='ocrx_word' id='word_1_381' title='bbox 269 4095 480 4167; x_wconf 81' lang='lat' dir='ltr'><strong>stoliditatis,</strong></span> <span class='ocrx_word' id='word_1_382' title='bbox 503 4094 560 4175; x_wconf 88' lang='lat' dir='ltr'><strong>qui</strong></span> <span class='ocrx_word' id='word_1_383' title='bbox 581 4092 725 4155; x_wconf 80' lang='lat' dir='ltr'><strong>foculum</strong></span> <span class='ocrx_word' id='word_1_384' title='bbox 746 4094 859 4171; x_wconf 75' lang='lat' dir='ltr'><strong>gerens</strong></span> <span class='ocrx_word' id='word_1_385' title='bbox 879 4102 977 4168; x_wconf 88' lang='lat' dir='ltr'><strong>super</strong></span> <span class='ocrx_word' id='word_1_386' title='bbox 997 4084 1171 4161; x_wconf 84' lang='lat' dir='ltr'><strong>cassidem,</strong></span> <span class='ocrx_word' id='word_1_387' title='bbox 1192 4088 1299 4163; x_wconf 77' lang='lat' dir='ltr'><strong>susci-&#39;-</strong></span> 
     </span>
     <span class='ocr_line' id='line_1_46' title="bbox 93 4167 1342 4260; baseline -0.011 -12"><span class='ocrx_word' id='word_1_388' title='bbox 93 4180 200 4249; x_wconf 75' lang='lat' dir='ltr'><strong>totam</strong></span> <span class='ocrx_word' id='word_1_389' title='bbox 230 4178 322 4243; x_wconf 88' lang='lat' dir='ltr'><strong>motu</strong></span> <span class='ocrx_word' id='word_1_390' title='bbox 344 4177 494 4260; x_wconf 82' lang='lat' dir='ltr'><strong>¹eorporis</strong></span> <span class='ocrx_word' id='word_1_391' title='bbox 516 4176 696 4248; x_wconf 84' lang='lat' dir='ltr'><strong>flammam,</strong></span> <span class='ocrx_word' id='word_1_392' title='bbox 718 4175 807 4237; x_wconf 83' lang='lat' dir='ltr'><strong>velut</strong></span> <span class='ocrx_word' id='word_1_393' title='bbox 829 4167 956 4233; x_wconf 88' lang='lat' dir='ltr'><strong>ardenti</strong></span> <span class='ocrx_word' id='word_1_394' title='bbox 978 4170 1106 4252; x_wconf 87' lang='lat' dir='ltr'><strong>capite,</strong></span> <span class='ocrx_word' id='word_1_395' title='bbox 1127 4171 1298 4235; x_wconf 74' lang='lat' dir='ltr'><strong>fundebat:</strong></span> <span class='ocrx_word' id='word_1_396' title='bbox 1336 4235 1342 4246; x_wconf 68' lang='grc'><em>,</em></span> 
     </span>
     <span class='ocr_line' id='line_1_47' title="bbox 94 4248 1338 4346; baseline -0.013 -13"><span class='ocrx_word' id='word_1_397' title='bbox 94 4264 204 4333; x_wconf 82' lang='lat' dir='ltr'><strong>Antea</strong></span> <span class='ocrx_word' id='word_1_398' title='bbox 224 4274 317 4346; x_wconf 77' lang='lat' dir='ltr'><strong>saepe</strong></span> <span class='ocrx_word' id='word_1_399' title='bbox 338 4264 499 4333; x_wconf 86' lang='lat' dir='ltr'><strong>Thraces,</strong></span> <span class='ocrx_word' id='word_1_400' title='bbox 516 4268 597 4333; x_wconf 51' lang='lat' dir='ltr'><strong>‚tunt</strong></span> <span class='ocrx_word' id='word_1_401' title='bbox 623 4257 761 4341; x_wconf 82' lang='lat' dir='ltr'><strong>maxime</strong></span> <span class='ocrx_word' id='word_1_402' title='bbox 783 4258 865 4341; x_wconf 83' lang='lat' dir='ltr'><strong>Coto</strong></span> <span class='ocrx_word' id='word_1_403' title='bbox 888 4256 964 4335; x_wconf 77' lang='lat' dir='ltr'><strong>rege</strong></span> <span class='ocrx_word' id='word_1_404' title='bbox 984 4251 1194 4325; x_wconf 79' lang='lat' dir='ltr'><strong>desciverant.</strong></span> <span class='ocrx_word' id='word_1_405' title='bbox 1233 4248 1338 4329; x_wconf 62' lang='lat' dir='ltr'><strong>,sstem</strong></span> 
     </span>
     <span class='ocr_line' id='line_1_48' title="bbox 94 4332 1296 4429; baseline -0.016 -17"><span class='ocrx_word' id='word_1_406' title='bbox 94 4334 260 4421; x_wconf 79' lang='lat' dir='ltr'><strong>barbaros</strong></span> <span class='ocrx_word' id='word_1_407' title='bbox 291 4356 323 4408; x_wconf 88' lang='lat' dir='ltr'><strong>et</strong></span> <span class='ocrx_word' id='word_1_408' title='bbox 350 4346 449 4429; x_wconf 82' lang='lat' dir='ltr'><strong>signis</strong></span> <span class='ocrx_word' id='word_1_409' title='bbox 474 4341 687 4414; x_wconf 81' lang='lat' dir='ltr'><strong>militaribus,</strong></span> <span class='ocrx_word' id='word_1_410' title='bbox 719 4336 961 4424; x_wconf 63' lang='lat' dir='ltr'><strong>indisciplina,</strong></span> <span class='ocrx_word' id='word_1_411' title='bbox 984 4332 1081 4396; x_wconf 86' lang='lat' dir='ltr'><strong>armis</strong></span> <span class='ocrx_word' id='word_1_412' title='bbox 1103 4335 1296 4407; x_wconf 71' lang='lat' dir='ltr'><strong>etiatnRo&#39;-</strong></span> 
     </span>
     <span class='ocr_line' id='line_1_49' title="bbox 96 4414 1302 4505; baseline -0.015 -6"><span class='ocrx_word' id='word_1_413' title='bbox 96 4433 204 4499; x_wconf 81' lang='lat' dir='ltr'><strong>manis</strong></span> <span class='ocrx_word' id='word_1_414' title='bbox 227 4432 429 4493; x_wconf 75' lang='lat' dir='ltr'><strong>adsueverat:</strong></span> <span class='ocrx_word' id='word_1_415' title='bbox 461 4427 516 4489; x_wconf 90' lang='lat' dir='ltr'><strong>sed</strong></span> <span class='ocrx_word' id='word_1_416' title='bbox 538 4448 555 4486; x_wconf 81' lang='lat' dir='ltr'><strong>a</strong></span> <span class='ocrx_word' id='word_1_417' title='bbox 576 4425 695 4486; x_wconf 88' lang='lat' dir='ltr'><strong>Pisone</strong></span> <span class='ocrx_word' id='word_1_418' title='bbox 726 4421 924 4505; x_wconf 80' lang='lat' dir='ltr'><strong>perdomiti,</strong></span> <span class='ocrx_word' id='word_1_419' title='bbox 958 4419 991 4479; x_wconf 85' lang='lat' dir='ltr'><strong>in¹</strong></span> <span class='ocrx_word' id='word_1_420' title='bbox 1020 4418 1087 4499; x_wconf 80' lang='lat' dir='ltr'><strong>ipsa</strong></span> <span class='ocrx_word' id='word_1_421' title='bbox 1109 4414 1302 4501; x_wconf 64' lang='lat' dir='ltr'><strong>captivitatis</strong></span> 
     </span>
     <span class='ocr_line' id='line_1_50' title="bbox 97 4501 1297 4595; baseline -0.018 -13"><span class='ocrx_word' id='word_1_422' title='bbox 97 4518 226 4583; x_wconf 69' lang='lat' dir='ltr'><strong>rabiem</strong></span> <span class='ocrx_word' id='word_1_423' title='bbox 258 4513 445 4586; x_wconf 79' lang='lat' dir='ltr'><strong>ostendere:</strong></span> <span class='ocrx_word' id='word_1_424' title='bbox 479 4511 603 4595; x_wconf 81' lang='lat' dir='ltr'><strong>quippe</strong></span> <span class='ocrx_word' id='word_1_425' title='bbox 634 4514 735 4591; x_wconf 75' lang='lat' dir='ltr'><strong>quum</strong></span> <span class='ocrx_word' id='word_1_426' title='bbox 766 4512 892 4567; x_wconf 88' lang='lat' dir='ltr'><strong>catenas</strong></span> <span class='ocrx_word' id='word_1_427' title='bbox 923 4501 1083 4565; x_wconf 76' lang='lat' dir='ltr'><strong>morsibus</strong></span> <span class='ocrx_word' id='word_1_428' title='bbox 1113 4509 1297 4574; x_wconf 83' lang='lat' dir='ltr'><strong>tentarent,</strong></span> 
     </span>
     <span class='ocr_line' id='line_1_51' title="bbox 98 4582 1360 4753; baseline -0.017 -88"><span class='ocrx_word' id='word_1_429' title='bbox 98 4594 268 4667; x_wconf 56' lang='lat' dir='ltr'><strong>initam}</strong></span> <span class='ocrx_word' id='word_1_430' title='bbox 283 4602 374 4663; x_wconf 68' lang='lat' dir='ltr'><strong>suam</strong></span> <span class='ocrx_word' id='word_1_431' title='bbox 394 4595 459 4685; x_wconf 84' lang='lat' dir='ltr'><strong>ipsi</strong></span> <span class='ocrx_word' id='word_1_432' title='bbox 477 4592 667 4687; x_wconf 72' lang='lat' dir='ltr'><strong>puniebant.</strong></span> <span class='ocrx_word' id='word_1_433' title='bbox 688 4589 795 4655; x_wconf 60' lang='lat' dir='ltr'><strong>bosi</strong></span> <span class='ocrx_word' id='word_1_434' title='bbox 813 4585 982 4753; x_wconf 54' lang='lat' dir='ltr'><strong>montigns</strong></span> <span class='ocrx_word' id='word_1_435' title='bbox 999 4585 1193 4655; x_wconf 61' lang='lat' dir='ltr'><strong>&#39;inmersus</strong></span> <span class='ocrx_word' id='word_1_436' title='bbox 1224 4582 1360 4665; x_wconf 59' lang='lat' dir='ltr'><strong>tndem</strong></span> 
     </span>
    </p>
   </div>
   <div class='ocr_carea' id='block_1_5' title="bbox 0 0 1436 4958">
    <p class='ocr_par' dir='ltr' id='par_1_5' title="bbox 0 0 1436 4958">
     <span class='ocr_line' id='line_1_52' title="bbox 0 0 1436 4958; baseline 0 0"><span class='ocrx_word' id='word_1_437' title='bbox 0 0 1436 4958; x_wconf 95' lang='lat' dir='ltr'><strong> </strong></span> 
     </span>
    </p>
   </div>
  </div>
 </body>
</html>
