2850 4958
10 1874 17 1935 l

279 186 358 330 *aa
374 248 690 330 canstamus.
719 251 826 331 aar.
854 222 1015 353 sagias
1082 220 1085 225 ’
1178 252 1250 333 aaa

46 418 127 497 Quo
148 420 186 480 ul
205 415 329 486 accitus
347 418 510 502 pervenit,
533 427 698 502 umquam
717 439 755 484 aa
775 439 813 482 ra
832 380 961 486 crastali
980 402 1258 497 foretsoditlona
1278 443 1300 486 a

47 502 231 583 excipitur:
254 522 318 584 qua
338 503 438 567 lenita
459 503 567 578 facile,
591 504 819 586 Carthaginem
839 505 936 587 petit.
969 505 1022 567 Ibi
1041 526 1142 591 quum
1164 524 1260 566 aver·
1278 505 1300 571 5

47 585 155 666 tendis
175 583 359 671 prodigiis,
382 608 524 670 quorum
546 595 635 649 metu
652 584 742 649 haud
765 585 859 651 inane
879 587 1078 733 anpebatur,
1105 609 1177 652 rem
1197 587 1259 649 di-

47 669 157 730 vinam
176 667 284 732 solitis
304 680 432 754 ageret,
454 678 589 752 repente
608 669 717 732 hostia
742 678 872 749 partum
896 692 913 734 e
938 671 1010 733 idlt.
1051 669 1090 733 Id
1110 670 1302 753 baruspl-4

46 772 124 826 ces,
157 761 256 837 atque
286 751 356 834 ipae
387 753 547 827 maxime,
575 755 663 830 (nam
693 752 791 823 buius
817 754 974 817 scientiae
1004 776 1063 818 usu
1084 755 1261 818 immodice

73 835 193 898 rudens
214 843 297 916 erat)
319 836 366 897 ita
387 857 555 920 accepere,
576 835 667 899 illum
689 848 823 919 quoque
837 834 1033 900 destinatum
1047 838 1131 910 neci,
1147 858 1261 900 verum

44 855 162 983 liberis
182 921 368 1002 pariturum
390 919 586 1002 imperium:
608 922 841 1005 progressique
854 920 1005 984 coniectu
1019 920 1148 1004 langius
1162 920 1262 984 liberi

74 1023 182 1087 noque
203 1004 326 1066 exitum
349 1001 601 1077 denuntiavere,
633 1005 743 1066 mitem
765 1015 864 1089 atque
884 1003 1053 1068 innoxium
1078 1006 1262 1088 praefantes

45 1026 143 1160 dore,
166 1093 204 1148 ut
224 1086 306 1149 illud
326 1106 444 1168 pecus,
466 1108 527 1150 uec
548 1085 739 1149 diuturnum
762 1095 888 1168 tamen,
908 1089 1158 1171 subiectumque
1179 1087 1262 1149 insi-

46 1169 122 1248 diis.
166 1169 304 1232 Interim
337 1170 481 1244 Romae,
513 1179 684 1254 comperio
717 1170 877 1234 Gordiani
910 1172 1069 1248 interitu,
1106 1171 1301 1236 hortantab

46 1253 222 1326 Domitio,
254 1254 341 1317 Urbi
367 1252 557 1318 Praefectus
583 1253 770 1337 reliquique
797 1254 922 1320 iudices
952 1254 1050 1341 vulgo
1081 1255 1263 1319 caeduntur

44 1358 110 1423 per
128 1336 312 1419 praetorias
332 1336 500 1401 cobortes.
543 1337 677 1420 Quippe
698 1336 902 1412 Gordianus,
923 1346 1097 1422 postquam
1119 1338 1262 1401 delatum
1283 1337 1303 1401 6

46 1420 113 1481 sibi
135 1421 309 1501 imperium
331 1421 509 1504 cognovit,
529 1421 677 1504 praemia
698 1419 842 1503 amplum
864 1420 901 1482 iu
921 1421 1054 1485 modam
1077 1430 1262 1496 ostentans,

46 1502 186 1564 Romam
205 1503 331 1587 legatos
352 1524 391 1564 ac
411 1503 538 1566 litteras
559 1503 798 1577 destinaveram
822 1504 954 1587 quibus,
976 1513 1092 1568 necato
1113 1526 1167 1580 eo,
1188 1505 1265 1567 frn-

47 1593 169 1647 stratos
190 1605 225 1647 se
246 1587 366 1648 milites
390 1586 604 1671 angebantur,
624 1608 725 1670 genus
739 1587 911 1649 hominnm
924 1589 1083 1669 pecuniae
1097 1588 1262 1672 cupidius,

44 1669 216 1753 fidumque
245 1691 284 1731 ae
314 1669 439 1731 bonum
468 1668 541 1732 solo
574 1679 722 1753 quaestu.
766 1670 810 1731 At
837 1669 975 1734 Senatus
1005 1680 1168 1744 metuens,
1199 1693 1305 1756 ue,7

45 1750 146 1814 nullia
168 1751 366 1826 rectoribus,
389 1754 501 1834 specie
520 1760 635 1836 captae
654 1750 769 1826 Urbis,
792 1752 956 1816 atrociora
976 1754 1174 1828 acciderent,
1188 1755 1270 1838 pri-

44 1850 103 1901 mo
125 1843 325 1917 potestatum
346 1835 445 1909 vices,
468 1855 557 1909 mox,
579 1836 775 1919 conscriptis
800 1835 998 1913 iunioribus,
1021 1837 1173 1903 Clodium
1192 1838 1266 1905 Pa-

43 1918 206 2004 pienum,
227 1918 408 1983 Caecilium
427 1917 601 1983 Balbinum
624 1920 778 1987 &nares
796 1917 981 1984 coustituit,

453 2110 683 2180 curor
724 2115 866 2181 xxvu.
935 2066 936 2070 Ὺ

405 2222 408 2231 ’
501 2249 684 2295 αοιυιιιωε,
709 2252 820 2297 raros.

91 2383 278 2468 iisdemque
307 2399 370 2466 per
395 2377 544 2445 statuam
573 2380 690 2446 diebus
710 2382 831 2445 milites
853 2381 1076 2460 Gordianum,
1104 2386 1266 2454 Gordiani

46 2466 175 2545 filium,
208 2467 264 2555 qui
296 2469 385 2529 forte
415 2464 636 2528 contubernio
692 2465 771 2526 atris
800 2474 1022 2545 praetextatus
1047 2489 1085 2529 ac
1113 2468 1266 2553 deinceps

46 2553 240 2616 Praefectus
260 2546 432 2630 praetorio
453 2549 628 2621 intererat,
688 2556 839 2631 agnatum
861 2568 1033 2618 creavere,
1061 2571 1169 2637 neque
1192 2571 1268 2614 sane

44 2638 172 2700 factum
193 2633 350 2697 nobilitas
370 2628 574 2712 adspernata.
616 2631 768 2713 Denique
797 2630 904 2694 accito
927 2651 990 2705 eo,
1019 2631 1106 2696 inter
1126 2632 1269 2717 implanu
1288 2657 1309 2700 n

46 2718 153 2781 Urbis
175 2727 273 2802 atque
292 2717 366 2798 ipso
387 2713 460 2774 sinu
480 2714 670 2796 praetoriae
691 2735 802 2778 manua
823 2712 895 2776 acie
915 2711 1041 2777 deletae
1058 2738 1121 2801 per
1134 2717 1267 2805 gladia·-

49 2812 166 2863 torum
186 2800 326 2863 familias
347 2796 559 2879 tironumque
579 2798 772 2860 exercitum.
814 2800 901 2859 Dum
916 2797 997 2858 baec
1012 2797 1132 2863 Romae
1146 2803 1310 2881 geron-b

47 2893 120 2958 tur,
142 2884 219 2946 Iulii
243 2879 425 2953 Maximini,
450 2895 533 2963 quos
555 2881 643 2942 forte
664 2900 700 2942 ea
722 2888 914 2962 tempestate
936 2880 1078 2945 Thracia
1093 2887 1268 2961 retinebat,

48 2966 194 3049 acceptis
215 2984 300 3051 quae
321 2971 511 3036 evenerant,
535 2961 664 3025 ltaliam
681 2984 827 3046 propere
847 2972 975 3046 petunt.
1016 2963 1081 3028 Eos
1103 2968 1269 3051 Pupienus
1289 2974 1312 3049 4

47 3052 225 3135 Aquileiae
255 3045 426 3112 obsidione
453 3046 614 3121 confecit,
645 3055 820 3129 postquam
849 3047 981 3129 proelia
1011 3049 1117 3112 victos
1146 3050 1268 3134 reliqui

46 3129 1266 3297 ttiiitittitit,ittmittt‘tti'’itttimtti'itt·
1290 3134 1310 3282 i

48 3302 172 3364 tarium
195 3299 313 3363 Clodio
336 3295 547 3380 Caecilioque
570 3297 692 3357 Romae
711 3298 796 3359 intra
820 3298 978 3381 palatium
995 3302 1107 3371 caesis,
1125 3301 1272 3364 Gordia·

48 3406 113 3448 nus
135 3385 222 3446 solus
244 3402 379 3467 regnum
401 3378 558 3443 obtinuit.
601 3377 717 3459 quue
739 3402 823 3442 anno
845 3380 943 3444 lustri
965 3385 1158 3459 certsanine,
1180 3384 1312 3472 quodp
1364 3462 1367 3469 ι

51 3470 144 3528 Nero
166 3469 303 3527 Romam
326 3465 513 3538 invexerat,
543 3473 639 3525 aucto
663 3464 878 3546 firmatoque,
912 3465 944 3526 in
966 3464 1081 3527 Persas
1101 3471 1272 3553 profect-us

56 3558 127 3624 eat·,
160 3566 260 3632 quum
288 3548 381 3629 prius
412 3546 483 3608 lani
513 3547 629 3620 aedes,
662 3569 741 3634 quas
763 3549 893 3610 Marcus
914 3548 1098 3620 clauserat,
1124 3561 1271 3634 patentes

53 3653 151 3694 more
171 3639 317 3694 veterum
339 3630 479 3691 iecisset.
523 3631 575 3691 lbi
598 3640 689 3708 gesto
710 3631 888 3715 'insigniter
917 3630 1025 3706 bello,
1056 3634 1160 3699 Marci
1181 3636 1312 3700 Phi-8

52 3715 143 3802 lippi
163 3713 327 3779 Praefecti
347 3713 520 3799 practorio
539 3713 667 3776 insidiis
686 3715 789 3797 periit
809 3714 965 3779 sexennio
988 3717 1134 3800 imperii.

454 3890 682 3957 CAPUT
721 3892 880 3959 xxvm.

387 4028 522 4073 susurras
544 4031 633 4084 nuo,
656 4029 757 4073 raras
775 4028 814 4071 ar
835 4029 950 4075 rmus.

99 4161 207 4246 igitur
234 4162 365 4225 Marcus
384 4156 488 4224 lulius
507 4162 706 4247 Philippus,
726 4159 831 4222 Araba
852 4160 1088 4238 Tiracanit'es,
1105 4156 1220 4236 fsumto'
1240 4156 1275 4227 in

61 4248 264 4309 consortium
286 4245 445 4327 Philippo
467 4245 559 4321 filio,
583 4249 681 4313 rebus
704 4243 745 4307 ad
768 4244 940 4307 Orientem
957 4248 1167 4331 compositis,
1191 4271 1275 4311 cun-

62 4330 198 4412 ditoque
223 4330 309 4413 apud
341 4326 495 4392 Arabiam
524 4326 757 4412 Philippopoli
790 4329 938 4412 oppido,
968 4329 1103 4391 Romana
1135 4353 1272 4394 venere:

62 4422 294 4496 exstructoque
324 4421 413 4475 trans
439 4411 587 4475 Tiberim
609 4416 703 4482 lacu,
732 4410 822 4491 quod
845 4434 913 4474 eam
935 4422 1063 4493 partem
1084 4436 1187 4497 aquae
1208 4435 1274 4499 pe-

60 4497 156 4560 nuria
179 4497 345 4583 fatigabat,
362 4518 487 4558 annum
509 4497 612 4562 Urbis
633 4495 842 4559 millesimum
860 4495 947 4559 ludis
962 4496 1107 4558 omnium
1122 4510 1277 4581 generum

60 4579 240 4646 celebrant.
282 4579 327 4645 Et
345 4581 502 4668 quoniam
522 4604 643 4649 nomeu
664 4576 836 4645 admonuit
848 4608 870 4656 ,·
885 4590 998 4647 nostm
1017 4598 1158 4667 qunque
1175 4589 1291 4642 aetate
1308 4598 1335 4637 a
1370 4662 1373 4667 Ι
