2850 4958
145 272 195 359 ,a
365 286 371 301 ·
673 232 871 345 vunnu

144 439 252 514 tiam,
283 458 304 499 ιι
371 454 406 499 a·
421 431 491 498 ullo
518 433 553 499 io
577 437 719 521 suscepti
741 434 853 520 operis
877 430 928 495 sai
950 428 1095 493 munina
1113 427 1279 492 minorem
1303 426 1366 490 cs·

146 520 276 587 tullum.
347 539 426 582 aene
455 516 552 583 stulta
584 528 632 580 est
659 516 899 582 inhaerentium
921 514 1025 576 oculis
1047 512 1255 596 ingeniorum
1283 532 1368 573 enu-

68 657 72 665 .
144 605 306 678 meratio;
328 603 415 665 inter
435 623 520 685 quae
540 602 680 665 maxime
701 602 807 665 nostri
829 601 899 662 aevi
922 598 1081 671 eminent,
1109 596 1268 680 princeps
1290 614 1369 658 car-

145 688 272 751 minum
294 684 476 771 Virgilius,
499 684 719 770 Rabiriusque
735 731 747 760 ,
766 694 798 745 et
818 691 1012 746 consecutus
1032 678 1223 743 Sallustium
1239 676 1367 753 Livius,

146 769 365 854 Tibullusque
391 777 425 831 et
454 768 566 842 Naso,
592 767 823 850 perfectissimi
847 767 879 828 in
900 768 1006 827 forma
1036 764 1147 843 operis
1173 760 1237 824 sui.
1282 762 1368 825 Nara

145 852 297 918 vivorum
319 860 357 915 ut
376 874 489 936 magna
511 849 708 926 admiratio,
731 852 777 913 ita
798 870 933 913 censura
955 845 1096 910 difficilis
1118 853 1177 909 est.
1326 892 1330 897 .

189 936 362 1003 XXXVII.
383 938 471 998 Dum
493 933 574 996 haec
599 935 631 998 in
646 936 740 998 Urbe
759 932 920 1017 Italiaque
941 939 1112 1015 geruntur,
1134 931 1193 992 Cn.
1214 928 1368 1015 Pompo·-¹

147 1019 199 1084 ius
222 1018 435 1095 memorabile
464 1016 616 1081 adversus
640 1016 888 1090 Mithridatem,
921 1015 977 1099 qui
1000 1024 1077 1098 post
1095 1009 1225 1076 Luculli
1245 1015 1369 1097 prois-

147 1105 294 1167 ctionem
314 1122 443 1186 magnas
464 1101 540 1163 novi
562 1103 723 1165 exercitus
747 1103 834 1163 vires
855 1107 1085 1182 reparaverat,
1109 1095 1234 1159 bellum
1254 1096 1368 1181 gessit.

148 1186 195 1250 At
214 1206 273 1248 rex
303 1186 392 1247 susus
422 1186 616 1268 fugatusque
648 1193 680 1247 et
710 1184 861 1248 omnibus
883 1190 996 1243 exutus
1018 1182 1145 1263 copiis,
1175 1178 1372 1249 Armeniam

149 1269 393 1352 Tigranemque
413 1288 564 1330 socerum
586 1270 690 1351 petit,
713 1288 822 1351 regem
843 1267 912 1328 eius
934 1268 1111 1346 temporis,
1133 1262 1196 1326 nisi
1218 1285 1286 1346 qua
1301 1266 1370 1327 Lu-

151 1352 230 1416 culli
261 1354 360 1415 armis
391 1360 462 1413 erat
486 1351 665 1424 infractus,
698 1348 971 1434 potentissimum.
1015 1348 1120 1411 Simul
1152 1348 1265 1428 itaqua
1286 1344 1371 1410 dnos

141 1442 341 1520 ‘persecutus
362 1434 557 1515 Pompeius,
579 1431 717 1496 intravit
737 1433 936 1496 Armeniam.
970 1430 1073 1493 Prior
1094 1430 1179 1493 filins
1200 1430 1368 1513 Tigranis,

151 1519 209 1581 sed
230 1516 355 1581 discors
376 1520 485 1601 patri,
507 1519 659 1601 parvenit
679 1516 720 1579 ad
740 1517 957 1600 Pompeium:
980 1537 1058 1576 mox
1080 1517 1150 1598 ipse
1169 1514 1311 1596 supplex
1338 1522 1371 1575 at

151 1622 323 1688 praesens,
345 1623 380 1664 se
402 1621 603 1685 regnumque
623 1600 742 1663 ditioni
769 1600 838 1661 eius
858 1597 1030 1683 permisit,
1052 1599 1241 1684 praefatus,
1263 1602 1370 1659 πριιιι-

152 1708 225 1748 nem
244 1687 367 1761 alium,
389 1706 489 1769 nsque
511 1692 696 1747 Romanum
717 1705 817 1768 nequa
836 1685 935 1767 ullius
948 1685 1057 1764 gentis
1075 1686 1197 1756 uirum,
1204 1681 1371 1762 saturum

137 1768 272 1849 fuisse,
295 1772 386 1829 cuius
406 1791 441 1827 se
458 1772 613 1830 societati
632 1766 985 1847 commassurussoret,
1014 1786 1111 1849 quom
1136 1766 1193 1827 Cn.
1219 1772 1370 1847 Pompe·

152 1856 241 1914 ihm:
260 1849 398 1929 proinde
418 1872 544 1912 omnem
563 1850 627 1911 sibi
643 1851 695 1915 sol
714 1849 884 1912 adversam
906 1848 959 1913 vel
975 1848 1168 1922 secundom,
1194 1852 1290 1909 curias
1308 1868 1373 1911 ats-

153 1944 228 1994 ctor
248 1934 304 1993 illo
333 1944 434 2007 assat,
455 1930 633 2016 fortunam
656 1932 861 1994 tolerabilem
873 1931 1058 2011 fictur-anag
1091 1953 1155 1992 non
1179 1952 1247 1992 essa
1277 1942 1372 2013 turpe

153 2015 196 2076 ob
217 2037 255 2075 eo
279 2019 385 2089 uinci,
416 2038 509 2100 quem
537 2020 662 2079 vincere
692 2026 773 2076 esset
795 2015 910 2095 offam
939 2034 1038 2098 nequa
1060 2017 1094 2074 oi
1116 2011 1282 2075 inhonesto
1305 2014 1372 2077 ais'·

153 2119 247 2182 quem
271 2098 436 2172 submitti,
468 2120 560 2183 quom
568 2097 719 2177 fortuna
741 2118 837 2167 suner-
864 2119 973 2160 omncs
995 2097 1174 2158 extulisset.
1217 2096 1372 2161 Servatus

77 2178 80 2185 ¹
155 2181 225 2264 regi
247 2179 354 2243 honos
374 2181 527 2263 imperii,
554 2180 611 2243 sed
639 2180 776 2243 multato
800 2180 924 2264 ingenti
944 2180 1103 2259 pecunia:
1136 2200 1221 2264 quaa
1241 2182 1370 2259 omnis,

156 2262 252 2325 sicuti
283 2262 445 2347 Pompeio
475 2265 577 2326 moris
609 2272 701 2338 erat,
734 2263 863 2327 redacta
886 2263 919 2324 in
942 2263 1133 2342 Quaestoris
1152 2263 1372 2346 potestatem,

158 2367 195 2408 ac
216 2344 360 2429 publicis
378 2347 542 2430 descripta
563 2346 696 2410 litteris.
739 2346 834 2430 Syria
856 2346 1022 2430 aliaeque,
1045 2367 1124 2430 quas
1141 2356 1371 2430 occupaverat,

156 2429 349 2513 provinciae
378 2439 532 2515 ereptae·,
565 2438 598 2491 et
625 2429 707 2491 aliae
742 2430 912 2493 restitutae
945 2429 1072 2514 populo
1100 2430 1267 2506 Romano,
1290 2430 1373 2495 aliae
1413 2474 1415 2505 ,

156 2521 228 2575 tum
249 2513 393 2595 primum
415 2513 449 2575 in
469 2514 539 2575 eius
559 2522 754 2592 potestatam
777 2512 947 2587 reductae,
980 2520 1016 2574 ut
1035 2512 1153 2598 Syria,
1181 2514 1372 2596 quaefacta
1413 2512 1415 2593 l

157 2604 206 2658 est
224 2595 448 2675 stipendiaria.
491 2597 582 2659 Finis
603 2596 735 2678 imperii
757 2597 840 2681 regii
865 2596 1057 2658 terminatus
1079 2596 1246 2659 Armenia.
1413 2612 1415 2617 '

199 2679 389 2778 xrsxvln.
420 2679 516 2741 Haud
537 2679 714 2779 absurdum
735 2679 867 2741 ridetur
889 2681 1056 2762 propositi
1086 2680 1196 2783 operis
1218 2680 1371 2764 regulas,

156 2780 625 2928 illittii'ssiati‘,
645 2762 1375 2931 titiisltittlt.52i¹i¹0iaifitt

157 2929 308 3008 partibus
336 2930 541 3006 notavimus,
572 2929 670 2993 simul
699 2932 848 2992 universa
880 2932 1027 3012 conspici
1059 2930 1198 3015 possint.
1239 2930 1373 2995 Primus

159 3015 194 3077 in
213 3011 360 3075 Siciliam
389 3014 522 3078 traiecit
544 3015 725 3077 exercitum
751 3012 871 3089 Consul
902 3013 1076 3088 Claudius,
1108 3023 1141 3075 ct
1166 3014 1374 3096 provinciam

159 3104 498 3243 insidiiis.
514 3098 861 3245 titiani?
881 3096 1373 3243 ⁵5322¹¹⁸i3smf5⁰iit⁰iii

157 3262 275 3325 Punici
308 3262 406 3325 belli:
439 3264 496 3326 sed
526 3272 601 3346 post
630 3264 704 3325 CIX
724 3204 825 3324 saluos
845 3262 885 3324 P.
905 3259 1018 3344 Scipio
1041 3203 1374 3338 Aemilianus,lbruta

126 3348 129 3375 ²
160 3340 377 3428 Carthagine,
398 3344 520 3407 abhinc
540 3366 641 3408 annos
664 3344 808 3405 CLXXV
833 3343 978 3406 Africam
998 3345 1030 3405 in
1053 3345 1229 3408 formulam
1246 3346 1375 3433 redegit

159 3426 361 3510 provinciae.
405 3425 554 3487 Sardinia
589 3429 676 3490 inter
705 3425 851 3506 primum
873 3434 905 3487 et
922 3427 1101 3490 secundum
1124 3428 1248 3492 bellum
1268 3429 1375 3494 Puni·-

160 3531 256 3581 cum,
279 3505 379 3570 ductu
401 3507 443 3569 T.
464 3508 577 3569 Manlii
601 3510 751 3573 Consulis
782 3510 908 3594 recepit
929 3509 1058 3594 imperii
1074 3512 1197 3595 iugum,
1229 3514 1376 3579 immane

158 3590 297 3662 hdlicae
317 3590 459 3655 civitatis
481 3600 727 3675 argumentum,
761 3592 851 3678 qnod
872 3594 971 3657 semel
990 3595 1050 3656 suh
1073 3596 1226 3679 regibus,
1253 3596 1376 3660 iterum

159 3675 226 3740 hoc
241 3674 287 3760 sT.
311 3674 434 3737 Manlio
458 3673 597 3737 Consule
605 3722 613 3751 ,
637 3677 772 3739 tertium
793 3678 940 3763 Augusto
962 3679 1132 3761 principe,
1155 3689 1265 3742 certae
1283 3681 1377 3763 pacis

159 3767 384 3844 argumentum
406 3758 503 3822 lanus
533 3759 689 3823 Geminus
713 3760 840 3825 clariana
864 3759 965 3825 dedit.
1009 3763 1049 3825 ln
1080 3764 1253 3844 Hispanias
1271 3763 1374 3847 primi

160 3844 307 3904 omnium
335 3839 457 3907 duxere
487 3844 648 3906 exercitus
680 3846 737 3907 Cn.
762 3856 795 3909 et
824 3847 863 3910 P.
887 3845 1077 3928 Scipiones,
1109 3847 1206 3908 initio
1236 3844 1373 3909 secundi

158 3923 238 3987 helii
257 3923 392 3997 Punici,
415 3923 535 3987 abhinc
557 3949 657 3990 anuos
680 3931 767 3993 CCL.
812 3928 893 3992 Inde
914 3930 1004 3992 varie
1026 3951 1191 4015 possessa,
1224 3938 1257 3992 et
1277 3948 1376 4012 saepe

160 4006 274 4069 amissa
299 4006 469 4091 partibus,
497 4010 646 4075 universa
673 4012 773 4082 ductu
800 4013 939 4098 Augusti
962 4015 1047 4076 iacta
1073 4012 1287 4095 stipendiaria
1313 4020 1376 4081 est.

151 4088 386 4155 Macedoniam
419 4090 573 4168 Paullus,
612 4097 788 4167 Mummius
823 4096 1006 4170 Achaiam,
1040 4096 1173 4159 Fulvius
1216 4093 1387 4161 Nobilior

159 4173 288 4255 subegit
321 4171 505 4250 Aetoliam',
543 4177 672 4254 Asiam,
702 4181 739 4242 1..
763 4180 897 4263 Scipio,
922 4179 1067 4241 Africani
1093 4182 1217 4254 irater,
1249 4181 1377 4265 eripuit

160 4255 350 4319 Antiocho:
374 4257 430 4321 sod
451 4260 611 4343 beneflcio
631 4260 768 4325 Senatus
793 4262 977 4347 populique
1000 4262 1139 4325 Romani
1158 4286 1235 4326 mox
1253 4265 1294 4328 ab
1312 4263 1377 4327 At-

158 4338 232 4400 udis
261 4360 439 4421 possessam
472 4365 508 4405 re
533 4345 621 4416 ibus,
650 4348 697 4408 Μ.
724 4346 913 4425 Perperna,
939 4366 974 4406 ca
1000 4353 1036 4407 to
1073 4345 1263 4411 Aristonico
1294 4350 1378 4412 iecit

157 4423 378 4493 tributariam.
423 4365 529 4509 Cyprl
551 4425 697 4491 devictus
720 4426 802 4511 nulli
819 4366 1006 4514 assignanda
1028 4428 1209 4517 gloriaest.
1241 4430 1330 4515 Quip
1357 4456 1376 4495 c

160 4506 469 4581 senatusconsulto,
504 4509 687 4575 ministerio
735 4511 890 4586 Catonis,
921 4511 1008 4597 regia
1037 4523 1159 4589 inorsa,
1194 4537 1291 4599 quam
1322 4452 1377 4579 illi

158 4589 356 4657 acuminatis
377 4590 565 4667 acciverat,
593 4594 679 4665 bots
704 4595 960 4688 praeterisset.
1006 4596 1101 4661 Creta
1128 4598 1252 4664 Metelli
1272 4597 1376 4665 ductu
