2850 4958
434 290 530 371 us.
556 288 624 370 111.
653 290 760 372 aar.
785 292 894 381 arx,
1008 310 1022 329 ·
1192 262 1271 401 ἰι-9

68 456 137 522 Sed
158 476 272 540 magna
302 457 417 543 populi
443 456 581 531 Romani
601 457 756 532 fortmm,
779 466 812 520 et
832 478 961 543 semper
981 457 1016 521 in
1037 455 1320 538 malismaior,13

10 582 16 609 ,-
71 544 154 605 totis
186 542 294 603 denuo
317 543 442 604 viribus
464 540 692 613 consurrexit3
724 541 933 625 adgressique
962 543 1080 626 singuli
1114 545 1276 628 populos:

10 658 15 693 ·,
43 642 46 647 ’
73 629 154 687 Cato
178 624 313 687 discutit
332 626 508 697 Etruscos,
532 623 689 684 Gabinius
710 624 855 700 Marsos3
879 627 986 688 Carbo
1003 627 1167 702 Lucanos,
1189 629 1279 690 Sulla

10 744 12 749 ·
71 709 244 772 Samnites.
286 706 406 771 Strabo
427 729 507 770 vero
529 707 706 788 Pompeius
735 711 843 770 omnia
867 709 1003 771 flammis
1031 712 1186 794 ferroque
1207 734 1280 794 po-

70 793 226 875 pulatus,
247 813 314 852 non
334 793 427 876 prius
453 791 551 852 finem
569 788 717 851 caedium
737 792 828 868 lecit,
850 813 947 875 quam
967 791 1079 855 Asculi
1102 795 1278 869 eversione,

43 876 224 961 'Manibus
257 883 310 936 tot
344 877 573 947 exercituum,
611 873 814 949 Consulum,
848 876 1117 959 direptarumque
1149 878 1282 940 urbium

10 990 21 1015 .-
71 961 147 1022 Diis
167 960 331 1021 litaretur.

503 1168 731 1236 CAPUT
772 1170 862 1236 xlx.

539 1323 662 1371 asnsuu
682 1316 822 1369 ssavtna.

10 1495 31 1541 p
115 1454 157 1519 Id
193 1450 484 1538 qualitercumque.
542 1455 612 1519 Etsi
652 1478 726 1519 cum
764 1456 864 1518 sociis
898 1456 1014 1530 nefas,
1054 1477 1128 1519 cum
1170 1456 1322 1521 liber-iss

10 1546 20 1554 '
75 1546 184 1601 tamen
214 1548 248 1599 et
278 1538 426 1620 ingenuis
458 1538 649 1603 dimicatum
681 1549 740 1602 cst.
784 1541 866 1618 Quis
888 1560 992 1621 aequo
1014 1543 1122 1602 animo
1144 1541 1228 1602 ferat
1252 1544 1286 1603 iu

74 1623 226 1705 principe
247 1623 392 1703 gentium
412 1621 539 1703 populo
563 1624 648 1684 bella
670 1620 867 1685 servorum?
909 1622 1057 1684 Primum
1078 1623 1193 1685 servile
1213 1624 1285 1685 bel·
1307 1644 1327 1685 a

74 1708 144 1770 lum
176 1706 262 1765 iuter
293 1705 386 1765 initia
417 1707 520 1768 Urbis
548 1706 720 1768 Herdonio
745 1705 902 1784 [Sabino]
934 1706 1016 1765 duce
1046 1706 1080 1767 iu
1105 1707 1173 1788 ipsa
1194 1707 1286 1768 Urbe

73 1797 234 1851 tentatum
255 1796 322 1847 cst:
347 1792 467 1870 quum,
489 1799 649 1871 occupata
676 1786 877 1849 Tribuniciis
897 1788 1113 1849 seditionibus
1134 1790 1285 1863 civitate,

76 1872 275 1954 Capitolium
303 1870 466 1933 obsessum
494 1881 542 1932 est
565 1883 598 1933 et
619 1895 636 1932 a
659 1871 797 1931 Consule
819 1879 969 1952 captum:
993 1872 1047 1933 sed
1061 1872 1117 1933 hic
1130 1873 1288 1933 tumultus

67 1955 179 2038 magis
200 1957 284 2026 fuit,
315 1974 412 2035 quam
433 1953 566 2015 bellum.
613 1957 692 2016 Mox
723 1953 863 2035 imperio
895 1975 957 2035 per
978 1954 1102 2015 diversa
1125 1963 1289 2018 terrarum

42 2062 49 2067 ·
79 2047 261 2119 occupato,
285 2038 357 2118 quis
379 2037 528 2098 crederet
551 2038 699 2098 Siciliam
719 2038 823 2098 multo
846 2037 1013 2098 cruentius
1034 2036 1167 2112 servili,
1214 2060 1288 2100 uam

10 2149 51 2207 [a.
76 2122 205 2184 Punico
228 2121 316 2181 bello
340 2141 408 2181 esse
427 2117 602 2181 vastatam?
643 2121 746 2181 Terra
774 2122 906 2200 frugum
932 2118 1044 2195 ferax,
1075 2130 1107 2182 et
1127 2060 1328 2203 quddam-3

10 2213 46 2269 iu
78 2203 178 2267 modo
202 2203 388 2264 suburbana
407 2204 592 2286 provincia,
613 2202 796 2264 latifundiis
817 2204 938 2264 civium
958 2200 1181 2265 Romanorum
1202 2216 1290 2267 tene-

10 2295 52 2353 5:
78 2286 188 2349 batur.
240 2286 302 2348 Hic
334 2286 374 2347 ad
410 2286 532 2348 cultum
561 2288 630 2369 agri
663 2286 846 2370 frequentia
878 2287 1053 2368 ergastula,
1085 2290 1221 2349 catenati
1248 2310 1288 2350 uc

10 2377 55 2435 lu-
80 2372 225 2433 cultores
247 2370 416 2431 materiam
436 2370 524 2431 bello
547 2370 740 2447 praebuere.
784 2370 885 2449 Syrus
908 2370 1039 2452 quidam
1060 2370 1192 2431 nomina
1217 2310 1329 2448 liu-4

10 2470 50 2517 taz
77 2474 139 2516 nus
160 2453 364 2537 (magnitudo
389 2452 530 2514 cladium
552 2451 643 2522 facit,
664 2463 702 2514 ut
722 2452 993 2532 meminerimus,)
1012 2452 1153 2513 lanatico
1173 2456 1289 2515 furore

10 2564 55 2623 Γ,
76 2538 250 2611 simulato,
274 2535 351 2595 dum
371 2536 486 2615 Syriae
509 2538 603 2596 Deae
622 2556 729 2596 comas
751 2536 974 2615 [cerimonias]
998 2536 1106 2609 iactat,
1129 2535 1169 2596 ad
1183 2538 1290 2599 liber-

10 2650 21 2682 ι
45 2670 53 2677 .
76 2628 178 2682 tatem
200 2627 232 2679 et
253 2639 341 2677 arma
362 2638 485 2690 servos,
501 2619 593 2699 quasi
607 2620 776 2679 numinum
797 2619 949 2700 imperio,
969 2619 1166 2680 concitavit:
1191 2613 1328 2703 idque5

10 2726 65 2771 eu.
76 2713 114 2764 ut
137 2702 293 2762 <livinitus
315 2700 387 2761 lieri
410 2701 595 2784 probaret,
614 2701 648 2761 in
671 2722 729 2762 ore
750 2700 859 2761 abdita
880 2723 984 2775 nuce,
1013 2723 1109 2783 quam
1129 2702 1287 2786 sulphure

10 2774 112 2868 Qa-{et
136 2785 203 2865 igni
222 2784 418 2862 stipaverat,
442 2781 562 2843 leuiter
584 2783 765 2864 inspirans,
797 2782 957 2844 flammam
980 2785 1065 2845 inter
1085 2784 1183 2846 verba
1203 2788 1286 2847 fun.

10 2867 190 2929 ridebat.
235 2866 309 2925 Hoc
329 2864 523 2926 miraculum
543 2866 652 2946 primo
676 2866 740 2926 duo
763 2864 866 2924 millia
888 2884 926 2925 ea
949 2866 1071 2939 obviis,
1102 2889 1192 2941 mox,
1216 2866 1327 2931 iareb

11 2958 44 3005 [ὲ-
71 2946 159 3013 belli
181 2948 331 3010 refractis
352 2946 533 3031 ergastulis,
556 2948 720 3028 sexaginta
742 2945 880 3026 amplius
901 2946 1041 3006 millium
1062 2948 1141 3006 fecit
1162 2952 1289 3011 exerci-

10 3052 37 3085 t:
71 3040 169 3106 tum3
205 3031 389 3114 regiisque,
421 3050 462 3091 ne
489 3028 568 3110 quid
600 3028 693 3089 malis
715 3028 859 3101 deesset,
891 3027 1063 3088 decoratus
1086 3028 1287 3112 insignibus,

12 3130 31 3167 3
68 3115 226 3188 castella,
259 3114 371 3186 vicos,
405 3113 549 3193 oppida,
582 3110 761 3173 miserabili
797 3108 982 3192 direptione
1012 3112 1159 3172 vastavit.
1201 3113 1328 3199 Quin7

10 3192 26 3249 '²³-
69 3196 161 3262 illud
183 3217 315 3281 quoque
336 3198 370 3257 in
392 3195 542 3257 ultimum
564 3194 642 3256 belli
665 3194 821 3267 dedecus,
845 3200 939 3275 capta
958 3203 1033 3255 sunt
1054 3201 1157 3255 eastra
1178 3195 1286 3256 Prae-

10 3302 20 3327 τ
66 3286 207 3356 toruus,
236 3303 297 3341 nee
328 3280 497 3340 nominare
530 3279 618 3359 ipsos
646 3276 805 3359 pudebit,
838 3285 942 3337 castra
969 3276 1112 3352 Manilii,
1135 3278 1286 3353 Lentuli,
1323 3324 1326 3329 >

10 3374 19 3411 ·‘
65 3360 228 3443 Pisonis,
260 3362 415 3445 Hypsaei.
435 3418 438 3423 .
457 3363 573 3444 Itaque
595 3361 651 3442 qui
674 3381 736 3442 per
754 3359 962 3441 fugitivarios
989 3356 1113 3423 retrahi
1145 3361 1286 3424 debuis-

10 3480 14 3493 ·
65 3458 169 3523 sent,
204 3446 394 3508 Praetorios
426 3445 540 3518 duee's,
576 3444 737 3527 profugos
766 3442 917 3520 proelio,
957 3442 1020 3525 ipsi
1054 3445 1285 3531 sequebantur.

10 3556 25 3607 1
66 3530 224 3594 Tandem
256 3529 426 3609 Perpenna
456 3530 656 3609 imperatore
682 3525 893 3607 supplicium*
910 3525 951 3587 de
973 3527 1019 3587 eis
1039 3539 1203 3610 sumptum
1225 3526 1328 3593 est.8

10 3620 17 3661 Ξ
64 3614 145 3676 Hic
166 3615 251 3675 enim
271 3612 387 3683 victos,
412 3620 444 3671 et
465 3608 552 3692 apud
572 3609 697 3671 Ennam
722 3609 897 3670 novissime
920 3609 1066 3670 obsessos
1082 3632 1182 3690 quum
1200 3614 1286 3675 fame

10 3706 16 3739 ·'
65 3696 173 3783 quasi
192 3684 376 3778 pestileniia
397 3693 663 3775 consumpsisset,
693 3690 849 3773 reliquias
870 3690 1036 3753 latronum
1057 3691 1286 3772 [compedibus

10 3786 26 3849 ζ
68 3784 127 3862 ct]
152 3780 272 3841 eatenis
294 3776 455 3858 religavit,
478 3775 695 3859 crucibusque
715 3773 864 3855 punivit:
888 3773 1015 3856 fuitque
1035 3773 1189 3834 deservis
1204 3794 1285 3834 cva-

66 3867 170 3927 tione
202 3868 394 3931 contentus,
430 3878 471 3919 ne
508 3858 700 3940 dignitatem
734 3852 896 3935 triumphi
928 3855 1037 3918 servili
1059 3854 1284 3939 'inscriptione

65 3945 229 4011 violaret.
273 3942 419 4003 Vixdum
444 3941 661 4022 respiraverat
690 3937 815 4010 insula,
849 3958 949 4018 quum
979 3938 1087 4000 statim
1117 3940 1223 4014 scrvi3
1253 3949 1324 4026 εἰς

10 4038 12 4065 ²
66 4056 91 4093 a
115 4029 205 4109 Syro
227 4026 354 4089 reditur
376 4024 417 4086 ad
438 4024 584 4086 Cilicem.
626 4023 769 4085 Athenio
791 4027 921 4102 pastor,
943 4021 1115 4083 interiecto
1137 4020 1282 4096 domino,

10 4138 17 4163 v
67 4110 237 4177 familiam
267 4108 428 4193 ergastulo
459 4106 632 4168 liberatam
667 4107 726 4169 sub
760 4103 860 4187 signis
897 4100 1037 4166 ordinat.
1089 4102 1164 4186 Ipse
1197 4113 1326 4167 vestero

10 4204 16 4241 t
66 4215 247 4283 purpurea
266 4202 485 4275 argenteoque
505 4190 641 4261 baculo,
665 4198 697 4250 et
717 4189 843 4270 regium
866 4184 901 4245 iu
921 4205 1046 4247 morem
1064 4187 1175 4267 fronte
1195 4187 1287 4250 redi·
1359 4249 1360 4252 ,

10 4314 13 4325 ·
67 4280 180 4350 mita,
201 4298 268 4338 non
287 4277 467 4344 minorem,
490 4294 585 4356 quam
608 4273 664 4335 ille
684 4271 841 4334 fanaticus
863 4267 980 4350 prior,
1009 4267 1130 4331 conflat
1152 4270 1286 4332 exerci-

10 4384 14 4395 '
69 4374 171 4427 tum:
195 4358 365 4443 acriusque
386 4357 503 4429 multo,
528 4356 619 4438 quasi
641 4353 787 4417 stillum
806 4352 998 4424 vindicaret,
1021 4352 1121 4426 vicos,
1143 4352 1284 4428 castella,

10 4454 14 4487 ¹
73 4442 206 4529 oppida
241 4442 419 4527 diripiens,
457 4443 493 4503 in
522 4439 691 4511 dominos,
726 4437 760 4497 in
789 4456 899 4499 servos
929 4434 1096 4508 infestius,
1130 4433 1221 4518 quasi
1252 4435 1287 4496 in

73 4528 276 4605 transfugos,
299 4527 471 4591 saeviebat.
512 4523 562 4585 Ab
585 4523 651 4583 hoc
672 4541 804 4604 quoque
823 4518 989 4580 Praetorii
1011 4519 1170 4582 exercitus
1189 4518 1333 4591 caesim

10 4644 13 4659 =
76 4620 176 4697 capta
204 4609 339 4692 Servilii
367 4619 489 4682 casua,
521 4615 616 4695 captu
636 4602 777 4677 Luculli·
818 4602 894 4673 scn-
907 4600 1066 4693 bquilius
1079 4650 1090 4680 ,
1104 4603 1317 4688 reipsam
