2850 4958
458 278 919 379 auraemalae.
1262 284 1308 359 ει

86 470 165 511 eum
193 466 257 508 non
286 449 562 509 renuntiaturum.
617 446 718 527 Quod
747 468 808 535 ego
839 448 962 510 factum
994 446 1133 512 cuilibet
1162 456 1312 512 veterum

87 528 268 595 Consulum
289 528 415 613 gloriae
431 531 692 612 'comparandum
712 551 811 606 reor,
833 532 897 593 nisi
909 532 1010 617 ‘quod
1031 532 1228 595 naturaliter
1249 546 1312 594 au-

90 616 160 695 dita
186 612 458 676 visislaudamus
487 614 661 689 libentius,
693 622 727 677 et
751 617 937 699 praesentia
960 615 1103 691 invidia,
1131 618 1312 701 praeterita

88 678 302 763 veneratione
323 699 578 781 prosequimur3
602 709 635 761 et
649 698 702 760 his
717 720 777 759 nos
793 698 903 774 obrui,
920 698 985 761 illis
1000 698 1119 761 instrui
1135 700 1310 763 credimus.

129 783 255 859 XCIII.
280 780 373 842 'Ante
394 773 573 843 trienbium
594 784 681 856 fere,
705 804 802 866 quam
824 782 1041 867 Egnatianum
1064 783 1167 845 soclus
1193 804 1311 846 eruni-

85 873 208 953 peret,
232 864 319 926 circa
341 866 497 927 Murenae
519 866 758 949 Caepionisque
778 867 1020 928 coniurationis
1036 872 1175 950 tempus,
1191 866 1312 930 abhinc

86 972 194 1013 annos
216 948 260 1027 L,
282 949 327 1008 Μ.
352 946 547 1024 Marcellus,
573 950 700 1011 sororis
722 949 861 1033 Augusti
885 951 1042 1011 Octaviae
1068 952 1153 1013 lilius
1165 997 1175 1027 ,
1197 954 1310 1035 (quem

87 1034 245 1097 homines
267 1031 335 1104 ita,
365 1032 391 1092 si
421 1032 500 1116 quid
530 1034 702 1095 accidisset
724 1034 875 1107 Caesari,
901 1055 1121 1095 successorem
1142 1036 1312 1117 potentiae

88 1120 162 1188 eius
194 1114 442 1177 arbitrabantur
470 1117 641 1192 futurum,
681 1125 718 1180 ut
751 1124 859 1177 tamen
894 1116 928 1177 id
959 1126 1021 1200 per
1052 1118 1109 1178 Μ.Ι
1131 1120 1313 1202 Agrippam

86 1221 208 1265 securo
237 1198 267 1260 ei
283 1219 390 1281 posse
417 1201 610 1283 contingere
636 1223 703 1263 non
736 1199 973 1281 existimarent)
994 1202 1312 1285 magnificentissimo

88 1290 229 1349 munere
255 1280 441 1343 Aedilitatis
465 1283 578 1359 edito,
610 1282 748 1346 decessit
779 1283 956 1345 admodum
987 1284 1132 1361 iuvenis}
1161 1308 1255 1357 sanc,
1277 1294 1315 1347 ut

45 1408 47 1417 ,
89 1370 207 1440 aiunt,
230 1366 444 1447 ingenuarum
466 1366 646 1442 virtutum,
669 1368 774 1431 laetus
799 1388 838 1428 ue
860 1367 960 1429 animi
983 1376 1016 1429 et
1038 1368 1177 1451 ingenii,
1200 1372 1315 1431 fortu-

87 1470 240 1535 naeque,
263 1449 298 1508 in
319 1471 417 1532 quam
440 1448 605 1524 alebatur,
627 1472 740 1536 capax.
774 1390 866 1512 (l’ost
886 1450 979 1513 cuius
1003 1448 1139 1533 obitum¹
1152 1448 1312 1536 Agrippa,

90 1536 150 1622 qui
173 1534 233 1596 sub
255 1535 364 1613 specie
385 1533 646 1595 ministeriorum
666 1534 902 1619 principalium
932 1537 1102 1618 profectus
1124 1540 1158 1598 in
1179 1537 1311 1611 Asiam,

50 1648 53 1653 ·
89 1630 131 1683 ut
155 1619 243 1681 fama
269 1618 456 1697 quuitur,
475 1616 517 1678 ob
548 1618 664 1679 tacitas
691 1638 766 1681 cum
787 1617 947 1679 Marcello
970 1614 1185 1695 offensiones,
1208 1642 1314 1703 prue-

91 1702 180 1768 senti
202 1722 237 1763 se
257 1700 459 1763 subduxerat
478 1700 641 1783 tempori,
671 1718 824 1763 reversus
844 1700 920 1763 inde
941 1701 1041 1763 liliam
1064 1704 1209 1766 Caesaris
1229 1694 1316 1763 Iuli-

92 1810 165 1861 am,
197 1807 294 1868 quam
325 1785 359 1845 in
385 1784 599 1845 matrimonio
632 1784 807 1846 Marcellus
825 1783 1016 1867 babuerat,
1040 1786 1135 1848 duxit
1155 1808 1314 1861 uxorem,

91 1871 250 1935 feminam
269 1867 483 1951 nequesibi,
506 1888 612 1950 neque
632 1867 847 1950 Reipublicae
867 1866 1092 1931 felicis-uteri.

112 1953 257 2015 ‘xclv.
288 1954 370 2013 Hoc·
384 1958 491 2012 tractu
513 1959 701 2033 temporum
727 1952 804 2013 Tib.
828 1950 981 2013 Claudius
1002 1954 1110 2026 Nero,
1141 1956 1221 2037 (quo
1244 1956 1315 2019 tri-

92 2058 172 2112 mo,
196 2044 234 2097 ut
253 2034 609 2121 praediximusgLivia
622 2081 631 2110 ,
654 2036 756 2097 Drusi
781 2034 950 2115 Claudiani
973 2034 1062 2111 filia,
1091 2036 1315 2118 despondente

92 2122 239 2194 llerone,
263 2120 315 2180 cui
338 2127 411 2183 ante
424 2127 533 2199 'nupta
554 2121 674 2193 luerat,
697 2120 826 2181 Caesari
841 2126 1023 2201 nupserat‚)
1039 2121 1219 2185 innutritus
1233 2145 1316 2185 coe-

94 2205 228 2269 lestium
247 2211 503 2284 praeceptorum
524 2201 729 2284 disciplinis,
753 2203 878 2264 iuvenis
899 2223 1039 2283 genere,
1060 2206 1189 2279 forma,
1212 2207 1317 2268 celsi-

95 2288 213 2351 tudine
235 2288 406 2367 corporis,
421 2285 565 2369 optimis
586 2285 722 2369 studiis,
744 2287 954 2369 maximoque
974 2286 1107 2370 ingenio
1130 2288 1320 2351 instructis-

95 2374 218 2442 simus,
251 2372 308 2452 qui
339 2370 512 2452 protinus,
545 2378 685 2454 quantus
716 2378 780 2442 est,
810 2368 940 2453 'sperari
971 2379 1148 2452 potuerat,
1182 2374 1320 2457 visuque

95 2453 295 2539 praetulerit
324 2454 533 2535 principem,¹
563 2451 1034 2531 Quaestorundevicosimum
1069 2477 1188 2516 annum
1223 2478 1321 2539 agens

99 2548 269 2622 capessere
291 2538 404 2620 coepit
423 2537 688 2618 Rempublicam3
711 2537 950 2619 maximamque
971 2535 1194 2600 difficultatem
1214 2534 1322 2601 an'nou

98 2644 184 2696 nae,
217 2643 255 2681 ac
285 2620 333 2683 'rei
365 2621 599 2682 frumentariae
625 2619 790 2704 inopiam,
824 2620 881 2681 ita¹
901 2617 1014 2681 Ostiae
1046 2630 1144 2704 atque
1171 2622 1205 2683 iu
1226 2620 1321 2684 Urbe

98 2703 388 2769 mandato‘vitrici
411 2701 599 2764 moderatus
621 2712 686 2778 est,
708 2710 745 2763 ut
765 2723 827 2784 per
848 2701 894 2776 id,
918 2704 1008 2787 quod
1030 2707 1157 2788 agebat,
1181 2716 1320 2787 quantus

97 2806 255 2852 evasurus
277 2795 381 2860 esset,
404 2784 566 2847 eluceret·
601 2786 669 2848 Nec
693 2785 796 2847 multo
819 2794 896 2869 post
916 2787 1029 2847 missus
1058 2788 1098 2849 ab
1129 2789 1242 2851 eodem
1265 2790 1320 2852 vi-

94 2873 188 2937 trico
211 2891 286 2931 cum
308 2868 454 2930 exercitu
475 2866 517 2926 ad
537 2867 687 2953 visendasx
704 2868 978 2953 ordinandasq‘ue,
991 2892 1086 2954 ·quae
1104 2872 1163 2933 sub
1180 2874 1319 2934 Oriente

97 2962 200 3028 sunt,
225 2951 434 3035 provincias,
462 2951 652 3033 praecipuis
683 2952 829 3012 omnium
849 2951 1009 3013 virtutum
1031 2954 1262 3034 experimentis
1288 2956 1324 3016 in

100 3064 141 3105 eo
164 3045 274 3099 tractu
306 3034 424 3108 editis,
456 3053 530 3094 cum
560 3033 746 3116 legionibus
775 3032 936 3115 ingressus
959 3034 1170 3108 Armeniam,
1190 3028 1324 3099 redacta

101 3147 140 3187 ea
162 3123 197 3185 in
217 3127 415 3204 potestatem
423 3115 553 3262 (populi
577 3116 716 3181 Romani
743 3136 881 3199 regnum
907 3116 997 3191 eius,
1021 3112 1191 3180 Artauasdi
1224 3120 1323 3197 [ere-

99 3215 217 3292 ptum,
242 3204 394 3287 Tigrani]
447 3201 525 3264 edit.
570 3200 660 3280 Quin
682 3220 741 3261 rex
763 3214 896 3283 quoque
915 3200 1130 3276 Parthorum,
1153 3203 1236 3263 tanti
1256 3224 1321 3266 no-
1352 3279 1354 3283 ,

101 3289 204 3353 minis
224 3288 309 3348 fama
330 3285 485 3358 territus,
508 3284 634 3345 liberos
656 3306 732 3345 suos
754 3284 793 3347 a'd
818 3278 986 3346 Caesarem
1007 3284 1261 3365 misitrobsideso

145 3371 248 3432 XCV.
281 3370 458 3430 Reversum
488 3366 564 3428 inde
593 3370 759 3428 Neronem
790 3370 907 3430 Caesar
932 3366 1021 3428 haud
1045 3367 1222 3445 mediocris
1242 3368 1323 3433 belli

102 3455 227 3517 molem
249 3452 392 3536 experiri
413 3453 538 3524 statuit,
562 3452 714 3513 adiutore
736 3452 848 3534 operis
868 3451 944 3514 dato
965 3452 1069 3514 fratre
1083 3446 1197 3534 ipsius,
1213 3456 1323 3517 Druso

106 3536 268 3611 Claudio,
292 3547 390 3619 quem
411 3536 497 3596 intra
520 3535 664 3609 Caesaris
683 3536 932 3615 penates'enixa
954 3544 1024 3596 erat
1045 3537 1147 3600 Livia.
1190 3537 1324 3620 Quippe

106 3626 269 3705 uterque,
290 3619 401 3682 divisis
420 3617 583 3701 partibus,
603 3617 745 3681 Rhaetos
768 3618 1026 3703 Vindeli'cosque
1047 3618 1207 3701 adgressi,
1231 3621 1325 3681 mul-

64 3754 69 3768 .
97 3703 153 3765 ¹tis
183 3705 315 3769 urbium
347 3711 379 3763 et
409 3698 617 3782 castellorum
652 3702 975 3785 oppugnationibus,
1008 3722 1068 3761 ncc
1100 3722 1167 3762 non
1199 3700 1326 3764 directa

106 3809 242 3872 quoque
264 3786 334 3849 acie
355 3783 498 3846 feliciter
519 3785 645 3856 functi,
669 3795 779 3867 gentes
799 3784 882 3845 locis
906 3784 1101 3865 tutissimas,
1124 3781 1215 3845 aditu
1238 3783 1326 3845 dissi-

105 3872 248 3937 cillimas
260 3917 269 3945 ,
291 3890 429 3931 numero
451 3871 660 3950 frequentes,
682 3869 815 3930 feritate
831 3874 962 3943 truces,
985 3867 1111 3928 maiore
1132 3888 1206 3929 cum
1226 3868 1326 3949 peri·-

108 3955 186 4018 culo
210 3976 307 4038 quam
329 3953 446 4014 damno
469 3951 608 4012 Romani
632 3953 815 4023 exercitus,
846 3948 991 4031 plurimo
1014 3971 1089 4011 cum
1112 3971 1223 4011 earum
1244 3974 1326 4015 sau-

108 4038 210 4119 guine
238 4036 510 4121 perdomuerunt.
564 4033 649 4095 Ante
679 4056 763 4118 quae
793 4041 943 4112 tempora
976 4034 1117 4094 Censura
1146 4031 1261 4096 Planci
1295 4047 1328 4099 et

108 4120 240 4196 Paulli,
264 4130 333 4182 aeta
356 4121 443 4182 inter
464 4117 685 4191 discordiam,
708 4138 814 4201 neque
836 4114 915 4196 ipsis
936 4112 1080 4200 honori,
1114 4138 1221 4201 neque
1243 4117 1328 4181 Rei-

112 4205 269 4285 publicae
290 4204 363 4265 usui
384 4205 469 4265 fuit:
493 4222 593 4284 quum
615 4201 710 4263 alteri
733 4201 781 4277 ais
803 4198 971 4272 censoria,
994 4197 1087 4259 alteri
1103 4201 1170 4262 rito
1186 4200 1328 4276 deesset,

110 4288 246 4355 Paullus
267 4288 322 4349 vix
341 4284 611 4371 posset'implere
640 4286 836 4355 Censorem,
868 4281 1008 4342 Plancus
1038 4282 1155 4345 timere
1177 4283 1332 4355 deberem

111 4372 374 4455 necquidquam
408 4372 555 4435 obiicere
580 4378 694 4450 posset
723 4366 1002 4439 adolescentibus,
1039 4368 1108 4443 [aut
1138 4364 1335 4432 obiicientos

113 4456 231 4523 audire
244 4459 266 4533 ‚l
288 4456 378 4539 quod
400 4478 466 4517 non
490 4462 682 4529 agnosceret
703 4474 810 4513 senex.

155 4538 277 4601 XCVI.
310 4543 400 4600 Mors
422 4536 539 4601 deindo
561 4536 729 4617 Agrippae
751 4534 823 4619 (qui
848 4533 1026 4599 novitatem
1048 4554 1138 4594 sunm
1160 4530 1273 4599 multis
1290 4553 1348 4599 rc.

114 4624 178 4691 bus
199 4621 452 4697 nobilitaverat,
477 4631 575 4705 atquc
595 4620 629 4683 in
652 4617 720 4682 hoc
739 4618 969 4703 perduxerat,
996 4627 1031 4678 ut
1056 4627 1087 4679 et
1111 4618 1254 4683 Neronis
1281 4639 1352 4684 esd
