2850 4958
187 258 261 343 256
451 256 646 339 SEXTUS
678 256 926 335 anselm
955 254 1147 383 weron

179 427 377 503 suadeas-tit,
406 425 582 511 imperium
602 422 793 509 complexus
814 404 897 499 esi„
910 421 1008 487 cuius
1023 441 1145 485 nomeu
1165 430 1241 487 satu
1261 421 1372 488 abssa-

49 532 52 539 ’
176 502 259 577 bat:
290 502 445 575 subdolus
477 517 509 572 et
537 505 721 582 occultior,
752 505 871 587 bisque
897 526 992 588 saepe
1013 502 1201 569 simulando
1226 504 1371 585 intensas,

182 618 265 681 quae
295 597 436 657 maxime
465 602 623 676 cuperet,
655 601 687 654 et
711 590 864 653 insidiose
885 588 1033 666 deditus,
1065 608 1149 671 quae
1172 588 1255 651 odio
1279 600 1371 665 arsat:

181 680 313 764 iugenio
336 680 375 740 ad
398 679 566 759 repentina
588 677 686 757 louge
707 673 856 745 acriore,
879 672 974 733 bonis
994 672 1096 736 initiis
1117 670 1208 735 idem
1229 677 1373 756 pernicis

181 783 256 837 sus,
284 762 529 847 quaesitissimis
552 760 587 822 iu
609 777 736 819 ornnem
764 758 834 818 fere
862 760 1010 817 aetatem·
1028 774 1209 840 sexumque
1234 756 1373 821 libidini.

179 846 263 921 bus3
284 856 383 929 atque
404 846 547 907 atrocius
568 843 706 926 puniens
731 840 891 912 insontes,
914 861 991 900 suos
1012 840 1140 925 pariter
1161 848 1371 925 externosque.

140 928 300 996 aldhuc
331 931 406 992 dum
439 929 536 991 urbes
568 935 600 989 et
629 932 812 987 consentes
839 932 1046 1000 exsecratur,
1083 924 1226 1006 Capreas
1260 924 1373 989 iusulsu

139 1014 162 1077 5
183 1013 366 1097 quaesierat
385 1012 516 1095 flagitiis
538 1009 699 1111 obtentui.
741 1009 853 1109 Quare
872 1005 989 1106 polutis
1010 1007 1146 1071 militiae
1168 1008 1319 1084 artibus,
1336 1010 1374 1071 di·

50 1249 53 1252 *
181 1106 282 1262 itit
303 1096 582 1251 deitati?
602 1088 1373 1258 ÷l⁰ttt¹s.t¹¹2t¹tt.⁰..t‘5⁰.¹ttitttsgttt

183 1260 322 1336 chelae,
344 1280 594 1345 compressaque
616 1257 831 1341 Gaetulorum
854 1255 1047 1331 latrocinia,
1072 1278 1157 1342 quas
1187 1258 1372 1329 Tacfarinate

96 1350 101 1359 ’
139 1342 266 1427 educe
294 1344 414 1447 passim
433 1351 668 1427 proruperant.
710 1338 915 1413 Praetorias,
939 1361 1022 1424 quae
1042 1339 1209 1422 dispersae
1233 1342 1370 1425 prouisis

180 1428 390 1513 municipiis,
421 1448 479 1491 ssu
508 1428 653 1501 Romae,
683 1442 832 1509 quaeque
860 1442 924 1505 per
954 1423 1071 1486 domos
1100 1423 1327 1501 habebantur,
1344 1425 1371 1487 iu

181 1519 289 1573 casus
308 1508 396 1598 spusl
415 1510 543 1575 Urbem
562 1507 709 1594 redegit3
736 1528 802 1592 qua
821 1505 1038 1582 tenebantur,
1058 1506 1307 1575 Praefertursas
1319 1517 1370 1591 'ap-

181 1592 326 1679 pellsus,
352 1591 404 1656 rel
426 1614 566 1679 augens,
586 1591 780 1671 Braetorio:
811 1608 888 1653 uem
907 1597 1034 1667 ceteros
1054 1590 1247 1677 paritorum
1268 1590 1373 1678 praesi-

181 1676 305 1764 desque
323 1676 488 1763 Augustus
510 1676 708 1741 instituerat.

615 1838 947 1941 susurru

572 2021 664 2064 catus
686 2016 803 2062 (tum
825 2017 994 2064 cauom.

226 2169 334 2257 lgitur
363 2170 499 2236 Claudio
529 2171 621 2233 senio
653 2194 693 2234 au
726 2170 852 2235 insidiis
882 2192 1063 2257 oppresso,
1091 2193 1193 2258 quum
1220 2170 1375 2257 imperiae

183 2262 251 2322 ¹tres
272 2263 370 2338 atque
392 2256 528 2341 viginti,
559 2256 628 2316 sevi
652 2255 887 2339 octogesimum
908 2279 974 2318 uuo
995 2256 1102 2319 miuus
1123 2277 1229 2319 anuos
1259 2258 1376 2359 egisset,

183 2340 279 2403 Caius
304 2341 439 2413 Caesar,
462 2347 681 2424 cognomento
704 2330 861 2421 Caligula,
884 2340 1052 2404 arentibus
1073 2339 1202 2403 cunctis
1228 2336 1377 2426 deligitur,

142 2420 346 2486 §maiorum
368 2424 492 2507 gratiae
512 2423 733 2507 parentisque.
777 2426 925 2506 Namque
946 2445 1006 2507 per
1027 2424 1125 2501 liliam
1153 2444 1297 2506 prossus
1315 2425 1381 2487 aa·

182 2512 316 2591 gustus3
336 2526 456 2591 genere
475 2515 644 2580 materno,
664 2506 833 2590 Agrippas
853 2510 1001 2582 Drusus,
1024 2507 1214 2570 Germanici
1235 2517 1343 2590 pater,
1366 2526 1381 2571 s

140 2588 246 2674 bquo
268 2591 296 2653 is
318 2589 509 2665 oriebatur,
539 2590 591 2652 asi
614 2597 717 2651 eraut.
735 2624 740 2635 ·
760 2593 913 2671 Quorum
932 2591 1091 2653 modestia
1112 2600 1215 2674 atque
1236 2594 1381 2654 immatu-

183 2694 246 2748 ro,
269 2673 392 2757 absque
413 2672 608 2747 Octaviani,
632 2672 790 2751 interitu,
817 2675 952 2760 vulgus,
982 2674 1080 2749 sirpul
1100 2674 1217 2736 matris
1239 2678 1390 2738 fratrum·-

139 2757 268 2839 dquc,
304 2777 388 2840 quos
419 2757 573 2820 Tiberius
608 2756 708 2817 exitio
739 2758 979 2840 interceperat,
1010 2758 1280 2837 permovebatur.
1324 2760 1382 2838 Qus

182 2858 292 2900 caussa
312 2839 502 2903 nitebantur
526 2859 640 2902 omues
662 2861 772 2903 casum
792 2849 901 2904 mutae
921 2839 1065 2903 familiae
1084 2841 1189 2903 lenire
1210 2841 1382 2905 adolescm·

179 2920 243 2985 tuli
268 2942 346 3005 spe:
376 2932 447 2986 tum
468 2923 545 3006 quia
566 2931 662 2985 uatus
681 2922 715 2985 in
737 2924 884 2987 exercitu
912 2923 1016 3005 (uude
1039 2934 1298 3009 cognomentum
1323 2925 1395 2990 cd··

181 3017 349 3069 ceameuto
373 3006 508 3069 militari
531 3008 750 3095 quaesiverat)
771 3007 959 3092 legionibus
979 3028 1074 3070 carus
1094 3018 1319 3094 acceptusque
1333 3010 1384 3072 ba·

141 3081 334 3152 bbebatur.
376 3090 550 3152 Praeterea
581 3088 854 3173 prudentissimus
886 3090 1024 3176 quisque
1056 3089 1194 3154 similem
1228 3096 1304 3156 fore
1332 3092 1386 3157 suis

178 3171 354 3247 credeban
388 3172 477 3257 quod
508 3172 606 3259 louge
635 3194 727 3238 secus
741 3220 751 3250 ,
782 3174 876 3260 quasi
897 3183 1034 3237 naturae
1052 3173 1144 3259 lege,
1167 3195 1255 3255 quae
1276 3178 1387 3240 crebro

180 3262 344 3339 tamquam
365 3276 404 3317 ex
426 3255 585 3320 industria
607 3257 708 3322 sualos
731 3259 877 3331 ebonis,
901 3267 1043 3342 agrestes
1065 3279 1083 3320 e
1103 3256 1342 3335 doctioribus,
1363 3265 1389 3323 et

138 3334 306 3399 licetsros
328 3338 576 3414 huiuscemodi,
607 3361 664 3403 seu
685 3350 801 3403 contra
823 3341 942 3426 giguit.
987 3343 1064 3419 Quo
1085 3338 1220 3403 demum
1244 3343 1389 3427 exemplo

137 3421 695 3588 ⁷tttgttitt..i;.‘:;.tt⁰3‡.
716 3423 1390 3594 iili-ii¹iiidia¹⁶‘i,‘.÷,⁰,5.²⁶iiiaii

180 3583 332 3650 immanis
354 3589 453 3652 animi
477 3587 523 3649 its
543 3588 673 3670 pudore
693 3609 731 3650 ac
751 3589 890 3673 parendi
913 3593 1023 3671 specie
1045 3592 1233 3667 obtexerat,
1256 3596 1307 3657 uti
1327 3614 1388 3656 me·

179 3668 247 3732 rito
269 3668 478 3755 vulgaretur,
508 3692 614 3763 neque
646 3671 817 3736 meliorem
849 3674 1029 3748 famulatu,
1061 3695 1168 3759 usquc
1192 3679 1389 3741 atrociorem

180 3750 349 3818 domiuum
375 3754 432 3818 illo
454 3753 565 3825 luisse.
608 3754 759 3841 Denique
779 3765 894 3821 nactus
912 3766 1131 3840 potestatem,
1160 3759 1212 3821 uti
1236 3761 1314 3824 talia
1333 3759 1390 3821 iu.-

131 3858 152 3925 ‘1
178 3838 273 3914 genia
301 3858 432 3902 versare
459 3836 566 3899 solent
590 3838 690 3901 animi
716 3846 848 3915 seusus,
881 3841 1010 3926 egregia
1041 3840 1081 3903 ad
1102 3840 1286 3943 populum,
1307 3843 1390 3904 iuter

179 3917 315 3994 Patres,
337 3942 411 3982 cum
432 3919 592 3984 militibus
613 3923 731 4004 gessitt
757 3922 930 4006 delataque
950 3925 1193 3999 coniuratione,
1217 3926 1305 4012 qussi
1323 3923 1391 3985 uai-

180 4021 242 4063 uus
262 4002 418 4079 credens,
464 4004 657 4080 raedicasit,
679 4007 733 4068 rix
754 4007 932 4070 convenire
953 4007 986 4069 iu
1008 4030 1095 4081 enm,
1116 4008 1213 4071 cuius
1234 4010 1294 4073 sits
1313 4005 1389 4069 nul·

138 4081 239 4146 8lius
272 4027 461 4150 onericus

178 4169 270 4230 sario
294 4170 441 4233 facinore
464 4171 686 4235 innocentium
707 4174 941 4257 paucioribus,
969 4181 1133 4258 tamquam
1155 4172 1289 4240 belluae
1307 4174 1384 4239 hau·

177 4260 228 4315 sto
250 4254 405 4338 sanguiue
426 4255 591 4339 ingenium
612 4257 778 4333 ¹exercuit:
799 4259 911 4339 itaque
933 4255 1087 4342 deinceps
1107 4259 1288 4322 triennium
1313 4280 1382 4321 cou-

177 4345 340 4411 sumtum,
364 4359 464 4420 quum
492 4338 629 4413 Senatus
663 4349 760 4433 atque
781 4342 898 4425 optimi
921 4341 1078 4423 cuiusque
1100 4339 1279 4423 multiplici
1303 4340 1381 4404 clads

136 4425 340 4501 9tcrrarum
365 4423 455 4484 orbis
479 4422 679 4485 foedaretur.
724 4424 812 4505 Quin
834 4425 933 4487 etiam
954 4444 1107 4488 sororum
1130 4433 1249 4504 stupro
1270 4447 1308 4486 ac
1322 4446 1380 4486 ma·

177 4501 343 4565 trimouiis
373 4504 511 4573 illudens
542 4507 731 4583 nobilibus,
757 4511 906 4577 Deorum
931 4507 1048 4569 habitu
1069 4508 1265 4586 incedebat,
1291 4527 1380 4592 quum

163 4586 280 4649 lovem
300 4608 337 4651 se
358 4588 403 4653 ob
425 4588 606 4666 incestum,
635 4611 676 4663 ex
694 4590 799 4671 choro
824 4601 934 4673 autem
957 4590 1151 4676 Baocbauali
1177 4592 1333 4663 Liberum
1353 4609 1379 4652 sc

482 4085 689 4152 incommodo
721 4100 813 4153 esset.
857 4090 922 4152 Sed
952 4098 1089 4173 repente
1118 4093 1226 4155 caesis
1251 4091 1385 4179 primun
