2850 4958
460 264 584 338 lllST.
611 267 732 343 ROM.
759 269 847 343 LlB.
876 269 920 340 ll.
1264 270 1311 357 33,

89 450 226 515 quoque
246 446 365 514 parvus
387 430 558 516 Pompeii,
582 433 665 493 lolia
684 442 799 503 natus,
824 436 907 495 intra
928 435 1027 495 breve
1049 435 1189 518 epatium
1212 436 1310 497 obiit.

88 517 178 576 Tum
200 515 233 576 in
263 513 391 598 gladios
414 516 594 599 caedesque
621 517 742 577 civium
763 520 893 579 furente
919 519 1061 593 ambita,
1087 508 1178 580 cirins
1205 540 1312 603 neque

92 598 164 660 finis
184 599 415 680 reperiebatur
434 620 494 660 nec
517 599 654 673 laudus,
677 600 794 661 tertius
815 601 1010 663 Consulatus
1031 602 1093 662 soli
1118 605 1175 663 Cn.
1199 602 1312 663 Pous-

91 681 190 763 peic,
221 680 320 743 etiam
346 682 586 743 adversantium
617 692 711 744 antea
739 683 891 767 dignitati
920 686 987 745 eiua
1007 687 1153 759 iudicio,
1186 685 1312 748 delatus

92 774 150 825 est.
197 762 295 847 Cujus
315 763 371 827 illc
395 766 533 827 honoris
555 765 678 848 gloria,
705 766 806 827 veluti
829 767 1051 830 reconciliatis
1072 768 1135 830 sibi
1166 771 1312 851 optima-

88 850 199 922 tibus,
222 847 401 909 naarimea
428 852 462 911 C.
490 851 622 909 Caesare
653 849 812 911 alienatus
836 861 894 913 est.
938 852 1001 913 Sed
1025 853 1094 914 eiua
1118 852 1311 915 Consulatus

89 953 221 993 omnem
243 931 308 991 vim
329 933 363 995 in
385 934 621 993 coercitionum
644 933 965 996 ambitusexercuit.

130 1016 207 1093 Qun
231 1024 381 1095 tempore
397 1018 434 1075 Ρ.
462 1015 594 1077 Clodius
618 1039 633 1091 a
657 1016 802 1089 Milone,
827 1018 1001 1080 candidato
1021 1019 1234 1092 Consulatus,
1253 1040 1313 1080 ex-

88 1098 198 1181 emplo
222 1097 386 1160 inutiliter
408 1101 493 1161 facto
509 1099 641 1161 salutari
658 1100 888 1182 Reipublicae,
912 1102 1000 1183 circa
1014 1102 1167 1177 Bovillas,
1182 1113 1313 1165 contra-

88 1190 139 1243 cta
165 1202 205 1241 ex
222 1204 361 1243 occursu
377 1183 465 1255 rixa,
492 1183 654 1265 iugulatus
677 1193 734 1244 cst.
769 1185 928 1246 Milonem
942 1205 1034 1253 rcum
1053 1209 1118 1248 non
1139 1187 1241 1270 magis
1257 1189 1314 1249 in·-

85 1264 177 1325 vidia
198 1262 300 1339 facti,
322 1288 420 1348 quam
440 1266 592 1344 Pompeii
608 1267 773 1330 damnavit
793 1267 955 1329 voluntat.
984 1271 1090 1348 Quem
1108 1268 1241 1352 quidem
1260 1272 1307 1333 M.

89 1349 173 1409 Cato
206 1346 314 1428 palam
344 1348 582 1414 lata‘absolvit
610 1353 780 1413 sententia.
826 1352 893 1423 Qui
925 1352 953 1412 si
980 1352 1140 1427 maturius
1160 1352 1290 1414 tulisset
1301 1392 1339 1428 ,·

87 1453 157 1493 non
180 1430 375 1506 defuissent,
402 1433 458 1515 qui
481 1443 696 1520 sequerentur
726 1436 932 1520 exemplum,
964 1435 1212 1520 probarentque
1237 1458 1312 1497 eum

87 1516 192 1575 civem
217 1517 381 1589 occisum,
405 1538 471 1599 quo
493 1520 588 1581 nemo
602 1518 824 1599 perniciosior
844 1516 1069 1601 Reipublicae,
1091 1539 1201 1604 neque
1213 1516 1312 1581 bonis

89 1598 422 1660 inimiciorvixerat.
517 1602 522 1609 ’

127 1682 286 1743 XLVIII.
320 1682 411 1745 Intra
438 1681 538 1745 breve
569 1681 686 1744 deinde
712 1686 854 1767 spatium
880 1684 959 1747 belli
992 1682 1099 1747 civilis
1122 1692 1314 1747 exarserunt

91 1764 205 1825 initio:
229 1788 328 1846 quum
351 1766 546 1828 iustissimus
569 1767 707 1849 quisquc
722 1776 754 1827 at
768 1792 785 1827 a
801 1770 938 1843 Caesare
962 1777 994 1829 et
1016 1791 1034 1829 a
1055 1768 1217 1850 Pompeio
1240 1768 1313 1831 rel-

87 1846 134 1908 let
166 1848 288 1911 dimitti
316 1851 491 1913 exercitus.
535 1850 667 1932 Quippe
694 1849 872 1933 Pompeius
902 1852 936 1913 in
965 1852 1109 1915 secundo
1133 1851 1311 1915 Consulatu

91 1932 265 2015 Hispanias
292 1933 354 1993 sibi
388 1933 519 2003 decerni
552 1932 723 2007 voluerat,
758 1932 874 2018 easque
904 1957 966 2015 per
992 1937 1171 1997 trienninm
1198 1936 1313 1997 absens

92 2015 162 2097 ipse
182 2038 221 2077 ac
241 2015 429 2096 praesidens
448 2017 546 2090 Urbi,
568 2036 630 2099 per
643 2017 814 2079 Afranium
837 2028 867 2079 at
890 2018 1076 2093 Petreium,
1100 2019 1312 2081 Consularem

93 2119 131 2159 ac
153 2098 381 2173 Praetorium,
404 2102 543 2184 Legatos
565 2121 663 2174 auos,
685 2100 954 2175 administrabat,
979 2111 1011 2162 et
1032 2103 1091 2175 iis,
1115 2104 1172 2187 qui
1195 2126 1213 2163 a
1236 2104 1314 2167 Cae·

91 2202 163 2241 sare
183 2181 395 2245 dimittendos
417 2184 578 2246 exercitas
601 2182 863 2259 contendebant,
886 2183 1139 2259 adsentabatur·,
1167 2185 1227 2259 iis,
1251 2186 1309 2269 qui

89 2264 129 2325 ab
162 2265 235 2345 ipso
269 2289 423 2349 quoque,
457 2264 702 2329 adversabatur.
758 2269 823 2340 Qui
854 2268 880 2329 si
903 2277 977 2327 ante
995 2267 1188 2343 biennium,
1214 2291 1313 2351 quam

88 2346 128 2407 od
150 2370 239 2411 arma
264 2352 345 2411 itum
367 2359 436 2425 est,
464 2352 621 2432 perfectis
642 2352 834 2414 nsunrribus
858 2351 979 2413 tbeatri
1003 2360 1035 2417 et
1056 2351 1198 2429 aliorum
1222 2373 1311 2434 ope-

86 2452 187 2505 rum,
209 2456 292 2514 quae
315 2435 344 2495 ei
368 2434 604 2507 circumdedit,
628 2435 817 2516 gravissima
840 2444 982 2497 tentatus
997 2432 1182 2511 valetudine
1197 2434 1314 2497 deces-

87 2514 184 2577 sisset
218 2517 248 2577 in
280 2518 475 2599 Campania,
509 2521 588 2616 (quo
618 2517 751 2599 q'uidem
773 2527 924 2600 tempore
945 2519 1095 2580 universa
1118 2516 1212 2579 ltalia
1234 2531 1312 2580 vota

86 2620 150 2679 pro
184 2599 287 2661 salute
328 2602 416 2674 eius,
449 2601 549 2683 prima
583 2602 727 2661 omnium
760 2601 901 2681 civium,
933 2603 1117 2683 suscepit3)
1153 2598 1311 2665 defuisset

86 2684 244 2743 fortunae
266 2683 454 2747 destruendi
477 2683 547 2745 eius
568 2682 682 2757 locus,
707 2693 739 2745 ct
761 2706 857 2766 quam
880 2684 966 2765 apud
988 2705 1125 2763 superos
1151 2682 1314 2749 habuerat

86 2766 366 2847 magnitudinem,
401 2765 562 2843 illibatam
583 2764 752 2829 detulisset
774 2766 815 2830 ad
836 2767 972 2831 inferos.
1014 2767 1106 2835 Bello
1130 2777 1239 2833 autem
1260 2769 1314 2833 ci-

86 2846 172 2919 vili,
207 2857 239 2908 et
268 2855 341 2921 tot,
376 2868 459 2930 quae
490 2844 607 2911 deinde
637 2870 700 2928 per
727 2850 902 2912 continuos
929 2851 991 2913 XX
1012 2871 1114 2913 annos
1136 2860 1313 2914 consecuta

86 2937 183 3005 sunt,
206 2928 320 3005 malis,
348 2952 413 2997 non
435 2929 516 2990 alius
536 2931 696 2991 maiorem
716 2930 1047 3018 flagrantioramque,
1069 2955 1168 3017 quam
1192 2936 1226 2997 C.
1246 2938 1314 2997 Cu-

87 3016 167 3088 rio,
197 3013 365 3076 Tribunus
392 3011 520 3095 plebis,
551 3012 692 3074 subiecit
719 3014 844 3075 facem:
876 3015 928 3075 vir
958 3016 1100 3088 nobilis,
1134 3014 1312 3099 eloquens,

87 3095 217 3172 audax,
241 3120 318 3159 suae
340 3094 529 3181 alienaeque
551 3103 583 3158 et
604 3097 756 3158 fortunae
778 3104 811 3159 et
824 3095 1004 3180 pudicitiae
1018 3095 1191 3181 prodigus,
1210 3100 1312 3169 homo

92 3181 352 3259 ingeniosissime
372 3201 530 3260 nequam,
555 3186 588 3243 et
607 3176 766 3243 facundus
791 3180 877 3243 malo
899 3179 1054 3258 publice,
1076 3180 1169 3242 cuius
1190 3183 1313 3257 animo,

57 3256 62 3263 ¹
88 3265 315 3346 voluptatibus
337 3264 389 3325 vel
409 3261 627 3333 lihidinibus,
651 3282 757 3347 neque
781 3285 858 3345 opes
881 3260 987 3338 ullae,
1019 3286 1125 3343 neque
1143 3264 1316 3345 cupidita-

88 3358 137 3411 tes
158 3347 304 3411 sufficere
325 3356 469 3428 possent.
514 3347 579 3410 Hic
599 3348 709 3427 primo
732 3367 794 3417 nro
817 3346 969 3431 Pompeii
991 3349 1163 3430 partibus,
1188 3350 1222 3421 id
1246 3359 1311 3425 est,

88 3443 126 3495 ut
144 3440 237 3493 ,tunc
266 3432 472 3505 habebatur,
504 3453 568 3514 pro
600 3428 801 3513 Republica,
834 3452 911 3495 mox
950 3430 1159 3495 simulatione
1195 3444 1313 3497 contra

86 3516 287 3599 Pompeium
308 3525 341 3577 et
363 3516 550 3589 Caesarem,
575 3516 629 3576 sed
653 3515 761 3577 animo
783 3537 846 3597 pro
863 3515 1007 3579 'Caesare
1028 3518 1130 3579 stetit.
1175 3516 1214 3591 ld
1234 3540 1313 3597 gra-

80 3602 156 3683 tis,
178 3622 219 3661 an
240 3609 376 3682 accepto
399 3599 521 3667 centies
544 3600 598 3661 Hs
620 3600 757 3673 fecerit,
780 3605 817 3659 ut
839 3599 1044 3682 accepimus,
1067 3601 1101 3661 in
1123 3600 1232 3661 medio
1254 3621 1313 3661 re·-

86 3684 286 3763 linquemus.
318 3680 381 3751 ,Ad
402 3682 553 3745 ultimum
576 3682 805 3745 saluberrimas
829 3693 861 3743 et
879 3682 1094 3751 coalescentis
1106 3682 1313 3743 conditiones

89 3765 202 3852 pacis,
225 3786 304 3849 quas
327 3776 360 3827 ct
382 3768 497 3829 Caesar
517 3766 693 3827 iustissimo
719 3764 827 3825 animo
849 3762 1059 3847 postulabat,
1083 3772 1115 3825 et
1132 3763 1312 3843 Pompeius

88 3849 431 3933 aequo-recipiebat,
464 3849 616 3913 discussit
644 3870 682 3911 ac
710 3846 823 3929 rupit3
855 3849 951 3911 unice
981 3855 1114 3909 carente
1149 3846 1309 3909 Cicerone

88 3933 290 3999 concordiae
326 3931 513 4014 publicae„
545 3935 670 3995 Harum
709 3930 1030 4014 praeteritorumque
1070 3952 1182 3991 rerum
1223 3929 1307 3997 ordo

91 4040 190 4101 quum
214 4020 332 4079 iustius
353 4017 496 4079 aliorum
514 4015 734 4080 voluminibus
754 4022 951 4098 promatur,
983 4024 1075 4088 tum,
1112 4012 1159 4076 uti
1185 4035 1307 4097 spero,

72 4101 213 4165 ,nostris
236 4100 466 4183 explicabitur.
956 4140 959 4145 -

130 4184 249 4247 XLIX.
281 4189 376 4249 Nunc
402 4185 578 4266 proposito
599 4180 703 4267 operi
735 4202 791 4244 sua
822 4182 930 4243 forma
960 4173 1137 4256 reddatur3
1165 4180 1192 4243 si
1215 4179 1308 4260 prius

87 4269 271 4353 gratulatus
293 4291 351 4332 ero
375 4269 416 4347 Q.
440 4269 578 4341 Catulo,
602 4267 730 4329 duobus
752 4263 919 4339 Lucullis,
943 4264 1142 4348 Metelloque
1165 4272 1198 4325 et
1219 4266 1311 4329 llor-

87 4354 219 4418 tensio:
248 4354 306 4436 qui
329 4372 429 4436 quum
451 4352 521 4416 sine
543 4350 666 4415 invidia
684 4352 717 4412 in
733 4344 913 4432 Republica
934 4348 1133 4448 floruisspnt,
1151 4347 1311 4419 eminete*

88 4448 229 4521 sentque
249 4438 318 4499 aine
337 4436 512 4517 periculo,
535 4436 668 4515 quieta,
692 4443 749 4494 aut
770 4440 860 4495 certe
880 4452 946 4497 non
967 4430 1196 4515 praecipitata,
1217 4430 1311 4496 fatali

89 4532 165 4586 ante
188 4520 320 4583 initium
339 4519 504 4583 bellorum
524 4519 672 4582 civilium
694 4528 802 4581 morte
828 4517 932 4579 functi
954 4520 1039 4577 sunt.

132 4604 274 4671 Lentulo
297 4614 330 4667 et
343 4605 502 4669 Marcello
525 4608 614 4669 Coss.
636 4611 715 4688 post
735 4604 861 4743 Urbeip
878 4600 1044 4679 cenditam
1065 4594 1157 4667 aunis
1180 4556 1317 4671 ‘13ch,
