<?xml version="1.0" encoding="UTF-8"?>
<!DOCTYPE html PUBLIC "-//W3C//DTD XHTML 1.0 Transitional//EN"
    "http://www.w3.org/TR/xhtml1/DTD/xhtml1-transitional.dtd">
<html xmlns="http://www.w3.org/1999/xhtml" xml:lang="en" lang="en">
 <head>
  <title>
</title>
<meta http-equiv="Content-Type" content="text/html;charset=utf-8" />
  <meta name='ocr-system' content='tesseract 3.04.00' />
  <meta name='ocr-capabilities' content='ocr_page ocr_carea ocr_par ocr_line ocrx_word'/>
</head>
<body>
  <div class='ocr_page' id='page_1' title='image "./scriptoreshisto00fiedgoog_0229.png"; bbox 0 0 2850 4958; ppageno 0'>
   <div class='ocr_carea' id='block_1_1' title="bbox 2 170 106 257">
    <p class='ocr_par' dir='ltr' id='par_1_1' title="bbox 2 170 106 257">
     <span class='ocr_line' id='line_1_1' title="bbox 2 170 106 237; baseline 0 0"><span class='ocrx_word' id='word_1_1' title='bbox 2 170 106 237; x_wconf 77' lang='lat' dir='ltr'><strong>s-&#39;&#39;¹&#39;</strong></span> 
     </span>
     <span class='ocr_line' id='line_1_2' title="bbox 40 240 48 257; baseline 0 0"><span class='ocrx_word' id='word_1_2' title='bbox 40 240 48 257; x_wconf 79' lang='grc'>1</span> 
     </span>
    </p>
   </div>
   <div class='ocr_carea' id='block_1_2' title="bbox 38 222 1163 373">
    <p class='ocr_par' dir='ltr' id='par_1_2' title="bbox 38 222 1163 385">
     <span class='ocr_line' id='line_1_3' title="bbox 38 222 1163 373; baseline 0.02 -40"><span class='ocrx_word' id='word_1_3' title='bbox 38 224 209 373; x_wconf 53' lang='grc' dir='ltr'>’.ἣ-α,</span> <span class='ocrx_word' id='word_1_4' title='bbox 334 276 496 355; x_wconf 79' lang='lat' dir='ltr'><strong>omno</strong></span> <span class='ocrx_word' id='word_1_5' title='bbox 523 222 703 357; x_wconf 79' lang='lat' dir='ltr'><strong>cenna</strong></span> <span class='ocrx_word' id='word_1_6' title='bbox 724 241 846 353; x_wconf 81' lang='lat' dir='ltr'><strong>non.</strong></span> <span class='ocrx_word' id='word_1_7' title='bbox 876 276 985 355; x_wconf 83' lang='lat' dir='ltr'><strong>aar.</strong></span> <span class='ocrx_word' id='word_1_8' title='bbox 1010 276 1069 355; x_wconf 70' lang='lat' dir='ltr'><strong>ss.</strong></span> <span class='ocrx_word' id='word_1_9' title='bbox 1097 272 1163 357; x_wconf 69' lang='lat' dir='ltr'><strong>so·</strong></span> 
     </span>
    </p>
   </div>
   <div class='ocr_carea' id='block_1_3' title="bbox 38 438 1360 4689">
    <p class='ocr_par' dir='ltr' id='par_1_3' title="bbox 124 438 1356 855">
     <span class='ocr_line' id='line_1_4' title="bbox 126 438 1356 534; baseline -0.008 -23"><span class='ocrx_word' id='word_1_10' title='bbox 126 452 264 534; x_wconf 84' lang='lat' dir='ltr'><strong>repente</strong></span> <span class='ocrx_word' id='word_1_11' title='bbox 281 442 376 507; x_wconf 91' lang='lat' dir='ltr'><strong>coelo</strong></span> <span class='ocrx_word' id='word_1_12' title='bbox 397 448 523 502; x_wconf 88' lang='lat' dir='ltr'><strong>tantum</strong></span> <span class='ocrx_word' id='word_1_13' title='bbox 544 438 699 501; x_wconf 89' lang='lat' dir='ltr'><strong>imbrium</strong></span> <span class='ocrx_word' id='word_1_14' title='bbox 721 439 878 515; x_wconf 80' lang='lat' dir='ltr'><strong>effusum,</strong></span> <span class='ocrx_word' id='word_1_15' title='bbox 909 441 1102 503; x_wconf 68' lang='lat' dir='ltr'><strong>tonitrubus</strong></span> <span class='ocrx_word' id='word_1_16' title='bbox 1126 440 1232 502; x_wconf 83' lang='lat' dir='ltr'><strong>etlam</strong></span> <span class='ocrx_word' id='word_1_17' title='bbox 1250 459 1326 521; x_wconf 83' lang='lat' dir='ltr'><strong>epa·</strong></span> <span class='ocrx_word' id='word_1_18' title='bbox 1353 450 1356 513; x_wconf 74' lang='lat' dir='ltr'><strong>l</strong></span> 
     </span>
     <span class='ocr_line' id='line_1_5' title="bbox 124 522 1327 607; baseline -0.005 -11"><span class='ocrx_word' id='word_1_19' title='bbox 124 532 245 596; x_wconf 84' lang='lat' dir='ltr'><strong>secutis</strong></span> <span class='ocrx_word' id='word_1_20' title='bbox 275 529 541 607; x_wconf 85' lang='lat' dir='ltr'><strong>flammarumque</strong></span> <span class='ocrx_word' id='word_1_21' title='bbox 570 522 774 605; x_wconf 78' lang='lat' dir='ltr'><strong>fulgoribus,</strong></span> <span class='ocrx_word' id='word_1_22' title='bbox 807 533 844 583; x_wconf 91' lang='lat' dir='ltr'><strong>ut</strong></span> <span class='ocrx_word' id='word_1_23' title='bbox 865 526 1010 585; x_wconf 83' lang='lat' dir='ltr'><strong>ninnium</strong></span> <span class='ocrx_word' id='word_1_24' title='bbox 1032 546 1100 586; x_wconf 88' lang='lat' dir='ltr'><strong>non</strong></span> <span class='ocrx_word' id='word_1_25' title='bbox 1122 523 1217 586; x_wconf 88' lang='lat' dir='ltr'><strong>oculi</strong></span> <span class='ocrx_word' id='word_1_26' title='bbox 1232 526 1327 589; x_wconf 75' lang='lat' dir='ltr'><strong>-modo</strong></span> 
     </span>
     <span class='ocr_line' id='line_1_6' title="bbox 125 608 1326 702; baseline -0.005 -24"><span class='ocrx_word' id='word_1_27' title='bbox 125 611 461 702; x_wconf 85' lang='lat' dir='ltr'><strong>praeitringerentur,</strong></span> <span class='ocrx_word' id='word_1_28' title='bbox 484 627 596 669; x_wconf 83' lang='lat' dir='ltr'><strong>verum</strong></span> <span class='ocrx_word' id='word_1_29' title='bbox 618 608 715 667; x_wconf 89' lang='lat' dir='ltr'><strong>etiam</strong></span> <span class='ocrx_word' id='word_1_30' title='bbox 737 617 858 667; x_wconf 79' lang='lat' dir='ltr'><strong>memes</strong></span> <span class='ocrx_word' id='word_1_31' title='bbox 880 628 1013 690; x_wconf 89' lang='lat' dir='ltr'><strong>quoque</strong></span> <span class='ocrx_word' id='word_1_32' title='bbox 1033 608 1195 669; x_wconf 82' lang='lat' dir='ltr'><strong>confusae</strong></span> <span class='ocrx_word' id='word_1_33' title='bbox 1217 619 1326 671; x_wconf 84' lang='lat' dir='ltr'><strong>esseott</strong></span> 
     </span>
     <span class='ocr_line' id='line_1_7' title="bbox 128 688 1327 783; baseline -0.005 -23"><span class='ocrx_word' id='word_1_34' title='bbox 128 717 292 783; x_wconf 89' lang='lat' dir='ltr'><strong>quumque</strong></span> <span class='ocrx_word' id='word_1_35' title='bbox 313 693 480 755; x_wconf 82' lang='lat' dir='ltr'><strong>universos</strong></span> <span class='ocrx_word' id='word_1_36' title='bbox 502 691 796 770; x_wconf 88' lang='lat' dir='ltr'><strong>utriusquepartis</strong></span> <span class='ocrx_word' id='word_1_37' title='bbox 826 688 1000 753; x_wconf 86' lang='lat' dir='ltr'><strong>dirimendi</strong></span> <span class='ocrx_word' id='word_1_38' title='bbox 1020 691 1152 773; x_wconf 77' lang='lat' dir='ltr'><strong>proelio</strong></span> <span class='ocrx_word' id='word_1_39' title='bbox 1176 693 1327 772; x_wconf 84' lang='lat' dir='ltr'><strong>cupiditas</strong></span> 
     </span>
     <span class='ocr_line' id='line_1_8' title="bbox 127 773 1328 855; baseline -0.006 -9"><span class='ocrx_word' id='word_1_40' title='bbox 127 782 324 848; x_wconf 74' lang='lat' dir='ltr'><strong>incessisset,</strong></span> <span class='ocrx_word' id='word_1_41' title='bbox 354 774 460 837; x_wconf 83' lang='lat' dir='ltr'><strong>nihilo</strong></span> <span class='ocrx_word' id='word_1_42' title='bbox 493 775 598 835; x_wconf 90' lang='lat' dir='ltr'><strong>minus</strong></span> <span class='ocrx_word' id='word_1_43' title='bbox 625 775 659 834; x_wconf 93' lang='lat' dir='ltr'><strong>in</strong></span> <span class='ocrx_word' id='word_1_44' title='bbox 686 773 742 835; x_wconf 86' lang='lat' dir='ltr'><strong>illa</strong></span> <span class='ocrx_word' id='word_1_45' title='bbox 769 776 969 855; x_wconf 82' lang='lat' dir='ltr'><strong>tempestatis</strong></span> <span class='ocrx_word' id='word_1_46' title='bbox 992 773 1120 836; x_wconf 77' lang='lat' dir='ltr'><strong>subitae</strong></span> <span class='ocrx_word' id='word_1_47' title='bbox 1140 776 1328 839; x_wconf 81' lang='lat' dir='ltr'><strong>confusions</strong></span> 
     </span>
    </p>

    <p class='ocr_par' dir='ltr' id='par_1_4' title="bbox 84 854 1328 1192">
     <span class='ocr_line' id='line_1_9' title="bbox 84 854 1328 947; baseline -0.005 -20"><span class='ocrx_word' id='word_1_48' title='bbox 84 866 344 947; x_wconf 71' lang='lat' dir='ltr'><strong>binterceptum</strong></span> <span class='ocrx_word' id='word_1_49' title='bbox 374 859 514 919; x_wconf 81' lang='lat' dir='ltr'><strong>Aeneam</strong></span> <span class='ocrx_word' id='word_1_50' title='bbox 547 876 705 938; x_wconf 89' lang='lat' dir='ltr'><strong>nosquam</strong></span> <span class='ocrx_word' id='word_1_51' title='bbox 737 854 853 917; x_wconf 89' lang='lat' dir='ltr'><strong>deinde</strong></span> <span class='ocrx_word' id='word_1_52' title='bbox 886 858 1120 939; x_wconf 82' lang='lat' dir='ltr'><strong>comparuisse.</strong></span> <span class='ocrx_word' id='word_1_53' title='bbox 1180 858 1328 921; x_wconf 77' lang='lat' dir='ltr'><strong>Traditur</strong></span> 
     </span>
     <span class='ocr_line' id='line_1_10' title="bbox 125 939 1327 1025; baseline -0.004 -15"><span class='ocrx_word' id='word_1_54' title='bbox 125 959 253 1021; x_wconf 84' lang='lat' dir='ltr'><strong>autem,</strong></span> <span class='ocrx_word' id='word_1_55' title='bbox 284 965 352 1005; x_wconf 90' lang='lat' dir='ltr'><strong>non</strong></span> <span class='ocrx_word' id='word_1_56' title='bbox 372 943 529 1024; x_wconf 84' lang='lat' dir='ltr'><strong>proviso,</strong></span> <span class='ocrx_word' id='word_1_57' title='bbox 560 940 650 1023; x_wconf 89' lang='lat' dir='ltr'><strong>quod</strong></span> <span class='ocrx_word' id='word_1_58' title='bbox 670 939 876 1022; x_wconf 87' lang='lat' dir='ltr'><strong>propinquus</strong></span> <span class='ocrx_word' id='word_1_59' title='bbox 897 940 1023 1001; x_wconf 89' lang='lat' dir='ltr'><strong>flumini</strong></span> <span class='ocrx_word' id='word_1_60' title='bbox 1048 940 1252 1025; x_wconf 73' lang='lat' dir='ltr'><strong>esset,&#39;ripa</strong></span> <span class='ocrx_word' id='word_1_61' title='bbox 1272 943 1327 1005; x_wconf 59' lang='lat' dir='ltr'><strong>dei</strong></span> 
     </span>
     <span class='ocr_line' id='line_1_11' title="bbox 124 1021 1327 1114; baseline -0.004 -22"><span class='ocrx_word' id='word_1_62' title='bbox 124 1031 256 1114; x_wconf 91' lang='lat' dir='ltr'><strong>pulsus,</strong></span> <span class='ocrx_word' id='word_1_63' title='bbox 288 1030 375 1089; x_wconf 84' lang='lat' dir='ltr'><strong>forte</strong></span> <span class='ocrx_word' id='word_1_64' title='bbox 397 1025 431 1084; x_wconf 93' lang='lat' dir='ltr'><strong>in</strong></span> <span class='ocrx_word' id='word_1_65' title='bbox 450 1024 585 1085; x_wconf 84' lang='lat' dir='ltr'><strong>flurium</strong></span> <span class='ocrx_word' id='word_1_66' title='bbox 615 1021 793 1095; x_wconf 81' lang='lat' dir='ltr'><strong>decidisse,</strong></span> <span class='ocrx_word' id='word_1_67' title='bbox 823 1031 920 1104; x_wconf 89' lang='lat' dir='ltr'><strong>atque</strong></span> <span class='ocrx_word' id='word_1_68' title='bbox 948 1021 992 1085; x_wconf 89' lang='lat' dir='ltr'><strong>ita</strong></span> <span class='ocrx_word' id='word_1_69' title='bbox 1015 1023 1188 1107; x_wconf 84' lang='lat' dir='ltr'><strong>proelium</strong></span> <span class='ocrx_word' id='word_1_70' title='bbox 1209 1022 1327 1087; x_wconf 67' lang='lat' dir='ltr'><strong>dimus-</strong></span> 
     </span>
     <span class='ocr_line' id='line_1_12' title="bbox 125 1106 1327 1192; baseline -0.003 -17"><span class='ocrx_word' id='word_1_71' title='bbox 125 1124 215 1186; x_wconf 67' lang='lat' dir='ltr'><strong>tum,</strong></span> <span class='ocrx_word' id='word_1_72' title='bbox 248 1112 323 1172; x_wconf 90' lang='lat' dir='ltr'><strong>dein</strong></span> <span class='ocrx_word' id='word_1_73' title='bbox 353 1116 429 1192; x_wconf 89' lang='lat' dir='ltr'><strong>post</strong></span> <span class='ocrx_word' id='word_1_74' title='bbox 455 1109 576 1190; x_wconf 86' lang='lat' dir='ltr'><strong>apertis</strong></span> <span class='ocrx_word' id='word_1_75' title='bbox 605 1106 788 1190; x_wconf 83' lang='lat' dir='ltr'><strong>fugatisque</strong></span> <span class='ocrx_word' id='word_1_76' title='bbox 814 1106 956 1167; x_wconf 92' lang='lat' dir='ltr'><strong>nubibus</strong></span> <span class='ocrx_word' id='word_1_77' title='bbox 976 1128 1075 1189; x_wconf 89' lang='lat' dir='ltr'><strong>quum</strong></span> <span class='ocrx_word' id='word_1_78' title='bbox 1099 1124 1219 1170; x_wconf 84' lang='lat' dir='ltr'><strong>serena</strong></span> <span class='ocrx_word' id='word_1_79' title='bbox 1240 1108 1327 1171; x_wconf 82' lang='lat' dir='ltr'><strong>facist</strong></span> 
     </span>
    </p>

    <p class='ocr_par' dir='ltr' id='par_1_5' title="bbox 83 1189 1343 1612">
     <span class='ocr_line' id='line_1_13' title="bbox 83 1189 1327 1280; baseline -0.003 -21"><span class='ocrx_word' id='word_1_80' title='bbox 83 1200 107 1280; x_wconf 69' lang='grc'><em>4</em></span> <span class='ocrx_word' id='word_1_81' title='bbox 128 1195 314 1266; x_wconf 83' lang='lat' dir='ltr'><strong>effulsisset,</strong></span> <span class='ocrx_word' id='word_1_82' title='bbox 338 1189 497 1252; x_wconf 89' lang='lat' dir='ltr'><strong>creditum</strong></span> <span class='ocrx_word' id='word_1_83' title='bbox 521 1199 588 1262; x_wconf 87' lang='lat' dir='ltr'><strong>est,</strong></span> <span class='ocrx_word' id='word_1_84' title='bbox 611 1191 719 1250; x_wconf 80' lang='lat' dir='ltr'><strong>vivum</strong></span> <span class='ocrx_word' id='word_1_85' title='bbox 742 1210 814 1249; x_wconf 91' lang='lat' dir='ltr'><strong>eum</strong></span> <span class='ocrx_word' id='word_1_86' title='bbox 834 1189 927 1250; x_wconf 86' lang='lat' dir='ltr'><strong>coelo</strong></span> <span class='ocrx_word' id='word_1_87' title='bbox 951 1190 1147 1251; x_wconf 83' lang='lat' dir='ltr'><strong>adsumtum.</strong></span> <span class='ocrx_word' id='word_1_88' title='bbox 1184 1192 1327 1275; x_wconf 73' lang='lat' dir='ltr'><strong>idemque</strong></span> 
     </span>
     <span class='ocr_line' id='line_1_14' title="bbox 125 1269 1328 1373; baseline -0.002 -32"><span class='ocrx_word' id='word_1_89' title='bbox 125 1289 233 1341; x_wconf 84' lang='lat' dir='ltr'><strong>tamen</strong></span> <span class='ocrx_word' id='word_1_90' title='bbox 255 1284 331 1361; x_wconf 87' lang='lat' dir='ltr'><strong>post</strong></span> <span class='ocrx_word' id='word_1_91' title='bbox 352 1275 392 1336; x_wconf 92' lang='lat' dir='ltr'><strong>ab</strong></span> <span class='ocrx_word' id='word_1_92' title='bbox 413 1272 575 1347; x_wconf 84' lang='lat' dir='ltr'><strong>Ascanio,</strong></span> <span class='ocrx_word' id='word_1_93' title='bbox 603 1282 636 1334; x_wconf 90' lang='lat' dir='ltr'><strong>et</strong></span> <span class='ocrx_word' id='word_1_94' title='bbox 656 1271 850 1373; x_wconf 88' lang='lat' dir='ltr'><strong>quibusdam</strong></span> <span class='ocrx_word' id='word_1_95' title='bbox 872 1269 944 1332; x_wconf 89' lang='lat' dir='ltr'><strong>aliis</strong></span> <span class='ocrx_word' id='word_1_96' title='bbox 967 1274 1051 1334; x_wconf 83' lang='lat' dir='ltr'><strong>visos</strong></span> <span class='ocrx_word' id='word_1_97' title='bbox 1073 1273 1259 1357; x_wconf 85' lang='lat' dir='ltr'><strong>affirmator</strong></span> <span class='ocrx_word' id='word_1_98' title='bbox 1279 1296 1328 1337; x_wconf 80' lang='lat' dir='ltr'><strong>su-</strong></span> 
     </span>
     <span class='ocr_line' id='line_1_15' title="bbox 123 1354 1327 1500; baseline -0.002 -75"><span class='ocrx_word' id='word_1_99' title='bbox 123 1385 185 1447; x_wconf 88' lang='lat' dir='ltr'><strong>per</strong></span> <span class='ocrx_word' id='word_1_100' title='bbox 206 1358 335 1423; x_wconf 86' lang='lat' dir='ltr'><strong>Numici</strong></span> <span class='ocrx_word' id='word_1_101' title='bbox 367 1357 495 1437; x_wconf 84' lang='lat' dir='ltr'><strong>ripam,</strong></span> <span class='ocrx_word' id='word_1_102' title='bbox 528 1376 566 1417; x_wconf 91' lang='lat' dir='ltr'><strong>eo</strong></span> <span class='ocrx_word' id='word_1_103' title='bbox 598 1355 713 1416; x_wconf 79' lang='lat' dir='ltr'><strong>babitu</strong></span> <span class='ocrx_word' id='word_1_104' title='bbox 744 1354 927 1438; x_wconf 87' lang='lat' dir='ltr'><strong>armisque,</strong></span> <span class='ocrx_word' id='word_1_105' title='bbox 961 1357 1080 1500; x_wconf 81' lang='lat' dir='ltr'><strong>quibos</strong></span> <span class='ocrx_word' id='word_1_106' title='bbox 1113 1357 1149 1418; x_wconf 87' lang='lat' dir='ltr'><strong>in</strong></span> <span class='ocrx_word' id='word_1_107' title='bbox 1173 1360 1327 1439; x_wconf 72' lang='lat' dir='ltr'><strong>proelium</strong></span> 
     </span>
     <span class='ocr_line' id='line_1_16' title="bbox 148 1439 1324 1518; baseline -0.002 -11"><span class='ocrx_word' id='word_1_108' title='bbox 148 1451 339 1507; x_wconf 87' lang='lat' dir='ltr'><strong>recesserat.</strong></span> <span class='ocrx_word' id='word_1_109' title='bbox 383 1441 474 1518; x_wconf 86' lang='lat' dir='ltr'><strong>Quae</strong></span> <span class='ocrx_word' id='word_1_110' title='bbox 501 1460 554 1501; x_wconf 91' lang='lat' dir='ltr'><strong>res</strong></span> <span class='ocrx_word' id='word_1_111' title='bbox 583 1439 837 1500; x_wconf 88' lang='lat' dir='ltr'><strong>immortalitatis</strong></span> <span class='ocrx_word' id='word_1_112' title='bbox 867 1439 939 1498; x_wconf 85' lang='lat' dir='ltr'><strong>eius</strong></span> <span class='ocrx_word' id='word_1_113' title='bbox 980 1462 1083 1500; x_wconf 90' lang='lat' dir='ltr'><strong>amam</strong></span> <span class='ocrx_word' id='word_1_114' title='bbox 1114 1441 1324 1505; x_wconf 81' lang='lat' dir='ltr'><strong>confirmarit.</strong></span> 
     </span>
     <span class='ocr_line' id='line_1_17' title="bbox 122 1464 1343 1612; baseline -0.002 -21"><span class='ocrx_word' id='word_1_115' title='bbox 122 1464 238 1612; x_wconf 83' lang='lat' dir='ltr'><strong>ltaque</strong></span> <span class='ocrx_word' id='word_1_116' title='bbox 261 1526 307 1589; x_wconf 93' lang='lat' dir='ltr'><strong>illi</strong></span> <span class='ocrx_word' id='word_1_117' title='bbox 331 1547 369 1585; x_wconf 85' lang='lat' dir='ltr'><strong>eo</strong></span> <span class='ocrx_word' id='word_1_118' title='bbox 396 1523 471 1584; x_wconf 91' lang='lat' dir='ltr'><strong>loco</strong></span> <span class='ocrx_word' id='word_1_119' title='bbox 500 1521 657 1604; x_wconf 90' lang='lat' dir='ltr'><strong>templum</strong></span> <span class='ocrx_word' id='word_1_120' title='bbox 686 1531 928 1595; x_wconf 81' lang='lat' dir='ltr'><strong>consecratum,</strong></span> <span class='ocrx_word' id='word_1_121' title='bbox 960 1514 1191 1607; x_wconf 82' lang='lat' dir='ltr'><strong>appellarique</strong></span> <span class='ocrx_word' id='word_1_122' title='bbox 1214 1524 1343 1607; x_wconf 86' lang='lat' dir='ltr'><strong>placnii.</strong></span> 
     </span>
    </p>

    <p class='ocr_par' dir='ltr' id='par_1_6' title="bbox 80 1601 1325 1770">
     <span class='ocr_line' id='line_1_18' title="bbox 80 1601 1325 1693; baseline -0.003 -18"><span class='ocrx_word' id='word_1_123' title='bbox 80 1607 258 1675; x_wconf 75' lang='lat' dir='ltr'><strong>BPoteem</strong></span> <span class='ocrx_word' id='word_1_124' title='bbox 279 1609 462 1690; x_wconf 81' lang='lat' dir='ltr'><strong>indigetem.</strong></span> <span class='ocrx_word' id='word_1_125' title='bbox 505 1607 589 1667; x_wconf 86' lang='lat' dir='ltr'><strong>Dein</strong></span> <span class='ocrx_word' id='word_1_126' title='bbox 612 1605 696 1666; x_wconf 84' lang='lat' dir='ltr'><strong>filias</strong></span> <span class='ocrx_word' id='word_1_127' title='bbox 725 1605 793 1665; x_wconf 86' lang='lat' dir='ltr'><strong>eius</strong></span> <span class='ocrx_word' id='word_1_128' title='bbox 823 1601 998 1679; x_wconf 88' lang='lat' dir='ltr'><strong>Ascanius,</strong></span> <span class='ocrx_word' id='word_1_129' title='bbox 1029 1605 1114 1667; x_wconf 83' lang='lat' dir='ltr'><strong>idem</strong></span> <span class='ocrx_word' id='word_1_130' title='bbox 1137 1608 1201 1691; x_wconf 87' lang='lat' dir='ltr'><strong>qui</strong></span> <span class='ocrx_word' id='word_1_131' title='bbox 1220 1602 1325 1693; x_wconf 70' lang='lat' dir='ltr'><strong>Euty·</strong></span> 
     </span>
     <span class='ocr_line' id='line_1_19' title="bbox 123 1688 1017 1770; baseline -0.009 -12"><span class='ocrx_word' id='word_1_132' title='bbox 123 1695 197 1766; x_wconf 90' lang='lat' dir='ltr'><strong>leo,</strong></span> <span class='ocrx_word' id='word_1_133' title='bbox 221 1694 364 1756; x_wconf 89' lang='lat' dir='ltr'><strong>omnium</strong></span> <span class='ocrx_word' id='word_1_134' title='bbox 387 1692 578 1752; x_wconf 89' lang='lat' dir='ltr'><strong>Latinorum</strong></span> <span class='ocrx_word' id='word_1_135' title='bbox 600 1688 724 1750; x_wconf 87' lang='lat' dir='ltr'><strong>iudicio</strong></span> <span class='ocrx_word' id='word_1_136' title='bbox 748 1706 804 1748; x_wconf 82' lang='lat' dir='ltr'><strong>rex</strong></span> <span class='ocrx_word' id='word_1_137' title='bbox 827 1688 1017 1770; x_wconf 86' lang='lat' dir='ltr'><strong>appellatus.</strong></span> 
     </span>
    </p>

    <p class='ocr_par' dir='ltr' id='par_1_7' title="bbox 124 1769 1325 1945">
     <span class='ocr_line' id='line_1_20' title="bbox 165 1769 1324 1860; baseline -0.004 -21"><span class='ocrx_word' id='word_1_138' title='bbox 165 1779 241 1840; x_wconf 88' lang='lat' dir='ltr'><strong>XV.</strong></span> <span class='ocrx_word' id='word_1_139' title='bbox 273 1777 379 1860; x_wconf 87' lang='lat' dir='ltr'><strong>Igitur</strong></span> <span class='ocrx_word' id='word_1_140' title='bbox 409 1795 564 1835; x_wconf 88' lang='lat' dir='ltr'><strong>summam</strong></span> <span class='ocrx_word' id='word_1_141' title='bbox 601 1772 731 1855; x_wconf 85' lang='lat' dir='ltr'><strong>imperii</strong></span> <span class='ocrx_word' id='word_1_142' title='bbox 762 1771 954 1832; x_wconf 85' lang='lat' dir='ltr'><strong>Latinorum</strong></span> <span class='ocrx_word' id='word_1_143' title='bbox 988 1771 1124 1854; x_wconf 81' lang='lat' dir='ltr'><strong>adeptus</strong></span> <span class='ocrx_word' id='word_1_144' title='bbox 1160 1769 1324 1846; x_wconf 70' lang='lat' dir='ltr'><strong>Ascanius.</strong></span> 
     </span>
     <span class='ocr_line' id='line_1_21' title="bbox 124 1850 1325 1945; baseline -0.005 -22"><span class='ocrx_word' id='word_1_145' title='bbox 124 1880 223 1945; x_wconf 88' lang='lat' dir='ltr'><strong>quum</strong></span> <span class='ocrx_word' id='word_1_146' title='bbox 255 1859 417 1922; x_wconf 91' lang='lat' dir='ltr'><strong>continuis</strong></span> <span class='ocrx_word' id='word_1_147' title='bbox 446 1856 584 1939; x_wconf 87' lang='lat' dir='ltr'><strong>proeliis</strong></span> <span class='ocrx_word' id='word_1_148' title='bbox 612 1855 807 1915; x_wconf 82' lang='lat' dir='ltr'><strong>Mezentium</strong></span> <span class='ocrx_word' id='word_1_149' title='bbox 833 1856 986 1938; x_wconf 86' lang='lat' dir='ltr'><strong>persequi</strong></span> <span class='ocrx_word' id='word_1_150' title='bbox 1012 1850 1231 1929; x_wconf 86' lang='lat' dir='ltr'><strong>instituisset,</strong></span> <span class='ocrx_word' id='word_1_151' title='bbox 1253 1857 1325 1917; x_wconf 84' lang='lat' dir='ltr'><strong>filins</strong></span> 
     </span>
    </p>

    <p class='ocr_par' dir='ltr' id='par_1_8' title="bbox 82 1933 1359 2271">
     <span class='ocr_line' id='line_1_22' title="bbox 82 1933 1322 2021; baseline -0.004 -14"><span class='ocrx_word' id='word_1_152' title='bbox 82 1963 103 2007; x_wconf 76' lang='lat' dir='ltr'><strong>s</strong></span> <span class='ocrx_word' id='word_1_153' title='bbox 125 1945 193 2005; x_wconf 86' lang='lat' dir='ltr'><strong>eius</strong></span> <span class='ocrx_word' id='word_1_154' title='bbox 210 1945 335 2005; x_wconf 89' lang='lat' dir='ltr'><strong>Lausus</strong></span> <span class='ocrx_word' id='word_1_155' title='bbox 357 1940 473 2001; x_wconf 90' lang='lat' dir='ltr'><strong>collem</strong></span> <span class='ocrx_word' id='word_1_156' title='bbox 496 1933 647 1998; x_wconf 80' lang='lat' dir='ltr'><strong>Lauiniae</strong></span> <span class='ocrx_word' id='word_1_157' title='bbox 675 1939 759 1997; x_wconf 91' lang='lat' dir='ltr'><strong>arcis</strong></span> <span class='ocrx_word' id='word_1_158' title='bbox 781 1939 965 2020; x_wconf 82' lang='lat' dir='ltr'><strong>occupavit.</strong></span> <span class='ocrx_word' id='word_1_159' title='bbox 1009 1939 1189 2021; x_wconf 89' lang='lat' dir='ltr'><strong>Quumque</strong></span> <span class='ocrx_word' id='word_1_160' title='bbox 1210 1941 1245 2002; x_wconf 87' lang='lat' dir='ltr'><strong>id</strong></span> <span class='ocrx_word' id='word_1_161' title='bbox 1266 1960 1322 2021; x_wconf 77' lang='lat' dir='ltr'><strong>op-</strong></span> 
     </span>
     <span class='ocr_line' id='line_1_23' title="bbox 122 2014 1322 2110; baseline -0.005 -23"><span class='ocrx_word' id='word_1_162' title='bbox 122 2026 235 2110; x_wconf 92' lang='lat' dir='ltr'><strong>pidum</strong></span> <span class='ocrx_word' id='word_1_163' title='bbox 258 2014 463 2086; x_wconf 81' lang='lat' dir='ltr'><strong>circumfs&#39;asis</strong></span> <span class='ocrx_word' id='word_1_164' title='bbox 485 2020 635 2081; x_wconf 90' lang='lat' dir='ltr'><strong>omnibus</strong></span> <span class='ocrx_word' id='word_1_165' title='bbox 656 2019 758 2100; x_wconf 91' lang='lat' dir='ltr'><strong>copiis</strong></span> <span class='ocrx_word' id='word_1_166' title='bbox 780 2020 866 2103; x_wconf 88' lang='lat' dir='ltr'><strong>regis</strong></span> <span class='ocrx_word' id='word_1_167' title='bbox 888 2031 1076 2093; x_wconf 85' lang='lat' dir='ltr'><strong>teneretur,</strong></span> <span class='ocrx_word' id='word_1_168' title='bbox 1106 2023 1218 2086; x_wconf 86' lang='lat' dir='ltr'><strong>Latini</strong></span> <span class='ocrx_word' id='word_1_169' title='bbox 1239 2015 1322 2105; x_wconf 62' lang='lat' dir='ltr'><strong>legas</strong></span> 
     </span>
     <span class='ocr_line' id='line_1_24' title="bbox 121 2098 1359 2188; baseline -0.002 -18"><span class='ocrx_word' id='word_1_170' title='bbox 121 2118 174 2170; x_wconf 92' lang='lat' dir='ltr'><strong>tos</strong></span> <span class='ocrx_word' id='word_1_171' title='bbox 196 2108 236 2170; x_wconf 90' lang='lat' dir='ltr'><strong>ad</strong></span> <span class='ocrx_word' id='word_1_172' title='bbox 260 2105 454 2169; x_wconf 84' lang='lat' dir='ltr'><strong>Mezentium</strong></span> <span class='ocrx_word' id='word_1_173' title='bbox 474 2103 633 2164; x_wconf 86' lang='lat' dir='ltr'><strong>miserunt</strong></span> <span class='ocrx_word' id='word_1_174' title='bbox 649 2098 859 2176; x_wconf 82' lang='lat' dir='ltr'><strong>sciscitatum,</strong></span> <span class='ocrx_word' id='word_1_175' title='bbox 882 2127 946 2188; x_wconf 91' lang='lat' dir='ltr'><strong>qua</strong></span> <span class='ocrx_word' id='word_1_176' title='bbox 968 2104 1164 2167; x_wconf 87' lang='lat' dir='ltr'><strong>conditione</strong></span> <span class='ocrx_word' id='word_1_177' title='bbox 1185 2105 1220 2168; x_wconf 90' lang='lat' dir='ltr'><strong>in</strong></span> <span class='ocrx_word' id='word_1_178' title='bbox 1241 2106 1321 2168; x_wconf 88' lang='lat' dir='ltr'><strong>dedi·</strong></span> <span class='ocrx_word' id='word_1_179' title='bbox 1357 2151 1359 2158; x_wconf 65' lang='grc'><em>»</em></span> 
     </span>
     <span class='ocr_line' id='line_1_25' title="bbox 120 2180 1359 2271; baseline -0.002 -19"><span class='ocrx_word' id='word_1_180' title='bbox 120 2190 247 2253; x_wconf 90' lang='lat' dir='ltr'><strong>tionem</strong></span> <span class='ocrx_word' id='word_1_181' title='bbox 268 2211 322 2251; x_wconf 88' lang='lat' dir='ltr'><strong>eos</strong></span> <span class='ocrx_word' id='word_1_182' title='bbox 347 2189 495 2271; x_wconf 87' lang='lat' dir='ltr'><strong>accipere</strong></span> <span class='ocrx_word' id='word_1_183' title='bbox 516 2184 630 2260; x_wconf 83' lang='lat' dir='ltr'><strong>vellet·,</strong></span> <span class='ocrx_word' id='word_1_184' title='bbox 654 2207 819 2269; x_wconf 89' lang='lat' dir='ltr'><strong>quumque</strong></span> <span class='ocrx_word' id='word_1_185' title='bbox 839 2185 896 2248; x_wconf 88' lang='lat' dir='ltr'><strong>ille</strong></span> <span class='ocrx_word' id='word_1_186' title='bbox 919 2185 1080 2250; x_wconf 81' lang='lat' dir='ltr'><strong>interulis</strong></span> <span class='ocrx_word' id='word_1_187' title='bbox 1096 2180 1319 2252; x_wconf 81' lang='lat' dir='ltr'><strong>onerossillod</strong></span> <span class='ocrx_word' id='word_1_188' title='bbox 1355 2181 1359 2243; x_wconf 74' lang='lat' dir='ltr'><strong>j</strong></span> 
     </span>
    </p>

    <p class='ocr_par' dir='ltr' id='par_1_9' title="bbox 38 2266 1359 2436">
     <span class='ocr_line' id='line_1_26' title="bbox 38 2266 1359 2357; baseline -0.001 -22"><span class='ocrx_word' id='word_1_189' title='bbox 38 2294 45 2305; x_wconf 83' lang='lat'><em>&#39;</em></span> <span class='ocrx_word' id='word_1_190' title='bbox 124 2295 257 2357; x_wconf 88' lang='lat' dir='ltr'><strong>quoque</strong></span> <span class='ocrx_word' id='word_1_191' title='bbox 279 2272 454 2337; x_wconf 84' lang='lat' dir='ltr'><strong>adiiceret,</strong></span> <span class='ocrx_word' id='word_1_192' title='bbox 480 2278 517 2330; x_wconf 91' lang='lat' dir='ltr'><strong>ut</strong></span> <span class='ocrx_word' id='word_1_193' title='bbox 538 2289 632 2329; x_wconf 86' lang='lat' dir='ltr'><strong>omne</strong></span> <span class='ocrx_word' id='word_1_194' title='bbox 651 2271 762 2329; x_wconf 84' lang='lat' dir='ltr'><strong>vinum</strong></span> <span class='ocrx_word' id='word_1_195' title='bbox 785 2270 853 2353; x_wconf 86' lang='lat' dir='ltr'><strong>agri</strong></span> <span class='ocrx_word' id='word_1_196' title='bbox 877 2268 984 2332; x_wconf 91' lang='lat' dir='ltr'><strong>Latini</strong></span> <span class='ocrx_word' id='word_1_197' title='bbox 1005 2270 1135 2354; x_wconf 85' lang='lat' dir='ltr'><strong>aliquot</strong></span> <span class='ocrx_word' id='word_1_198' title='bbox 1158 2273 1249 2334; x_wconf 88' lang='lat' dir='ltr'><strong>annis</strong></span> <span class='ocrx_word' id='word_1_199' title='bbox 1264 2266 1318 2334; x_wconf 82' lang='lat' dir='ltr'><strong>sibi</strong></span> <span class='ocrx_word' id='word_1_200' title='bbox 1355 2289 1359 2324; x_wconf 78' lang='lat' dir='ltr'><strong>t</strong></span> 
     </span>
     <span class='ocr_line' id='line_1_27' title="bbox 125 2351 1359 2436; baseline -0.002 -17"><span class='ocrx_word' id='word_1_201' title='bbox 125 2360 322 2419; x_wconf 83' lang='lat' dir='ltr'><strong>inferretur:</strong></span> <span class='ocrx_word' id='word_1_202' title='bbox 347 2353 484 2416; x_wconf 83' lang='lat' dir='ltr'><strong>consilio</strong></span> <span class='ocrx_word' id='word_1_203' title='bbox 507 2360 604 2434; x_wconf 90' lang='lat' dir='ltr'><strong>atque</strong></span> <span class='ocrx_word' id='word_1_204' title='bbox 625 2352 821 2415; x_wconf 87' lang='lat' dir='ltr'><strong>auctoritate</strong></span> <span class='ocrx_word' id='word_1_205' title='bbox 845 2351 974 2415; x_wconf 84' lang='lat' dir='ltr'><strong>Ascanii</strong></span> <span class='ocrx_word' id='word_1_206' title='bbox 995 2351 1120 2436; x_wconf 82' lang='lat' dir='ltr'><strong>placuit</strong></span> <span class='ocrx_word' id='word_1_207' title='bbox 1135 2356 1182 2417; x_wconf 92' lang='lat' dir='ltr'><strong>ob</strong></span> <span class='ocrx_word' id='word_1_208' title='bbox 1196 2354 1319 2418; x_wconf 81' lang='lat' dir='ltr'><strong>liberta-</strong></span> <span class='ocrx_word' id='word_1_209' title='bbox 1355 2370 1359 2409; x_wconf 86' lang='grc' dir='ltr'>Ι</span> 
     </span>
    </p>

    <p class='ocr_par' dir='ltr' id='par_1_10' title="bbox 80 2432 1359 2688">
     <span class='ocr_line' id='line_1_28' title="bbox 80 2432 1359 2521; baseline -0.004 -19"><span class='ocrx_word' id='word_1_210' title='bbox 80 2439 185 2506; x_wconf 67' lang='lat' dir='ltr'><strong>Stem</strong></span> <span class='ocrx_word' id='word_1_211' title='bbox 214 2439 299 2501; x_wconf 91' lang='lat' dir='ltr'><strong>mori</strong></span> <span class='ocrx_word' id='word_1_212' title='bbox 331 2437 463 2520; x_wconf 86' lang='lat' dir='ltr'><strong>potius,</strong></span> <span class='ocrx_word' id='word_1_213' title='bbox 495 2457 591 2518; x_wconf 88' lang='lat' dir='ltr'><strong>qnam</strong></span> <span class='ocrx_word' id='word_1_214' title='bbox 623 2432 680 2496; x_wconf 88' lang='lat' dir='ltr'><strong>illo</strong></span> <span class='ocrx_word' id='word_1_215' title='bbox 712 2435 811 2496; x_wconf 90' lang='lat' dir='ltr'><strong>modo</strong></span> <span class='ocrx_word' id='word_1_216' title='bbox 841 2435 1029 2498; x_wconf 87' lang='lat' dir='ltr'><strong>servitutem</strong></span> <span class='ocrx_word' id='word_1_217' title='bbox 1050 2437 1177 2500; x_wconf 88' lang='lat' dir='ltr'><strong>subire.</strong></span> <span class='ocrx_word' id='word_1_218' title='bbox 1223 2436 1319 2521; x_wconf 86' lang='lat' dir='ltr'><strong>ltaqna</strong></span> <span class='ocrx_word' id='word_1_219' title='bbox 1355 2448 1359 2492; x_wconf 80' lang='lat' dir='ltr'><strong>l</strong></span> 
     </span>
     <span class='ocr_line' id='line_1_29' title="bbox 121 2512 1359 2604; baseline -0.001 -20"><span class='ocrx_word' id='word_1_220' title='bbox 121 2524 201 2586; x_wconf 85' lang='lat' dir='ltr'><strong>vino</strong></span> <span class='ocrx_word' id='word_1_221' title='bbox 223 2543 261 2584; x_wconf 81' lang='lat' dir='ltr'><strong>ex</strong></span> <span class='ocrx_word' id='word_1_222' title='bbox 284 2523 371 2583; x_wconf 75' lang='lat' dir='ltr'><strong>anani</strong></span> <span class='ocrx_word' id='word_1_223' title='bbox 394 2517 554 2582; x_wconf 82' lang='lat' dir='ltr'><strong>vindemia</strong></span> <span class='ocrx_word' id='word_1_224' title='bbox 578 2517 648 2578; x_wconf 79' lang='lat' dir='ltr'><strong>lori</strong></span> <span class='ocrx_word' id='word_1_225' title='bbox 670 2517 802 2600; x_wconf 87' lang='lat' dir='ltr'><strong>publice</strong></span> <span class='ocrx_word' id='word_1_226' title='bbox 823 2528 902 2579; x_wconf 81' lang='lat' dir='ltr'><strong>voto</strong></span> <span class='ocrx_word' id='word_1_227' title='bbox 926 2530 1202 2604; x_wconf 66' lang='lat' dir='ltr'><strong>consecratusque,</strong></span> <span class='ocrx_word' id='word_1_228' title='bbox 1228 2512 1317 2584; x_wconf 85' lang='lat' dir='ltr'><strong>Latini</strong></span> <span class='ocrx_word' id='word_1_229' title='bbox 1354 2538 1359 2575; x_wconf 73' lang='lat' dir='ltr'><strong>t</strong></span> 
     </span>
     <span class='ocr_line' id='line_1_30' title="bbox 123 2597 1318 2688; baseline -0.003 -19"><span class='ocrx_word' id='word_1_230' title='bbox 123 2609 206 2669; x_wconf 84' lang='lat' dir='ltr'><strong>urbe</strong></span> <span class='ocrx_word' id='word_1_231' title='bbox 228 2613 428 2688; x_wconf 87' lang='lat' dir='ltr'><strong>eruperunt,</strong></span> <span class='ocrx_word' id='word_1_232' title='bbox 450 2607 587 2683; x_wconf 76' lang='lat' dir='ltr'><strong>fusoque</strong></span> <span class='ocrx_word' id='word_1_233' title='bbox 607 2597 772 2682; x_wconf 87' lang='lat' dir='ltr'><strong>praesidio</strong></span> <span class='ocrx_word' id='word_1_234' title='bbox 794 2602 1032 2687; x_wconf 77' lang='lat' dir='ltr'><strong>interfectoque.</strong></span> <span class='ocrx_word' id='word_1_235' title='bbox 1054 2601 1186 2679; x_wconf 86' lang='lat' dir='ltr'><strong>Lauso,</strong></span> <span class='ocrx_word' id='word_1_236' title='bbox 1210 2607 1318 2666; x_wconf 79' lang='lat' dir='ltr'><strong>blesen·</strong></span> 
     </span>
    </p>

    <p class='ocr_par' dir='ltr' id='par_1_11' title="bbox 81 2685 1360 2938">
     <span class='ocr_line' id='line_1_31' title="bbox 81 2685 1359 2771; baseline -0.002 -20"><span class='ocrx_word' id='word_1_237' title='bbox 81 2691 204 2771; x_wconf 60' lang='lat' dir='ltr'><strong>dtium</strong></span> <span class='ocrx_word' id='word_1_238' title='bbox 233 2693 340 2767; x_wconf 84' lang='lat' dir='ltr'><strong>lugam</strong></span> <span class='ocrx_word' id='word_1_239' title='bbox 371 2690 478 2748; x_wconf 86' lang='lat' dir='ltr'><strong>facere</strong></span> <span class='ocrx_word' id='word_1_240' title='bbox 509 2690 696 2766; x_wconf 77' lang='lat' dir='ltr'><strong>coiigerunt.</strong></span> <span class='ocrx_word' id='word_1_241' title='bbox 742 2686 774 2746; x_wconf 90' lang='lat' dir='ltr'><strong>Is</strong></span> <span class='ocrx_word' id='word_1_242' title='bbox 794 2694 907 2767; x_wconf 88' lang='lat' dir='ltr'><strong>postea</strong></span> <span class='ocrx_word' id='word_1_243' title='bbox 927 2704 989 2767; x_wconf 90' lang='lat' dir='ltr'><strong>per</strong></span> <span class='ocrx_word' id='word_1_244' title='bbox 1008 2685 1133 2762; x_wconf 79' lang='lat' dir='ltr'><strong>legatos</strong></span> <span class='ocrx_word' id='word_1_245' title='bbox 1157 2685 1316 2750; x_wconf 72' lang='lat' dir='ltr'><strong>amicitias</strong></span> <span class='ocrx_word' id='word_1_246' title='bbox 1352 2703 1359 2740; x_wconf 72' lang='lat' dir='ltr'><strong>t</strong></span> 
     </span>
     <span class='ocr_line' id='line_1_32' title="bbox 123 2767 1360 2853; baseline -0.002 -18"><span class='ocrx_word' id='word_1_247' title='bbox 123 2774 376 2853; x_wconf 84' lang='lat' dir='ltr'><strong>societatemque.</strong></span> <span class='ocrx_word' id='word_1_248' title='bbox 396 2771 586 2829; x_wconf 88' lang='lat' dir='ltr'><strong>Latinorum</strong></span> <span class='ocrx_word' id='word_1_249' title='bbox 610 2767 818 2849; x_wconf 81' lang='lat' dir='ltr'><strong>impetravit,</strong></span> <span class='ocrx_word' id='word_1_250' title='bbox 840 2776 877 2829; x_wconf 84' lang='lat' dir='ltr'><strong>ut</strong></span> <span class='ocrx_word' id='word_1_251' title='bbox 898 2768 995 2840; x_wconf 80' lang='lat' dir='ltr'><strong>docet</strong></span> <span class='ocrx_word' id='word_1_252' title='bbox 1017 2767 1118 2831; x_wconf 90' lang='lat' dir='ltr'><strong>lulius</strong></span> <span class='ocrx_word' id='word_1_253' title='bbox 1143 2772 1261 2833; x_wconf 88' lang='lat' dir='ltr'><strong>Caesar</strong></span> <span class='ocrx_word' id='word_1_254' title='bbox 1271 2771 1316 2833; x_wconf 80' lang='lat' dir='ltr'><strong>lib·</strong></span> <span class='ocrx_word' id='word_1_255' title='bbox 1352 2783 1360 2843; x_wconf 88' lang='grc'>]</span> 
     </span>
     <span class='ocr_line' id='line_1_33' title="bbox 123 2850 1360 2938; baseline -0.002 -20"><span class='ocrx_word' id='word_1_256' title='bbox 123 2857 164 2930; x_wconf 90' lang='lat' dir='ltr'><strong>I.,</strong></span> <span class='ocrx_word' id='word_1_257' title='bbox 189 2858 331 2938; x_wconf 85' lang='lat' dir='ltr'><strong>itemque</strong></span> <span class='ocrx_word' id='word_1_258' title='bbox 353 2853 454 2916; x_wconf 76' lang='lat' dir='ltr'><strong>Aulus</strong></span> <span class='ocrx_word' id='word_1_259' title='bbox 475 2851 662 2912; x_wconf 83' lang='lat' dir='ltr'><strong>Postumius</strong></span> <span class='ocrx_word' id='word_1_260' title='bbox 686 2852 718 2912; x_wconf 91' lang='lat' dir='ltr'><strong>in</strong></span> <span class='ocrx_word' id='word_1_261' title='bbox 740 2873 777 2912; x_wconf 90' lang='lat' dir='ltr'><strong>eo</strong></span> <span class='ocrx_word' id='word_1_262' title='bbox 799 2850 986 2924; x_wconf 80' lang='lat' dir='ltr'><strong>volumine,</strong></span> <span class='ocrx_word' id='word_1_263' title='bbox 1019 2853 1108 2933; x_wconf 89' lang='lat' dir='ltr'><strong>quod</strong></span> <span class='ocrx_word' id='word_1_264' title='bbox 1131 2854 1175 2916; x_wconf 87' lang='lat' dir='ltr'><strong>de</strong></span> <span class='ocrx_word' id='word_1_265' title='bbox 1195 2855 1314 2916; x_wconf 81' lang='lat' dir='ltr'><strong>advenis</strong></span> <span class='ocrx_word' id='word_1_266' title='bbox 1357 2868 1360 2904; x_wconf 72' lang='lat' dir='ltr'>s</span> 
     </span>
    </p>

    <p class='ocr_par' dir='ltr' id='par_1_12' title="bbox 82 2933 1360 3017">
     <span class='ocr_line' id='line_1_34' title="bbox 82 2933 1360 3017; baseline -0.001 -17"><span class='ocrx_word' id='word_1_267' title='bbox 82 2935 252 3003; x_wconf 73' lang='lat' dir='ltr'><strong>bdeneae</strong></span> <span class='ocrx_word' id='word_1_268' title='bbox 274 2937 467 3017; x_wconf 80' lang='lat' dir='ltr'><strong>conseripsit</strong></span> <span class='ocrx_word' id='word_1_269' title='bbox 486 2944 583 3017; x_wconf 86' lang='lat' dir='ltr'><strong>atque.</strong></span> <span class='ocrx_word' id='word_1_270' title='bbox 605 2933 719 2995; x_wconf 89' lang='lat' dir='ltr'><strong>edidit.</strong></span> <span class='ocrx_word' id='word_1_271' title='bbox 764 2934 870 3014; x_wconf 81' lang='lat' dir='ltr'><strong>igitur</strong></span> <span class='ocrx_word' id='word_1_272' title='bbox 894 2934 1000 2996; x_wconf 89' lang='lat' dir='ltr'><strong>Latini</strong></span> <span class='ocrx_word' id='word_1_273' title='bbox 1022 2935 1200 3000; x_wconf 81' lang='lat' dir='ltr'><strong>Ascanium</strong></span> <span class='ocrx_word' id='word_1_274' title='bbox 1218 2934 1262 3005; x_wconf 75' lang='lat' dir='ltr'><strong>,ab</strong></span> <span class='ocrx_word' id='word_1_275' title='bbox 1278 2936 1316 2999; x_wconf 86' lang='lat' dir='ltr'><strong>io·</strong></span> <span class='ocrx_word' id='word_1_276' title='bbox 1355 2938 1360 2988; x_wconf 85' lang='grc' dir='ltr'>Ι</span> 
     </span>
    </p>

    <p class='ocr_par' dir='ltr' id='par_1_13' title="bbox 87 3017 1360 3349">
     <span class='ocr_line' id='line_1_35' title="bbox 87 3017 1360 3106; baseline -0.003 -21"><span class='ocrx_word' id='word_1_277' title='bbox 87 3096 89 3104; x_wconf 52' lang='lat'><strong>,</strong></span> <span class='ocrx_word' id='word_1_278' title='bbox 122 3024 243 3106; x_wconf 88' lang='lat' dir='ltr'><strong>signem</strong></span> <span class='ocrx_word' id='word_1_279' title='bbox 265 3022 419 3082; x_wconf 76' lang='lat' dir='ltr'><strong>virtutem</strong></span> <span class='ocrx_word' id='word_1_280' title='bbox 441 3040 506 3080; x_wconf 90' lang='lat' dir='ltr'><strong>non</strong></span> <span class='ocrx_word' id='word_1_281' title='bbox 528 3018 632 3078; x_wconf 91' lang='lat' dir='ltr'><strong>solum</strong></span> <span class='ocrx_word' id='word_1_282' title='bbox 659 3019 738 3077; x_wconf 80' lang='lat' dir='ltr'><strong>love</strong></span> <span class='ocrx_word' id='word_1_283' title='bbox 761 3028 871 3079; x_wconf 84' lang='lat' dir='ltr'><strong>ortum</strong></span> <span class='ocrx_word' id='word_1_284' title='bbox 893 3017 1123 3090; x_wconf 88' lang='lat' dir='ltr'><strong>crediderunt,</strong></span> <span class='ocrx_word' id='word_1_285' title='bbox 1158 3018 1315 3082; x_wconf 79' lang='lat' dir='ltr'><strong>sedetiam</strong></span> <span class='ocrx_word' id='word_1_286' title='bbox 1355 3035 1360 3072; x_wconf 74' lang='lat' dir='ltr'><strong>t</strong></span> 
     </span>
     <span class='ocr_line' id='line_1_36' title="bbox 120 3100 1360 3194; baseline 0 -27"><span class='ocrx_word' id='word_1_287' title='bbox 120 3129 182 3194; x_wconf 88' lang='lat' dir='ltr'><strong>per</strong></span> <span class='ocrx_word' id='word_1_288' title='bbox 204 3105 477 3171; x_wconf 79' lang='lat' dir='ltr'><strong>diminutionem,</strong></span> <span class='ocrx_word' id='word_1_289' title='bbox 500 3100 662 3161; x_wconf 82' lang='lat' dir='ltr'><strong>declinato</strong></span> <span class='ocrx_word' id='word_1_290' title='bbox 684 3101 865 3179; x_wconf 80' lang='lat' dir='ltr'><strong>paullulum</strong></span> <span class='ocrx_word' id='word_1_291' title='bbox 886 3103 1038 3177; x_wconf 88' lang='lat' dir='ltr'><strong>nomine,</strong></span> <span class='ocrx_word' id='word_1_292' title='bbox 1060 3100 1173 3185; x_wconf 91' lang='lat' dir='ltr'><strong>primo</strong></span> <span class='ocrx_word' id='word_1_293' title='bbox 1198 3102 1314 3174; x_wconf 79' lang='lat' dir='ltr'><strong>lobna.</strong></span> <span class='ocrx_word' id='word_1_294' title='bbox 1357 3105 1360 3153; x_wconf 77' lang='lat'>¹</span> 
     </span>
     <span class='ocr_line' id='line_1_37' title="bbox 122 3184 1360 3271; baseline -0.002 -22"><span class='ocrx_word' id='word_1_295' title='bbox 122 3191 196 3254; x_wconf 86' lang='lat' dir='ltr'><strong>dein</strong></span> <span class='ocrx_word' id='word_1_296' title='bbox 218 3198 329 3271; x_wconf 84' lang='lat' dir='ltr'><strong>postea</strong></span> <span class='ocrx_word' id='word_1_297' title='bbox 354 3187 459 3245; x_wconf 91' lang='lat' dir='ltr'><strong>Iulum</strong></span> <span class='ocrx_word' id='word_1_298' title='bbox 483 3185 710 3267; x_wconf 69' lang='lat' dir='ltr'><strong>appellarunt,</strong></span> <span class='ocrx_word' id='word_1_299' title='bbox 734 3207 749 3244; x_wconf 89' lang='lat' dir='ltr'><strong>a</strong></span> <span class='ocrx_word' id='word_1_300' title='bbox 773 3207 839 3267; x_wconf 88' lang='lat' dir='ltr'><strong>qno</strong></span> <span class='ocrx_word' id='word_1_301' title='bbox 862 3186 943 3246; x_wconf 89' lang='lat' dir='ltr'><strong>lulia</strong></span> <span class='ocrx_word' id='word_1_302' title='bbox 967 3187 1089 3248; x_wconf 83' lang='lat' dir='ltr'><strong>familia</strong></span> <span class='ocrx_word' id='word_1_303' title='bbox 1111 3184 1275 3263; x_wconf 81' lang='lat' dir='ltr'><strong>manavit,</strong></span> <span class='ocrx_word' id='word_1_304' title='bbox 1290 3188 1316 3249; x_wconf 83' lang='lat' dir='ltr'><strong>ai</strong></span> <span class='ocrx_word' id='word_1_305' title='bbox 1358 3190 1360 3210; x_wconf 69' lang='lat'><strong><em>¹</em></strong></span> 
     </span>
     <span class='ocr_line' id='line_1_38' title="bbox 121 3268 1004 3349; baseline -0.005 -16"><span class='ocrx_word' id='word_1_306' title='bbox 121 3273 271 3338; x_wconf 85' lang='lat' dir='ltr'><strong>scribunt</strong></span> <span class='ocrx_word' id='word_1_307' title='bbox 297 3270 411 3329; x_wconf 84' lang='lat' dir='ltr'><strong>Caesar</strong></span> <span class='ocrx_word' id='word_1_308' title='bbox 432 3268 491 3328; x_wconf 92' lang='lat' dir='ltr'><strong>lib.</strong></span> <span class='ocrx_word' id='word_1_309' title='bbox 521 3271 563 3328; x_wconf 90' lang='lat' dir='ltr'><strong>ll.</strong></span> <span class='ocrx_word' id='word_1_310' title='bbox 588 3278 620 3327; x_wconf 88' lang='lat' dir='ltr'><strong>et</strong></span> <span class='ocrx_word' id='word_1_311' title='bbox 643 3269 721 3327; x_wconf 86' lang='lat' dir='ltr'><strong>Cato</strong></span> <span class='ocrx_word' id='word_1_312' title='bbox 745 3269 777 3328; x_wconf 94' lang='lat' dir='ltr'><strong>in</strong></span> <span class='ocrx_word' id='word_1_313' title='bbox 800 3268 1004 3349; x_wconf 70' lang='lat' dir='ltr'><strong>Originibus.</strong></span> 
     </span>
    </p>

    <p class='ocr_par' dir='ltr' id='par_1_14' title="bbox 120 3344 1318 3605">
     <span class='ocr_line' id='line_1_39' title="bbox 160 3344 1317 3428; baseline -0.001 -13"><span class='ocrx_word' id='word_1_314' title='bbox 160 3355 250 3416; x_wconf 37' lang='lat' dir='ltr'><strong>xvi,</strong></span> <span class='ocrx_word' id='word_1_315' title='bbox 286 3352 420 3412; x_wconf 84' lang='lat' dir='ltr'><strong>lnterim</strong></span> <span class='ocrx_word' id='word_1_316' title='bbox 443 3353 597 3421; x_wconf 75' lang='lat' dir='ltr'><strong>Lavinia,</strong></span> <span class='ocrx_word' id='word_1_317' title='bbox 622 3351 662 3408; x_wconf 90' lang='lat' dir='ltr'><strong>ab</strong></span> <span class='ocrx_word' id='word_1_318' title='bbox 685 3349 789 3410; x_wconf 83' lang='lat' dir='ltr'><strong>Aenea</strong></span> <span class='ocrx_word' id='word_1_319' title='bbox 813 3350 943 3428; x_wconf 83' lang='lat' dir='ltr'><strong>gravida</strong></span> <span class='ocrx_word' id='word_1_320' title='bbox 967 3350 1097 3426; x_wconf 84' lang='lat' dir='ltr'><strong>relicta,</strong></span> <span class='ocrx_word' id='word_1_321' title='bbox 1119 3361 1213 3416; x_wconf 89' lang='lat' dir='ltr'><strong>metu</strong></span> <span class='ocrx_word' id='word_1_322' title='bbox 1233 3344 1317 3415; x_wconf 75' lang='lat' dir='ltr'><strong>velati</strong></span> 
     </span>
     <span class='ocr_line' id='line_1_40' title="bbox 124 3428 1317 3519; baseline -0.003 -21"><span class='ocrx_word' id='word_1_323' title='bbox 124 3434 301 3500; x_wconf 84' lang='lat' dir='ltr'><strong>insecuturi</strong></span> <span class='ocrx_word' id='word_1_324' title='bbox 331 3455 365 3494; x_wconf 90' lang='lat' dir='ltr'><strong>se</strong></span> <span class='ocrx_word' id='word_1_325' title='bbox 396 3433 547 3505; x_wconf 79' lang='lat' dir='ltr'><strong>Ascanii,</strong></span> <span class='ocrx_word' id='word_1_326' title='bbox 578 3432 610 3491; x_wconf 92' lang='lat' dir='ltr'><strong>in</strong></span> <span class='ocrx_word' id='word_1_327' title='bbox 638 3430 749 3491; x_wconf 82' lang='lat' dir='ltr'><strong>silvam</strong></span> <span class='ocrx_word' id='word_1_328' title='bbox 778 3432 928 3515; x_wconf 72' lang='lat' dir='ltr'><strong>profugit</strong></span> <span class='ocrx_word' id='word_1_329' title='bbox 959 3434 999 3495; x_wconf 90' lang='lat' dir='ltr'><strong>ad</strong></span> <span class='ocrx_word' id='word_1_330' title='bbox 1020 3433 1212 3519; x_wconf 84' lang='lat' dir='ltr'><strong>magistrum</strong></span> <span class='ocrx_word' id='word_1_331' title='bbox 1232 3428 1317 3519; x_wconf 84' lang='lat' dir='ltr'><strong>patrii</strong></span> 
     </span>
     <span class='ocr_line' id='line_1_41' title="bbox 120 3514 1318 3605; baseline 0.002 -29"><span class='ocrx_word' id='word_1_332' title='bbox 120 3518 252 3601; x_wconf 86' lang='lat' dir='ltr'><strong>peeoris</strong></span> <span class='ocrx_word' id='word_1_333' title='bbox 275 3517 465 3597; x_wconf 78' lang='lat' dir='ltr'><strong>Tyrrhum,</strong></span> <span class='ocrx_word' id='word_1_334' title='bbox 489 3514 601 3597; x_wconf 88' lang='lat' dir='ltr'><strong>ibique</strong></span> <span class='ocrx_word' id='word_1_335' title='bbox 623 3514 713 3573; x_wconf 82' lang='lat' dir='ltr'><strong>anina</strong></span> <span class='ocrx_word' id='word_1_336' title='bbox 739 3525 786 3575; x_wconf 93' lang='lat' dir='ltr'><strong>est</strong></span> <span class='ocrx_word' id='word_1_337' title='bbox 806 3538 958 3596; x_wconf 87' lang='lat' dir='ltr'><strong>puerum,</strong></span> <span class='ocrx_word' id='word_1_338' title='bbox 981 3519 1036 3602; x_wconf 91' lang='lat' dir='ltr'><strong>qui</strong></span> <span class='ocrx_word' id='word_1_339' title='bbox 1059 3516 1162 3582; x_wconf 87' lang='lat' dir='ltr'><strong>aloci</strong></span> <span class='ocrx_word' id='word_1_340' title='bbox 1178 3522 1318 3605; x_wconf 77' lang='lat' dir='ltr'><strong>qualitate</strong></span> 
     </span>
    </p>

    <p class='ocr_par' dir='ltr' id='par_1_15' title="bbox 81 3597 1318 3770">
     <span class='ocr_line' id='line_1_42' title="bbox 81 3597 1318 3677; baseline -0.004 -8"><span class='ocrx_word' id='word_1_341' title='bbox 81 3604 241 3669; x_wconf 73' lang='lat' dir='ltr'><strong>sSilvius</strong></span> <span class='ocrx_word' id='word_1_342' title='bbox 265 3611 311 3661; x_wconf 84' lang='lat' dir='ltr'><strong>est</strong></span> <span class='ocrx_word' id='word_1_343' title='bbox 335 3601 451 3661; x_wconf 83' lang='lat' dir='ltr'><strong>dietus.</strong></span> <span class='ocrx_word' id='word_1_344' title='bbox 494 3597 536 3658; x_wconf 80' lang='lat' dir='ltr'><strong>At</strong></span> <span class='ocrx_word' id='word_1_345' title='bbox 561 3618 638 3657; x_wconf 83' lang='lat' dir='ltr'><strong>vero</strong></span> <span class='ocrx_word' id='word_1_346' title='bbox 662 3598 775 3677; x_wconf 79' lang='lat' dir='ltr'><strong>vulgus</strong></span> <span class='ocrx_word' id='word_1_347' title='bbox 797 3600 1010 3675; x_wconf 82' lang='lat' dir='ltr'><strong>Latinorum,</strong></span> <span class='ocrx_word' id='word_1_348' title='bbox 1044 3602 1231 3667; x_wconf 80' lang='lat' dir='ltr'><strong>existimans</strong></span> <span class='ocrx_word' id='word_1_349' title='bbox 1251 3604 1318 3666; x_wconf 80' lang='lat' dir='ltr'><strong>clau</strong></span> 
     </span>
     <span class='ocr_line' id='line_1_43' title="bbox 120 3680 1317 3770; baseline -0.003 -22"><span class='ocrx_word' id='word_1_350' title='bbox 120 3689 161 3751; x_wconf 87' lang='lat' dir='ltr'><strong>ab</strong></span> <span class='ocrx_word' id='word_1_351' title='bbox 184 3685 324 3748; x_wconf 80' lang='lat' dir='ltr'><strong>Ascanio</strong></span> <span class='ocrx_word' id='word_1_352' title='bbox 349 3682 572 3750; x_wconf 80' lang='lat' dir='ltr'><strong>interiectam,</strong></span> <span class='ocrx_word' id='word_1_353' title='bbox 595 3701 742 3761; x_wconf 87' lang='lat' dir='ltr'><strong>magnam</strong></span> <span class='ocrx_word' id='word_1_354' title='bbox 766 3680 795 3744; x_wconf 87' lang='lat' dir='ltr'><strong>ei</strong></span> <span class='ocrx_word' id='word_1_355' title='bbox 818 3683 970 3751; x_wconf 78' lang='lat' dir='ltr'><strong>invidiam</strong></span> <span class='ocrx_word' id='word_1_356' title='bbox 993 3684 1209 3765; x_wconf 79' lang='lat' dir='ltr'><strong>conflaverat,</strong></span> <span class='ocrx_word' id='word_1_357' title='bbox 1232 3702 1317 3770; x_wconf 79' lang='lat' dir='ltr'><strong>usqua</strong></span> 
     </span>
    </p>

    <p class='ocr_par' dir='ltr' id='par_1_16' title="bbox 83 3763 1319 4277">
     <span class='ocr_line' id='line_1_44' title="bbox 83 3763 1318 3850; baseline -0.004 -14"><span class='ocrx_word' id='word_1_358' title='bbox 83 3770 105 3836; x_wconf 70' lang='grc' dir='ltr'>ὅ</span> <span class='ocrx_word' id='word_1_359' title='bbox 127 3794 187 3847; x_wconf 90' lang='lat' dir='ltr'><strong>eo,</strong></span> <span class='ocrx_word' id='word_1_360' title='bbox 211 3781 248 3833; x_wconf 89' lang='lat' dir='ltr'><strong>ut</strong></span> <span class='ocrx_word' id='word_1_361' title='bbox 268 3767 517 3850; x_wconf 84' lang='lat' dir='ltr'><strong>armis&#39;quoque</strong></span> <span class='ocrx_word' id='word_1_362' title='bbox 539 3763 568 3825; x_wconf 82' lang='lat' dir='ltr'><strong>ei</strong></span> <span class='ocrx_word' id='word_1_363' title='bbox 588 3764 654 3825; x_wconf 81' lang='lat' dir='ltr'><strong>vim</strong></span> <span class='ocrx_word' id='word_1_364' title='bbox 676 3765 893 3828; x_wconf 84' lang='lat' dir='ltr'><strong>denuntiaret.</strong></span> <span class='ocrx_word' id='word_1_365' title='bbox 938 3764 1021 3828; x_wconf 81' lang='lat' dir='ltr'><strong>Tum</strong></span> <span class='ocrx_word' id='word_1_366' title='bbox 1050 3769 1208 3832; x_wconf 87' lang='lat' dir='ltr'><strong>Ascanius</strong></span> <span class='ocrx_word' id='word_1_367' title='bbox 1236 3772 1318 3833; x_wconf 84' lang='lat' dir='ltr'><strong>iure·</strong></span> 
     </span>
     <span class='ocr_line' id='line_1_45' title="bbox 125 3846 1317 3936; baseline -0.003 -21"><span class='ocrx_word' id='word_1_368' title='bbox 125 3855 264 3916; x_wconf 87' lang='lat' dir='ltr'><strong>iurando</strong></span> <span class='ocrx_word' id='word_1_369' title='bbox 286 3874 319 3913; x_wconf 86' lang='lat' dir='ltr'><strong>se</strong></span> <span class='ocrx_word' id='word_1_370' title='bbox 337 3856 499 3931; x_wconf 76' lang='lat' dir='ltr'><strong>purgans,</strong></span> <span class='ocrx_word' id='word_1_371' title='bbox 523 3870 621 3931; x_wconf 90' lang='lat' dir='ltr'><strong>quum</strong></span> <span class='ocrx_word' id='word_1_372' title='bbox 643 3846 727 3910; x_wconf 89' lang='lat' dir='ltr'><strong>nibil</strong></span> <span class='ocrx_word' id='word_1_373' title='bbox 748 3849 833 3929; x_wconf 84' lang='lat' dir='ltr'><strong>opud</strong></span> <span class='ocrx_word' id='word_1_374' title='bbox 856 3871 910 3911; x_wconf 90' lang='lat' dir='ltr'><strong>eos</strong></span> <span class='ocrx_word' id='word_1_375' title='bbox 931 3851 1129 3934; x_wconf 80' lang='lat' dir='ltr'><strong>proficeret,</strong></span> <span class='ocrx_word' id='word_1_376' title='bbox 1151 3854 1255 3936; x_wconf 84' lang='lat' dir='ltr'><strong>petita</strong></span> <span class='ocrx_word' id='word_1_377' title='bbox 1272 3848 1317 3912; x_wconf 78' lang='lat' dir='ltr'><strong>di-</strong></span> 
     </span>
     <span class='ocr_line' id='line_1_46' title="bbox 123 3932 1318 4021; baseline -0.005 -22"><span class='ocrx_word' id='word_1_378' title='bbox 123 3936 248 3999; x_wconf 89' lang='lat' dir='ltr'><strong>latione</strong></span> <span class='ocrx_word' id='word_1_379' title='bbox 278 3935 316 3996; x_wconf 89' lang='lat' dir='ltr'><strong>ad</strong></span> <span class='ocrx_word' id='word_1_380' title='bbox 345 3932 591 4013; x_wconf 85' lang='lat' dir='ltr'><strong>inquirendum,</strong></span> <span class='ocrx_word' id='word_1_381' title='bbox 624 3932 704 3992; x_wconf 90' lang='lat' dir='ltr'><strong>iram</strong></span> <span class='ocrx_word' id='word_1_382' title='bbox 736 3941 939 4013; x_wconf 83' lang='lat' dir='ltr'><strong>praesentem</strong></span> <span class='ocrx_word' id='word_1_383' title='bbox 968 3933 1055 4012; x_wconf 79' lang='lat' dir='ltr'><strong>vulgi</strong></span> <span class='ocrx_word' id='word_1_384' title='bbox 1092 3934 1318 4021; x_wconf 80' lang='lat' dir='ltr'><strong>aliquantulum</strong></span> 
     </span>
     <span class='ocr_line' id='line_1_47' title="bbox 124 4014 1319 4100; baseline -0.004 -18"><span class='ocrx_word' id='word_1_385' title='bbox 124 4020 245 4098; x_wconf 79' lang='lat' dir='ltr'><strong>fregit3</strong></span> <span class='ocrx_word' id='word_1_386' title='bbox 272 4018 506 4100; x_wconf 88' lang='lat' dir='ltr'><strong>pollicitusque</strong></span> <span class='ocrx_word' id='word_1_387' title='bbox 536 4025 605 4087; x_wconf 89' lang='lat' dir='ltr'><strong>est,</strong></span> <span class='ocrx_word' id='word_1_388' title='bbox 636 4035 670 4075; x_wconf 89' lang='lat' dir='ltr'><strong>se</strong></span> <span class='ocrx_word' id='word_1_389' title='bbox 700 4014 885 4087; x_wconf 75' lang='lat' dir='ltr'><strong>ingentibus</strong></span> <span class='ocrx_word' id='word_1_390' title='bbox 913 4019 1067 4099; x_wconf 87' lang='lat' dir='ltr'><strong>praemiis</strong></span> <span class='ocrx_word' id='word_1_391' title='bbox 1089 4022 1319 4083; x_wconf 79' lang='lat' dir='ltr'><strong>cumulatorum</strong></span> 
     </span>
     <span class='ocr_line' id='line_1_48' title="bbox 126 4096 1319 4184; baseline -0.002 -20"><span class='ocrx_word' id='word_1_392' title='bbox 126 4124 223 4176; x_wconf 88' lang='lat' dir='ltr'><strong>eum,</strong></span> <span class='ocrx_word' id='word_1_393' title='bbox 255 4103 312 4184; x_wconf 91' lang='lat' dir='ltr'><strong>qui</strong></span> <span class='ocrx_word' id='word_1_394' title='bbox 337 4101 400 4162; x_wconf 88' lang='lat' dir='ltr'><strong>sihi</strong></span> <span class='ocrx_word' id='word_1_395' title='bbox 430 4100 595 4160; x_wconf 75' lang='lat' dir='ltr'><strong>Lauiniam</strong></span> <span class='ocrx_word' id='word_1_396' title='bbox 627 4096 865 4183; x_wconf 80' lang='lat' dir='ltr'><strong>investigasset:</strong></span> <span class='ocrx_word' id='word_1_397' title='bbox 898 4122 973 4161; x_wconf 87' lang='lat' dir='ltr'><strong>mox</strong></span> <span class='ocrx_word' id='word_1_398' title='bbox 1002 4112 1230 4182; x_wconf 84' lang='lat' dir='ltr'><strong>recuperatam</strong></span> <span class='ocrx_word' id='word_1_399' title='bbox 1256 4120 1319 4167; x_wconf 78' lang='lat' dir='ltr'><strong>cnm</strong></span> 
     </span>
     <span class='ocr_line' id='line_1_49' title="bbox 126 4180 1317 4277; baseline -0.004 -30"><span class='ocrx_word' id='word_1_400' title='bbox 126 4186 195 4249; x_wconf 85' lang='lat' dir='ltr'><strong>filio</strong></span> <span class='ocrx_word' id='word_1_401' title='bbox 217 4187 250 4246; x_wconf 91' lang='lat' dir='ltr'><strong>in</strong></span> <span class='ocrx_word' id='word_1_402' title='bbox 277 4185 390 4246; x_wconf 84' lang='lat' dir='ltr'><strong>urbem</strong></span> <span class='ocrx_word' id='word_1_403' title='bbox 420 4182 589 4259; x_wconf 84' lang='lat' dir='ltr'><strong>Lavinium</strong></span> <span class='ocrx_word' id='word_1_404' title='bbox 619 4180 768 4255; x_wconf 85' lang='lat' dir='ltr'><strong>reduxit,</strong></span> <span class='ocrx_word' id='word_1_405' title='bbox 799 4183 977 4266; x_wconf 82' lang='lat' dir='ltr'><strong>dilexitque</strong></span> <span class='ocrx_word' id='word_1_406' title='bbox 1008 4186 1137 4277; x_wconf 80' lang='lat' dir='ltr'><strong>hoqore</strong></span> <span class='ocrx_word' id='word_1_407' title='bbox 1170 4197 1317 4249; x_wconf 82' lang='lat' dir='ltr'><strong>materno.</strong></span> 
     </span>
    </p>

    <p class='ocr_par' dir='ltr' id='par_1_17' title="bbox 51 4267 1319 4428">
     <span class='ocr_line' id='line_1_50' title="bbox 85 4267 1319 4350; baseline -0.002 -20"><span class='ocrx_word' id='word_1_408' title='bbox 85 4269 218 4349; x_wconf 60' lang='lat' dir='ltr'><strong>dQuae</strong></span> <span class='ocrx_word' id='word_1_409' title='bbox 249 4288 299 4329; x_wconf 88' lang='lat' dir='ltr'><strong>res</strong></span> <span class='ocrx_word' id='word_1_410' title='bbox 326 4287 452 4328; x_wconf 85' lang='lat' dir='ltr'><strong>rursum</strong></span> <span class='ocrx_word' id='word_1_411' title='bbox 484 4267 513 4325; x_wconf 87' lang='lat' dir='ltr'><strong>ei</strong></span> <span class='ocrx_word' id='word_1_412' title='bbox 547 4285 696 4345; x_wconf 79' lang='lat' dir='ltr'><strong>magnum</strong></span> <span class='ocrx_word' id='word_1_413' title='bbox 728 4267 872 4327; x_wconf 78' lang='lat' dir='ltr'><strong>favorem</strong></span> <span class='ocrx_word' id='word_1_414' title='bbox 902 4268 1016 4350; x_wconf 87' lang='lat' dir='ltr'><strong>populi</strong></span> <span class='ocrx_word' id='word_1_415' title='bbox 1046 4267 1259 4345; x_wconf 81' lang='lat' dir='ltr'><strong>conciliarit,</strong></span> <span class='ocrx_word' id='word_1_416' title='bbox 1289 4270 1319 4329; x_wconf 79' lang='lat' dir='ltr'><strong>ui</strong></span> 
     </span>
     <span class='ocr_line' id='line_1_51' title="bbox 51 4347 1318 4428; baseline 0.004 -19"><span class='ocrx_word' id='word_1_417' title='bbox 51 4382 58 4409; x_wconf 66' lang='lat' dir='ltr'><strong>a</strong></span> <span class='ocrx_word' id='word_1_418' title='bbox 126 4354 273 4415; x_wconf 90' lang='lat' dir='ltr'><strong>scribunt</strong></span> <span class='ocrx_word' id='word_1_419' title='bbox 303 4352 396 4411; x_wconf 84' lang='lat' dir='ltr'><strong>Caius</strong></span> <span class='ocrx_word' id='word_1_420' title='bbox 429 4352 544 4411; x_wconf 86' lang='lat' dir='ltr'><strong>Caesar</strong></span> <span class='ocrx_word' id='word_1_421' title='bbox 565 4355 596 4406; x_wconf 92' lang='lat' dir='ltr'><strong>et</strong></span> <span class='ocrx_word' id='word_1_422' title='bbox 617 4347 731 4408; x_wconf 86' lang='lat' dir='ltr'><strong>Sextus</strong></span> <span class='ocrx_word' id='word_1_423' title='bbox 754 4349 877 4411; x_wconf 86' lang='lat' dir='ltr'><strong>Gellius</strong></span> <span class='ocrx_word' id='word_1_424' title='bbox 901 4350 933 4412; x_wconf 91' lang='lat' dir='ltr'><strong>in</strong></span> <span class='ocrx_word' id='word_1_425' title='bbox 957 4353 1094 4428; x_wconf 79' lang='lat' dir='ltr'><strong>Origine</strong></span> <span class='ocrx_word' id='word_1_426' title='bbox 1117 4354 1232 4416; x_wconf 84' lang='lat' dir='ltr'><strong>Gentis</strong></span> <span class='ocrx_word' id='word_1_427' title='bbox 1255 4355 1318 4415; x_wconf 83' lang='lat' dir='ltr'><strong>lio-</strong></span> 
     </span>
    </p>

    <p class='ocr_par' dir='ltr' id='par_1_18' title="bbox 85 4419 1320 4689">
     <span class='ocr_line' id='line_1_52' title="bbox 85 4419 1319 4516; baseline 0.002 -20"><span class='ocrx_word' id='word_1_428' title='bbox 85 4429 104 4496; x_wconf 80' lang='grc'>5</span> <span class='ocrx_word' id='word_1_429' title='bbox 127 4458 250 4499; x_wconf 85' lang='lat' dir='ltr'><strong>manae.</strong></span> <span class='ocrx_word' id='word_1_430' title='bbox 294 4435 337 4495; x_wconf 81' lang='lat' dir='ltr'><strong>At</strong></span> <span class='ocrx_word' id='word_1_431' title='bbox 359 4455 436 4494; x_wconf 83' lang='lat' dir='ltr'><strong>vero</strong></span> <span class='ocrx_word' id='word_1_432' title='bbox 458 4430 512 4490; x_wconf 91' lang='lat' dir='ltr'><strong>alii</strong></span> <span class='ocrx_word' id='word_1_433' title='bbox 533 4430 682 4506; x_wconf 87' lang='lat' dir='ltr'><strong>tradant,</strong></span> <span class='ocrx_word' id='word_1_434' title='bbox 706 4433 914 4516; x_wconf 78' lang='lat' dir='ltr'><strong>quodquam</strong></span> <span class='ocrx_word' id='word_1_435' title='bbox 940 4419 1092 4496; x_wconf 73' lang='lat' dir='ltr'><strong>Ascanius</strong></span> <span class='ocrx_word' id='word_1_436' title='bbox 1115 4437 1156 4498; x_wconf 90' lang='lat' dir='ltr'><strong>ab</strong></span> <span class='ocrx_word' id='word_1_437' title='bbox 1180 4436 1319 4501; x_wconf 75' lang='lat' dir='ltr'><strong>universo</strong></span> 
     </span>
     <span class='ocr_line' id='line_1_53' title="bbox 124 4512 1320 4605; baseline -0.002 -25"><span class='ocrx_word' id='word_1_438' title='bbox 124 4519 251 4601; x_wconf 89' lang='lat' dir='ltr'><strong>populo</strong></span> <span class='ocrx_word' id='word_1_439' title='bbox 288 4519 328 4578; x_wconf 90' lang='lat' dir='ltr'><strong>&#39;ad</strong></span> <span class='ocrx_word' id='word_1_440' title='bbox 359 4512 590 4577; x_wconf 84' lang='lat' dir='ltr'><strong>restituendam</strong></span> <span class='ocrx_word' id='word_1_441' title='bbox 621 4514 785 4576; x_wconf 71' lang='lat' dir='ltr'><strong>Liciniam</strong></span> <span class='ocrx_word' id='word_1_442' title='bbox 820 4528 1012 4601; x_wconf 78' lang='lat' dir='ltr'><strong>regeretur,</strong></span> <span class='ocrx_word' id='word_1_443' title='bbox 1050 4518 1261 4605; x_wconf 73' lang='lat' dir='ltr'><strong>lunaresque,</strong></span> <span class='ocrx_word' id='word_1_444' title='bbox 1292 4534 1320 4578; x_wconf 84' lang='lat' dir='ltr'><strong>ss</strong></span> 
     </span>
     <span class='ocr_line' id='line_1_54' title="bbox 111 4597 1320 4689; baseline 0.002 -28"><span class='ocrx_word' id='word_1_445' title='bbox 111 4622 226 4684; x_wconf 78' lang='lat' dir='ltr'><strong>neque</strong></span> <span class='ocrx_word' id='word_1_446' title='bbox 256 4599 483 4676; x_wconf 83' lang='lat' dir='ltr'><strong>interemisse,</strong></span> <span class='ocrx_word' id='word_1_447' title='bbox 512 4600 619 4682; x_wconf 85' lang='lat' dir='ltr'><strong>neqn&#39;s</strong></span> <span class='ocrx_word' id='word_1_448' title='bbox 645 4597 755 4672; x_wconf 80' lang='lat' dir='ltr'><strong>scire,</strong></span> <span class='ocrx_word' id='word_1_449' title='bbox 784 4599 843 4660; x_wconf 86' lang='lat' dir='ltr'><strong>ubi</strong></span> <span class='ocrx_word' id='word_1_450' title='bbox 869 4608 970 4677; x_wconf 82' lang='lat' dir='ltr'><strong>e&#39;sset,</strong></span> <span class='ocrx_word' id='word_1_451' title='bbox 1002 4602 1195 4687; x_wconf 79' lang='lat' dir='ltr'><strong>Tyrrhum,</strong></span> <span class='ocrx_word' id='word_1_452' title='bbox 1223 4600 1320 4689; x_wconf 79' lang='lat' dir='ltr'><strong>petits</strong></span> 
     </span>
    </p>
   </div>
   <div class='ocr_carea' id='block_1_4' title="bbox 0 0 1435 4958">
    <p class='ocr_par' dir='ltr' id='par_1_19' title="bbox 0 0 1435 4958">
     <span class='ocr_line' id='line_1_55' title="bbox 0 0 1435 4958; baseline 0 0"><span class='ocrx_word' id='word_1_453' title='bbox 0 0 1435 4958; x_wconf 95' lang='lat' dir='ltr'><strong> </strong></span> 
     </span>
    </p>
   </div>
  </div>
 </body>
</html>
