<?xml version="1.0" encoding="UTF-8"?>
<!DOCTYPE html PUBLIC "-//W3C//DTD XHTML 1.0 Transitional//EN"
    "http://www.w3.org/TR/xhtml1/DTD/xhtml1-transitional.dtd">
<html xmlns="http://www.w3.org/1999/xhtml" xml:lang="en" lang="en">
 <head>
  <title>
</title>
<meta http-equiv="Content-Type" content="text/html;charset=utf-8" />
  <meta name='ocr-system' content='tesseract 3.04.00' />
  <meta name='ocr-capabilities' content='ocr_page ocr_carea ocr_par ocr_line ocrx_word'/>
</head>
<body>
  <div class='ocr_page' id='page_1' title='image "./scriptoreshisto00fiedgoog_0291.png"; bbox 0 0 2850 4958; ppageno 0'>
   <div class='ocr_carea' id='block_1_1' title="bbox 126 250 1417 3588">
    <p class='ocr_par' dir='ltr' id='par_1_1' title="bbox 126 250 1417 3588">
     <span class='ocr_line' id='line_1_1' title="bbox 185 250 1201 363; baseline -0.004 -24"><span class='ocrx_word' id='word_1_1' title='bbox 185 258 264 339; x_wconf 71' lang='lat' dir='ltr'>sss</span> <span class='ocrx_word' id='word_1_2' title='bbox 437 250 651 335; x_wconf 71' lang='lat' dir='ltr'>murus</span> <span class='ocrx_word' id='word_1_3' title='bbox 679 252 927 334; x_wconf 74' lang='lat' dir='ltr'>suanum</span> <span class='ocrx_word' id='word_1_4' title='bbox 953 250 1147 349; x_wconf 74' lang='lat' dir='ltr'>usuros</span> <span class='ocrx_word' id='word_1_5' title='bbox 1197 348 1201 363; x_wconf 52' lang='grc'>,</span> 
     </span>
     <span class='ocr_line' id='line_1_2' title="bbox 137 417 1378 570; baseline 0.001 -81"><span class='ocrx_word' id='word_1_6' title='bbox 137 423 380 515; x_wconf 81' lang='lat' dir='ltr'>s7Maxsntium</span> <span class='ocrx_word' id='word_1_7' title='bbox 405 422 501 507; x_wconf 86' lang='lat' dir='ltr'>petit.</span> <span class='ocrx_word' id='word_1_8' title='bbox 552 420 601 484; x_wconf 82' lang='lat' dir='ltr'>Ea</span> <span class='ocrx_word' id='word_1_9' title='bbox 629 428 820 505; x_wconf 88' lang='lat' dir='ltr'>tempestate</span> <span class='ocrx_word' id='word_1_10' title='bbox 849 420 936 505; x_wconf 87' lang='lat' dir='ltr'>apud</span> <span class='ocrx_word' id='word_1_11' title='bbox 963 419 1094 489; x_wconf 82' lang='lat' dir='ltr'>Poenos</span> <span class='ocrx_word' id='word_1_12' title='bbox 1119 417 1311 485; x_wconf 73' lang='lat' dir='ltr'>Alexander</span> <span class='ocrx_word' id='word_1_13' title='bbox 1325 443 1378 570; x_wconf 73' lang='lat' dir='ltr'>pro</span> 
     </span>
     <span class='ocr_line' id='line_1_3' title="bbox 179 503 1379 592; baseline -0.003 -21"><span class='ocrx_word' id='word_1_14' title='bbox 179 510 351 572; x_wconf 77' lang='lat' dir='ltr'>Praefecto</span> <span class='ocrx_word' id='word_1_15' title='bbox 374 527 501 592; x_wconf 85' lang='lat' dir='ltr'>gerens,</span> <span class='ocrx_word' id='word_1_16' title='bbox 523 504 705 567; x_wconf 87' lang='lat' dir='ltr'>dominatui</span> <span class='ocrx_word' id='word_1_17' title='bbox 727 504 847 568; x_wconf 90' lang='lat' dir='ltr'>stolide</span> <span class='ocrx_word' id='word_1_18' title='bbox 867 503 1081 571; x_wconf 80' lang='lat' dir='ltr'><strong>incubuerat:</strong></span> <span class='ocrx_word' id='word_1_19' title='bbox 1105 527 1211 589; x_wconf 89' lang='lat' dir='ltr'>quum</span> <span class='ocrx_word' id='word_1_20' title='bbox 1233 505 1304 589; x_wconf 86' lang='lat' dir='ltr'>ipse</span> <span class='ocrx_word' id='word_1_21' title='bbox 1360 544 1379 559; x_wconf 88' lang='lat'>-</span> 
     </span>
     <span class='ocr_line' id='line_1_4' title="bbox 177 588 1381 674; baseline -0.002 -19"><span class='ocrx_word' id='word_1_22' title='bbox 177 592 239 655; x_wconf 87' lang='lat' dir='ltr'>bili</span> <span class='ocrx_word' id='word_1_23' title='bbox 261 599 385 663; x_wconf 87' lang='lat' dir='ltr'>aetate,</span> <span class='ocrx_word' id='word_1_24' title='bbox 409 589 589 674; x_wconf 70' lang='lat' dir='ltr'><strong>agrestibus</strong></span> <span class='ocrx_word' id='word_1_25' title='bbox 611 611 648 651; x_wconf 93' lang='lat' dir='ltr'>ac</span> <span class='ocrx_word' id='word_1_26' title='bbox 668 588 864 651; x_wconf 89' lang='lat' dir='ltr'>Pannonicis</span> <span class='ocrx_word' id='word_1_27' title='bbox 887 589 1078 672; x_wconf 89' lang='lat' dir='ltr'>parentibus</span> <span class='ocrx_word' id='word_1_28' title='bbox 1102 590 1306 664; x_wconf 81' lang='lat' dir='ltr'>vecordior,</span> <span class='ocrx_word' id='word_1_29' title='bbox 1326 595 1381 654; x_wconf 85' lang='lat' dir='ltr'>mi-</span> 
     </span>
     <span class='ocr_line' id='line_1_5' title="bbox 177 670 1380 757; baseline 0.001 -19"><span class='ocrx_word' id='word_1_30' title='bbox 177 674 268 748; x_wconf 89' lang='lat' dir='ltr'>lites,</span> <span class='ocrx_word' id='word_1_31' title='bbox 291 674 567 757; x_wconf 90' lang='lat' dir='ltr'>tumultuarieque</span> <span class='ocrx_word' id='word_1_32' title='bbox 588 673 745 756; x_wconf 77' lang='lat' dir='ltr'>quaesiti,</span> <span class='ocrx_word' id='word_1_33' title='bbox 768 693 936 735; x_wconf 90' lang='lat' dir='ltr'>armorum</span> <span class='ocrx_word' id='word_1_34' title='bbox 956 673 1011 733; x_wconf 81' lang='lat' dir='ltr'>rix</span> <span class='ocrx_word' id='word_1_35' title='bbox 1031 671 1177 734; x_wconf 89' lang='lat' dir='ltr'>medium</span> <span class='ocrx_word' id='word_1_36' title='bbox 1200 670 1380 739; x_wconf 75' lang='lat' dir='ltr'>haberetur.</span> 
     </span>
     <span class='ocr_line' id='line_1_6' title="bbox 140 755 1382 841; baseline 0.002 -22"><span class='ocrx_word' id='word_1_37' title='bbox 140 756 328 841; x_wconf 78' lang='lat' dir='ltr'>18D&#39;cnique</span> <span class='ocrx_word' id='word_1_38' title='bbox 349 778 422 819; x_wconf 81' lang='lat' dir='ltr'>eum</span> <span class='ocrx_word' id='word_1_39' title='bbox 445 778 462 817; x_wconf 91' lang='lat' dir='ltr'>a</span> <span class='ocrx_word' id='word_1_40' title='bbox 483 765 622 838; x_wconf 78' lang='lat' dir='ltr'>tyranno</span> <span class='ocrx_word' id='word_1_41' title='bbox 645 756 734 819; x_wconf 85' lang='lat' dir='ltr'>missi</span> <span class='ocrx_word' id='word_1_42' title='bbox 755 755 957 838; x_wconf 77' lang='lat' dir='ltr'>paucissimis</span> <span class='ocrx_word' id='word_1_43' title='bbox 978 755 1172 818; x_wconf 76' lang='lat' dir='ltr'>cohortibus</span> <span class='ocrx_word' id='word_1_44' title='bbox 1197 756 1309 818; x_wconf 84' lang='lat' dir='ltr'>Rufius</span> <span class='ocrx_word' id='word_1_45' title='bbox 1324 761 1382 821; x_wconf 87' lang='lat' dir='ltr'>Vu-</span> 
     </span>
     <span class='ocr_line' id='line_1_7' title="bbox 178 839 1380 923; baseline 0.002 -20"><span class='ocrx_word' id='word_1_46' title='bbox 178 843 321 905; x_wconf 87' lang='lat' dir='ltr'>lusianus</span> <span class='ocrx_word' id='word_1_47' title='bbox 341 842 528 903; x_wconf 88' lang='lat' dir='ltr'>Praefectos</span> <span class='ocrx_word' id='word_1_48' title='bbox 552 841 744 923; x_wconf 88' lang='lat' dir='ltr'>praetorio,</span> <span class='ocrx_word' id='word_1_49' title='bbox 767 860 804 900; x_wconf 90' lang='lat' dir='ltr'>ac</span> <span class='ocrx_word' id='word_1_50' title='bbox 825 841 983 901; x_wconf 86' lang='lat' dir='ltr'>militares</span> <span class='ocrx_word' id='word_1_51' title='bbox 1005 839 1102 901; x_wconf 88' lang='lat' dir='ltr'>duces</span> <span class='ocrx_word' id='word_1_52' title='bbox 1123 839 1191 901; x_wconf 80' lang='lat' dir='ltr'>leri</span> <span class='ocrx_word' id='word_1_53' title='bbox 1216 843 1380 905; x_wconf 87' lang='lat' dir='ltr'>certamine</span> 
     </span>
     <span class='ocr_line' id='line_1_8' title="bbox 138 921 1379 1008; baseline 0.002 -22"><span class='ocrx_word' id='word_1_54' title='bbox 138 928 361 1008; x_wconf 82' lang='lat' dir='ltr'>19confecere.</span> <span class='ocrx_word' id='word_1_55' title='bbox 403 927 477 1003; x_wconf 89' lang='lat' dir='ltr'>Quo</span> <span class='ocrx_word' id='word_1_56' title='bbox 499 923 600 994; x_wconf 83' lang='lat' dir='ltr'>vieto,</span> <span class='ocrx_word' id='word_1_57' title='bbox 623 921 804 983; x_wconf 84' lang='lat' dir='ltr'>Maxentius</span> <span class='ocrx_word' id='word_1_58' title='bbox 825 923 1066 1006; x_wconf 86' lang='lat' dir='ltr'>Carthaginem,</span> <span class='ocrx_word' id='word_1_59' title='bbox 1090 931 1262 984; x_wconf 89' lang='lat' dir='ltr'>terrarum</span> <span class='ocrx_word' id='word_1_60' title='bbox 1284 924 1379 1000; x_wconf 88' lang='lat' dir='ltr'>decus,</span> 
     </span>
     <span class='ocr_line' id='line_1_9' title="bbox 178 1005 1379 1089; baseline 0 -20"><span class='ocrx_word' id='word_1_61' title='bbox 178 1008 275 1071; x_wconf 89' lang='lat' dir='ltr'>simul</span> <span class='ocrx_word' id='word_1_62' title='bbox 304 1007 435 1071; x_wconf 78' lang='lat' dir='ltr'>Africae</span> <span class='ocrx_word' id='word_1_63' title='bbox 464 1006 657 1089; x_wconf 90' lang='lat' dir='ltr'>pulchriora</span> <span class='ocrx_word' id='word_1_64' title='bbox 683 1006 823 1081; x_wconf 87' lang='lat' dir='ltr'>vastari,</span> <span class='ocrx_word' id='word_1_65' title='bbox 855 1005 977 1089; x_wconf 90' lang='lat' dir='ltr'>diripi,</span> <span class='ocrx_word' id='word_1_66' title='bbox 1010 1005 1210 1089; x_wconf 82' lang='lat' dir='ltr'>incendique</span> <span class='ocrx_word' id='word_1_67' title='bbox 1236 1007 1379 1084; x_wconf 84' lang='lat' dir='ltr'>iusserat3</span> 
     </span>
     <span class='ocr_line' id='line_1_10' title="bbox 135 1087 1417 1174; baseline 0.004 -23"><span class='ocrx_word' id='word_1_68' title='bbox 135 1094 267 1155; x_wconf 78' lang='lat' dir='ltr'>aofcrus</span> <span class='ocrx_word' id='word_1_69' title='bbox 294 1090 556 1174; x_wconf 87' lang='lat' dir='ltr'>inhumanusque</span> <span class='ocrx_word' id='word_1_70' title='bbox 587 1111 624 1150; x_wconf 91' lang='lat' dir='ltr'>ac</span> <span class='ocrx_word' id='word_1_71' title='bbox 651 1087 790 1151; x_wconf 88' lang='lat' dir='ltr'>libidine</span> <span class='ocrx_word' id='word_1_72' title='bbox 811 1090 914 1153; x_wconf 88' lang='lat' dir='ltr'>multo</span> <span class='ocrx_word' id='word_1_73' title='bbox 938 1089 1070 1153; x_wconf 90' lang='lat' dir='ltr'>tetrior.</span> <span class='ocrx_word' id='word_1_74' title='bbox 1112 1088 1238 1151; x_wconf 80' lang='lat' dir='ltr'>Adhuc</span> <span class='ocrx_word' id='word_1_75' title='bbox 1256 1091 1382 1173; x_wconf 71' lang='lat' dir='ltr'>putidus</span> <span class='ocrx_word' id='word_1_76' title='bbox 1415 1128 1417 1155; x_wconf 53' lang='lat' dir='ltr'>a</span> 
     </span>
     <span class='ocr_line' id='line_1_11' title="bbox 179 1170 1417 1259; baseline 0 -23"><span class='ocrx_word' id='word_1_77' title='bbox 179 1183 213 1236; x_wconf 90' lang='lat' dir='ltr'>et</span> <span class='ocrx_word' id='word_1_78' title='bbox 232 1172 394 1249; x_wconf 87' lang='lat' dir='ltr'>imbellis,</span> <span class='ocrx_word' id='word_1_79' title='bbox 425 1183 523 1255; x_wconf 90' lang='lat' dir='ltr'>atque</span> <span class='ocrx_word' id='word_1_80' title='bbox 554 1173 588 1233; x_wconf 91' lang='lat' dir='ltr'>in</span> <span class='ocrx_word' id='word_1_81' title='bbox 616 1170 772 1233; x_wconf 89' lang='lat' dir='ltr'>desidiam</span> <span class='ocrx_word' id='word_1_82' title='bbox 803 1173 900 1235; x_wconf 84' lang='lat' dir='ltr'>foede</span> <span class='ocrx_word' id='word_1_83' title='bbox 928 1193 1074 1256; x_wconf 86' lang='lat' dir='ltr'>pronus,</span> <span class='ocrx_word' id='word_1_84' title='bbox 1105 1195 1214 1259; x_wconf 89' lang='lat' dir='ltr'>usque</span> <span class='ocrx_word' id='word_1_85' title='bbox 1245 1195 1301 1249; x_wconf 91' lang='lat' dir='ltr'>eo,</span> <span class='ocrx_word' id='word_1_86' title='bbox 1328 1186 1381 1251; x_wconf 89' lang='lat' dir='ltr'>ut,</span> <span class='ocrx_word' id='word_1_87' title='bbox 1411 1185 1417 1241; x_wconf 84' lang='lat' dir='ltr'>t</span> 
     </span>
     <span class='ocr_line' id='line_1_12' title="bbox 177 1255 1416 1343; baseline 0.002 -22"><span class='ocrx_word' id='word_1_88' title='bbox 177 1256 335 1343; x_wconf 86' lang='lat' dir='ltr'>flagrante</span> <span class='ocrx_word' id='word_1_89' title='bbox 356 1278 417 1339; x_wconf 88' lang='lat' dir='ltr'>per</span> <span class='ocrx_word' id='word_1_90' title='bbox 438 1256 567 1318; x_wconf 87' lang='lat' dir='ltr'>Italiam</span> <span class='ocrx_word' id='word_1_91' title='bbox 586 1255 693 1331; x_wconf 88' lang='lat' dir='ltr'>bello,</span> <span class='ocrx_word' id='word_1_92' title='bbox 715 1255 860 1339; x_wconf 82' lang='lat' dir='ltr'>fusisque</span> <span class='ocrx_word' id='word_1_93' title='bbox 880 1257 968 1339; x_wconf 91' lang='lat' dir='ltr'>apud</span> <span class='ocrx_word' id='word_1_94' title='bbox 988 1256 1156 1329; x_wconf 81' lang='lat' dir='ltr'>Veronam</span> <span class='ocrx_word' id='word_1_95' title='bbox 1177 1257 1266 1339; x_wconf 80' lang='lat' dir='ltr'>suis,</span> <span class='ocrx_word' id='word_1_96' title='bbox 1287 1259 1381 1321; x_wconf 91' lang='lat' dir='ltr'>nihilo</span> <span class='ocrx_word' id='word_1_97' title='bbox 1408 1264 1416 1323; x_wconf 87' lang='lat' dir='ltr'>l</span> 
     </span>
     <span class='ocr_line' id='line_1_13' title="bbox 135 1338 1381 1427; baseline 0.004 -28"><span class='ocrx_word' id='word_1_98' title='bbox 135 1338 306 1426; x_wconf 76' lang='lat' dir='ltr'>eslegnius</span> <span class='ocrx_word' id='word_1_99' title='bbox 327 1340 423 1403; x_wconf 91' lang='lat' dir='ltr'>solita</span> <span class='ocrx_word' id='word_1_100' title='bbox 444 1347 595 1412; x_wconf 85' lang='lat' dir='ltr'>careret,</span> <span class='ocrx_word' id='word_1_101' title='bbox 625 1360 731 1422; x_wconf 90' lang='lat' dir='ltr'>neque</span> <span class='ocrx_word' id='word_1_102' title='bbox 752 1340 855 1421; x_wconf 91' lang='lat' dir='ltr'>patris</span> <span class='ocrx_word' id='word_1_103' title='bbox 876 1341 975 1402; x_wconf 90' lang='lat' dir='ltr'>exitio</span> <span class='ocrx_word' id='word_1_104' title='bbox 998 1348 1203 1402; x_wconf 80' lang='lat' dir='ltr'>moreretur.</span> <span class='ocrx_word' id='word_1_105' title='bbox 1247 1340 1381 1427; x_wconf 83' lang='lat' dir='ltr'>Namque</span> 
     </span>
     <span class='ocr_line' id='line_1_14' title="bbox 179 1422 1415 1505; baseline 0.003 -20"><span class='ocrx_word' id='word_1_106' title='bbox 179 1422 375 1500; x_wconf 78' lang='lat' dir='ltr'>Herculius,</span> <span class='ocrx_word' id='word_1_107' title='bbox 407 1430 521 1486; x_wconf 86' lang='lat' dir='ltr'>natura</span> <span class='ocrx_word' id='word_1_108' title='bbox 552 1422 790 1504; x_wconf 85' lang='lat' dir='ltr'>impotentior,</span> <span class='ocrx_word' id='word_1_109' title='bbox 819 1422 917 1485; x_wconf 85' lang='lat' dir='ltr'>simul</span> <span class='ocrx_word' id='word_1_110' title='bbox 948 1423 1006 1484; x_wconf 89' lang='lat' dir='ltr'>filii</span> <span class='ocrx_word' id='word_1_111' title='bbox 1038 1424 1199 1505; x_wconf 72' lang='lat' dir='ltr'>segnitiae</span> <span class='ocrx_word' id='word_1_112' title='bbox 1226 1433 1376 1499; x_wconf 82' lang='lat' dir='ltr'>metuens,</span> <span class='ocrx_word' id='word_1_113' title='bbox 1404 1451 1415 1490; x_wconf 86' lang='lat' dir='ltr'>r</span> 
     </span>
     <span class='ocr_line' id='line_1_15' title="bbox 134 1506 1417 1590; baseline -0.001 -19"><span class='ocrx_word' id='word_1_114' title='bbox 134 1506 360 1571; x_wconf 80' lang='lat' dir='ltr'>ltainconsulte</span> <span class='ocrx_word' id='word_1_115' title='bbox 392 1506 565 1589; x_wconf 89' lang='lat' dir='ltr'>imperium</span> <span class='ocrx_word' id='word_1_116' title='bbox 598 1507 806 1587; x_wconf 84' lang='lat' dir='ltr'>repetiverat.</span> <span class='ocrx_word' id='word_1_117' title='bbox 849 1506 1025 1590; x_wconf 89' lang='lat' dir='ltr'>Quumque</span> <span class='ocrx_word' id='word_1_118' title='bbox 1053 1508 1163 1587; x_wconf 86' lang='lat' dir='ltr'>specie</span> <span class='ocrx_word' id='word_1_119' title='bbox 1187 1506 1288 1568; x_wconf 86' lang='lat' dir='ltr'>officii</span> <span class='ocrx_word' id='word_1_120' title='bbox 1310 1508 1376 1569; x_wconf 82' lang='lat' dir='ltr'>dolis</span> <span class='ocrx_word' id='word_1_121' title='bbox 1402 1535 1417 1570; x_wconf 87' lang='lat' dir='ltr'>a</span> 
     </span>
     <span class='ocr_line' id='line_1_16' title="bbox 178 1590 1417 1673; baseline 0 -20"><span class='ocrx_word' id='word_1_122' title='bbox 178 1592 369 1673; x_wconf 85' lang='lat' dir='ltr'>compositis</span> <span class='ocrx_word' id='word_1_123' title='bbox 391 1590 637 1651; x_wconf 86' lang='lat' dir='ltr'>Constantinum</span> <span class='ocrx_word' id='word_1_124' title='bbox 658 1609 813 1672; x_wconf 89' lang='lat' dir='ltr'>generum</span> <span class='ocrx_word' id='word_1_125' title='bbox 835 1598 976 1651; x_wconf 88' lang='lat' dir='ltr'>tentaret</span> <span class='ocrx_word' id='word_1_126' title='bbox 999 1590 1137 1665; x_wconf 88' lang='lat' dir='ltr'>acerbe,</span> <span class='ocrx_word' id='word_1_127' title='bbox 1166 1592 1243 1651; x_wconf 89' lang='lat' dir='ltr'>iure</span> <span class='ocrx_word' id='word_1_128' title='bbox 1265 1592 1375 1653; x_wconf 88' lang='lat' dir='ltr'>tandeu</span> <span class='ocrx_word' id='word_1_129' title='bbox 1402 1603 1417 1654; x_wconf 81' lang='lat' dir='ltr'>t</span> 
     </span>
     <span class='ocr_line' id='line_1_17' title="bbox 135 1670 1375 1747; baseline 0.002 -13"><span class='ocrx_word' id='word_1_130' title='bbox 135 1670 359 1737; x_wconf 71' lang='lat' dir='ltr'>adinterierat.</span> <span class='ocrx_word' id='word_1_131' title='bbox 400 1671 465 1735; x_wconf 83' lang='lat' dir='ltr'>Sed</span> <span class='ocrx_word' id='word_1_132' title='bbox 498 1673 679 1735; x_wconf 87' lang='lat' dir='ltr'>Maxentius</span> <span class='ocrx_word' id='word_1_133' title='bbox 711 1671 860 1734; x_wconf 86' lang='lat' dir='ltr'>atrocior</span> <span class='ocrx_word' id='word_1_134' title='bbox 886 1675 919 1734; x_wconf 92' lang='lat' dir='ltr'>in</span> <span class='ocrx_word' id='word_1_135' title='bbox 951 1672 1042 1747; x_wconf 91' lang='lat' dir='ltr'>dies,</span> <span class='ocrx_word' id='word_1_136' title='bbox 1072 1674 1208 1734; x_wconf 90' lang='lat' dir='ltr'>tandem</span> <span class='ocrx_word' id='word_1_137' title='bbox 1239 1675 1330 1736; x_wconf 87' lang='lat' dir='ltr'>Urbe</span> <span class='ocrx_word' id='word_1_138' title='bbox 1352 1674 1375 1737; x_wconf 86' lang='lat' dir='ltr'>is</span> 
     </span>
     <span class='ocr_line' id='line_1_18' title="bbox 175 1755 1416 1842; baseline 0.001 -24"><span class='ocrx_word' id='word_1_139' title='bbox 175 1757 259 1821; x_wconf 85' lang='lat' dir='ltr'>Saxa</span> <span class='ocrx_word' id='word_1_140' title='bbox 280 1759 381 1821; x_wconf 90' lang='lat' dir='ltr'>rubra</span> <span class='ocrx_word' id='word_1_141' title='bbox 402 1755 504 1817; x_wconf 91' lang='lat' dir='ltr'>millia</span> <span class='ocrx_word' id='word_1_142' title='bbox 522 1759 625 1818; x_wconf 88' lang='lat' dir='ltr'>ferme</span> <span class='ocrx_word' id='word_1_143' title='bbox 639 1756 754 1816; x_wconf 80' lang='lat' dir='ltr'>notem</span> <span class='ocrx_word' id='word_1_144' title='bbox 771 1757 949 1840; x_wconf 81' lang='lat' dir='ltr'>aegerrime</span> <span class='ocrx_word' id='word_1_145' title='bbox 963 1778 1167 1841; x_wconf 89' lang='lat' dir='ltr'>progressus,</span> <span class='ocrx_word' id='word_1_146' title='bbox 1187 1779 1287 1840; x_wconf 89' lang='lat' dir='ltr'>quum</span> <span class='ocrx_word' id='word_1_147' title='bbox 1301 1778 1375 1819; x_wconf 73' lang='lat' dir='ltr'>cans</span> <span class='ocrx_word' id='word_1_148' title='bbox 1404 1783 1416 1842; x_wconf 84' lang='lat' dir='ltr'>q</span> 
     </span>
     <span class='ocr_line' id='line_1_19' title="bbox 176 1837 1417 1926; baseline 0.001 -24"><span class='ocrx_word' id='word_1_149' title='bbox 176 1841 248 1903; x_wconf 80' lang='lat' dir='ltr'>acie</span> <span class='ocrx_word' id='word_1_150' title='bbox 269 1840 395 1926; x_wconf 81' lang='lat' dir='ltr'>fugiens</span> <span class='ocrx_word' id='word_1_151' title='bbox 418 1848 519 1901; x_wconf 87' lang='lat' dir='ltr'>semet</span> <span class='ocrx_word' id='word_1_152' title='bbox 538 1839 674 1900; x_wconf 87' lang='lat' dir='ltr'>Romam</span> <span class='ocrx_word' id='word_1_153' title='bbox 696 1837 878 1919; x_wconf 85' lang='lat' dir='ltr'>reciperet,</span> <span class='ocrx_word' id='word_1_154' title='bbox 910 1840 1058 1912; x_wconf 87' lang='lat' dir='ltr'>insidiis,</span> <span class='ocrx_word' id='word_1_155' title='bbox 1090 1862 1170 1923; x_wconf 88' lang='lat' dir='ltr'>quas</span> <span class='ocrx_word' id='word_1_156' title='bbox 1194 1841 1283 1902; x_wconf 91' lang='lat' dir='ltr'>hosti</span> <span class='ocrx_word' id='word_1_157' title='bbox 1302 1839 1375 1923; x_wconf 88' lang='lat' dir='ltr'>apud</span> <span class='ocrx_word' id='word_1_158' title='bbox 1404 1855 1417 1904; x_wconf 82' lang='lat' dir='ltr'>st</span> 
     </span>
     <span class='ocr_line' id='line_1_20' title="bbox 175 1921 1417 2006; baseline -0.001 -21"><span class='ocrx_word' id='word_1_159' title='bbox 175 1933 312 2006; x_wconf 88' lang='lat' dir='ltr'>pontem</span> <span class='ocrx_word' id='word_1_160' title='bbox 343 1923 491 1984; x_wconf 85' lang='lat' dir='ltr'>Milvium</span> <span class='ocrx_word' id='word_1_161' title='bbox 522 1921 709 1997; x_wconf 81' lang='lat' dir='ltr'>locaverat,</span> <span class='ocrx_word' id='word_1_162' title='bbox 744 1922 777 1982; x_wconf 91' lang='lat' dir='ltr'>in</span> <span class='ocrx_word' id='word_1_163' title='bbox 809 1930 1010 2006; x_wconf 89' lang='lat' dir='ltr'>transgressu</span> <span class='ocrx_word' id='word_1_164' title='bbox 1040 1923 1155 1985; x_wconf 85' lang='lat' dir='ltr'>Tiberi</span> <span class='ocrx_word' id='word_1_165' title='bbox 1193 1925 1374 2006; x_wconf 82' lang='lat' dir='ltr'>interceptus</span> <span class='ocrx_word' id='word_1_166' title='bbox 1405 1948 1417 1986; x_wconf 83' lang='lat' dir='ltr'>a</span> 
     </span>
     <span class='ocr_line' id='line_1_21' title="bbox 135 2004 1417 2091; baseline 0.002 -24"><span class='ocrx_word' id='word_1_167' title='bbox 135 2006 247 2082; x_wconf 67' lang='lat' dir='ltr'>adest,</span> <span class='ocrx_word' id='word_1_168' title='bbox 278 2005 459 2088; x_wconf 80' lang='lat' dir='ltr'>tyrannidis</span> <span class='ocrx_word' id='word_1_169' title='bbox 491 2027 575 2066; x_wconf 91' lang='lat' dir='ltr'>anno</span> <span class='ocrx_word' id='word_1_170' title='bbox 607 2014 711 2065; x_wconf 84' lang='lat' dir='ltr'>sexto.</span> <span class='ocrx_word' id='word_1_171' title='bbox 766 2004 869 2065; x_wconf 86' lang='lat' dir='ltr'>Huius</span> <span class='ocrx_word' id='word_1_172' title='bbox 900 2026 979 2067; x_wconf 90' lang='lat' dir='ltr'>nece</span> <span class='ocrx_word' id='word_1_173' title='bbox 1007 2006 1207 2069; x_wconf 86' lang='lat' dir='ltr'>incredibile</span> <span class='ocrx_word' id='word_1_174' title='bbox 1237 2016 1374 2091; x_wconf 88' lang='lat' dir='ltr'>quantun</span> <span class='ocrx_word' id='word_1_175' title='bbox 1404 2032 1417 2069; x_wconf 86' lang='lat' dir='ltr'>u</span> 
     </span>
     <span class='ocr_line' id='line_1_22' title="bbox 174 2086 1417 2175; baseline 0.003 -26"><span class='ocrx_word' id='word_1_176' title='bbox 174 2089 299 2151; x_wconf 86' lang='lat' dir='ltr'>laetitia</span> <span class='ocrx_word' id='word_1_177' title='bbox 322 2087 524 2168; x_wconf 67' lang='lat' dir='ltr'>prandioque</span> <span class='ocrx_word' id='word_1_178' title='bbox 545 2087 682 2147; x_wconf 86' lang='lat' dir='ltr'>Senatus</span> <span class='ocrx_word' id='word_1_179' title='bbox 703 2108 741 2147; x_wconf 94' lang='lat' dir='ltr'>ac</span> <span class='ocrx_word' id='word_1_180' title='bbox 760 2086 873 2166; x_wconf 87' lang='lat' dir='ltr'>plebes</span> <span class='ocrx_word' id='word_1_181' title='bbox 895 2090 1146 2152; x_wconf 84' lang='lat' dir='ltr'>exsultaverint:</span> <span class='ocrx_word' id='word_1_182' title='bbox 1172 2114 1258 2175; x_wconf 89' lang='lat' dir='ltr'>quos</span> <span class='ocrx_word' id='word_1_183' title='bbox 1273 2093 1373 2154; x_wconf 88' lang='lat' dir='ltr'>intuu-</span> <span class='ocrx_word' id='word_1_184' title='bbox 1405 2114 1417 2153; x_wconf 85' lang='lat' dir='ltr'>u</span> 
     </span>
     <span class='ocr_line' id='line_1_23' title="bbox 176 2170 1417 2258; baseline 0.005 -28"><span class='ocrx_word' id='word_1_185' title='bbox 176 2179 247 2239; x_wconf 85' lang='lat' dir='ltr'>tum</span> <span class='ocrx_word' id='word_1_186' title='bbox 277 2173 507 2240; x_wconf 84' lang='lat' dir='ltr'>afflictaverat,</span> <span class='ocrx_word' id='word_1_187' title='bbox 540 2170 588 2231; x_wconf 89' lang='lat' dir='ltr'>uti</span> <span class='ocrx_word' id='word_1_188' title='bbox 620 2171 838 2251; x_wconf 85' lang='lat' dir='ltr'>praetorianis</span> <span class='ocrx_word' id='word_1_189' title='bbox 870 2172 1002 2234; x_wconf 87' lang='lat' dir='ltr'>caedem</span> <span class='ocrx_word' id='word_1_190' title='bbox 1023 2173 1109 2258; x_wconf 85' lang='lat' dir='ltr'>vulgi</span> <span class='ocrx_word' id='word_1_191' title='bbox 1136 2174 1368 2256; x_wconf 65' lang='lat' dir='ltr'>q&#39;uondamaud</span> <span class='ocrx_word' id='word_1_192' title='bbox 1406 2177 1417 2236; x_wconf 79' lang='lat' dir='ltr'>ti</span> 
     </span>
     <span class='ocr_line' id='line_1_24' title="bbox 141 2253 1417 2339; baseline 0.004 -24"><span class='ocrx_word' id='word_1_193' title='bbox 141 2268 144 2273; x_wconf 89' lang='grc'><strong>’</strong></span> <span class='ocrx_word' id='word_1_194' title='bbox 174 2254 307 2329; x_wconf 90' lang='lat' dir='ltr'>nuerit,</span> <span class='ocrx_word' id='word_1_195' title='bbox 328 2254 519 2338; x_wconf 90' lang='lat' dir='ltr'>primusque</span> <span class='ocrx_word' id='word_1_196' title='bbox 540 2253 689 2315; x_wconf 89' lang='lat' dir='ltr'>instituto</span> <span class='ocrx_word' id='word_1_197' title='bbox 711 2253 851 2335; x_wconf 89' lang='lat' dir='ltr'>pessimo</span> <span class='ocrx_word' id='word_1_198' title='bbox 875 2272 1047 2318; x_wconf 86' lang='lat' dir='ltr'>munerum</span> <span class='ocrx_word' id='word_1_199' title='bbox 1061 2259 1173 2339; x_wconf 91' lang='lat' dir='ltr'>specie</span> <span class='ocrx_word' id='word_1_200' title='bbox 1187 2260 1303 2320; x_wconf 89' lang='lat' dir='ltr'>Patres</span> <span class='ocrx_word' id='word_1_201' title='bbox 1317 2278 1371 2319; x_wconf 85' lang='lat' dir='ltr'>an·</span> <span class='ocrx_word' id='word_1_202' title='bbox 1406 2279 1417 2320; x_wconf 83' lang='lat' dir='ltr'>u</span> 
     </span>
     <span class='ocr_line' id='line_1_25' title="bbox 126 2330 1417 2477; baseline 0.002 -79"><span class='ocrx_word' id='word_1_203' title='bbox 126 2330 331 2477; x_wconf 46' lang='lat' dir='ltr'>*oretque</span> <span class='ocrx_word' id='word_1_204' title='bbox 360 2339 532 2419; x_wconf 72' lang='lat' dir='ltr'>pecuniam</span> <span class='ocrx_word' id='word_1_205' title='bbox 559 2338 714 2398; x_wconf 79' lang='lat' dir='ltr'>conferre</span> <span class='ocrx_word' id='word_1_206' title='bbox 741 2336 930 2419; x_wconf 83' lang='lat' dir='ltr'>prodigenti</span> <span class='ocrx_word' id='word_1_207' title='bbox 964 2341 1026 2401; x_wconf 87' lang='lat' dir='ltr'>sibi</span> <span class='ocrx_word' id='word_1_208' title='bbox 1048 2352 1197 2425; x_wconf 86' lang='lat' dir='ltr'>cogeret.</span> <span class='ocrx_word' id='word_1_209' title='bbox 1243 2343 1374 2422; x_wconf 88' lang='lat' dir='ltr'>Quorun</span> <span class='ocrx_word' id='word_1_210' title='bbox 1406 2363 1417 2422; x_wconf 80' lang='lat' dir='ltr'>p</span> 
     </span>
     <span class='ocr_line' id='line_1_26' title="bbox 172 2412 1417 2507; baseline 0 -22"><span class='ocrx_word' id='word_1_211' title='bbox 172 2412 256 2485; x_wconf 77' lang='lat' dir='ltr'>adio</span> <span class='ocrx_word' id='word_1_212' title='bbox 279 2418 465 2500; x_wconf 87' lang='lat' dir='ltr'>praetoriae</span> <span class='ocrx_word' id='word_1_213' title='bbox 486 2419 648 2503; x_wconf 80' lang='lat' dir='ltr'>legiones,</span> <span class='ocrx_word' id='word_1_214' title='bbox 671 2442 708 2481; x_wconf 91' lang='lat' dir='ltr'>ac</span> <span class='ocrx_word' id='word_1_215' title='bbox 732 2420 876 2485; x_wconf 86' lang='lat' dir='ltr'>subsidia</span> <span class='ocrx_word' id='word_1_216' title='bbox 896 2424 1094 2485; x_wconf 83' lang='lat' dir='ltr'>factionibus</span> <span class='ocrx_word' id='word_1_217' title='bbox 1118 2427 1274 2507; x_wconf 89' lang='lat' dir='ltr'>aptiora,</span> <span class='ocrx_word' id='word_1_218' title='bbox 1294 2430 1375 2507; x_wconf 82' lang='lat' dir='ltr'>quain</span> <span class='ocrx_word' id='word_1_219' title='bbox 1407 2447 1417 2485; x_wconf 86' lang='lat' dir='ltr'>c</span> 
     </span>
     <span class='ocr_line' id='line_1_27' title="bbox 176 2501 1417 2589; baseline 0.002 -23"><span class='ocrx_word' id='word_1_220' title='bbox 176 2505 252 2566; x_wconf 79' lang='lat' dir='ltr'>urbi</span> <span class='ocrx_word' id='word_1_221' title='bbox 272 2505 416 2576; x_wconf 84' lang='lat' dir='ltr'>Romae,</span> <span class='ocrx_word' id='word_1_222' title='bbox 437 2501 563 2565; x_wconf 89' lang='lat' dir='ltr'>sublata</span> <span class='ocrx_word' id='word_1_223' title='bbox 584 2503 732 2587; x_wconf 90' lang='lat' dir='ltr'>penitus,</span> <span class='ocrx_word' id='word_1_224' title='bbox 754 2504 851 2566; x_wconf 87' lang='lat' dir='ltr'>simul</span> <span class='ocrx_word' id='word_1_225' title='bbox 872 2525 962 2567; x_wconf 85' lang='lat' dir='ltr'>arma</span> <span class='ocrx_word' id='word_1_226' title='bbox 984 2515 1082 2589; x_wconf 89' lang='lat' dir='ltr'>atque</span> <span class='ocrx_word' id='word_1_227' title='bbox 1099 2529 1179 2569; x_wconf 83' lang='lat' dir='ltr'>usus</span> <span class='ocrx_word' id='word_1_228' title='bbox 1211 2505 1374 2570; x_wconf 86' lang='lat' dir='ltr'>indumenti</span> <span class='ocrx_word' id='word_1_229' title='bbox 1409 2530 1417 2568; x_wconf 82' lang='lat' dir='ltr'>r</span> 
     </span>
     <span class='ocr_line' id='line_1_28' title="bbox 136 2584 1373 2673; baseline 0 -23"><span class='ocrx_word' id='word_1_230' title='bbox 136 2584 340 2651; x_wconf 66' lang='lat' dir='ltr'>admilitaris.</span> <span class='ocrx_word' id='word_1_231' title='bbox 383 2586 499 2648; x_wconf 82' lang='lat' dir='ltr'>Adhuc</span> <span class='ocrx_word' id='word_1_232' title='bbox 531 2595 647 2648; x_wconf 89' lang='lat' dir='ltr'>cuncta</span> <span class='ocrx_word' id='word_1_233' title='bbox 678 2608 802 2669; x_wconf 88' lang='lat' dir='ltr'>opera,</span> <span class='ocrx_word' id='word_1_234' title='bbox 835 2610 918 2673; x_wconf 91' lang='lat' dir='ltr'>quae</span> <span class='ocrx_word' id='word_1_235' title='bbox 949 2591 1118 2671; x_wconf 81' lang='lat' dir='ltr'>magnifice</span> <span class='ocrx_word' id='word_1_236' title='bbox 1139 2598 1373 2661; x_wconf 81' lang='lat' dir='ltr'>construxerat,</span> 
     </span>
     <span class='ocr_line' id='line_1_29' title="bbox 178 2670 1416 2752; baseline 0.002 -20"><span class='ocrx_word' id='word_1_237' title='bbox 178 2671 281 2747; x_wconf 76' lang='lat' dir='ltr'>Urbis</span> <span class='ocrx_word' id='word_1_238' title='bbox 301 2672 432 2744; x_wconf 87' lang='lat' dir='ltr'>fanum,</span> <span class='ocrx_word' id='word_1_239' title='bbox 466 2679 563 2752; x_wconf 88' lang='lat' dir='ltr'>atque</span> <span class='ocrx_word' id='word_1_240' title='bbox 590 2670 778 2745; x_wconf 89' lang='lat' dir='ltr'>basilicam,</span> <span class='ocrx_word' id='word_1_241' title='bbox 801 2672 905 2733; x_wconf 85' lang='lat' dir='ltr'>Fluvii</span> <span class='ocrx_word' id='word_1_242' title='bbox 928 2674 1054 2734; x_wconf 83' lang='lat' dir='ltr'>rneritis</span> <span class='ocrx_word' id='word_1_243' title='bbox 1076 2675 1191 2736; x_wconf 87' lang='lat' dir='ltr'>Patres</span> <span class='ocrx_word' id='word_1_244' title='bbox 1213 2692 1376 2736; x_wconf 76' lang='lat' dir='ltr'>sacravere·</span> <span class='ocrx_word' id='word_1_245' title='bbox 1408 2697 1416 2734; x_wconf 81' lang='lat' dir='ltr'>s</span> 
     </span>
     <span class='ocr_line' id='line_1_30' title="bbox 136 2750 1417 2840; baseline 0.001 -24"><span class='ocrx_word' id='word_1_246' title='bbox 136 2752 295 2837; x_wconf 70' lang='lat' dir='ltr'>27Aquo</span> <span class='ocrx_word' id='word_1_247' title='bbox 328 2753 425 2833; x_wconf 85' lang='lat' dir='ltr'>etiam</span> <span class='ocrx_word' id='word_1_248' title='bbox 451 2760 528 2834; x_wconf 88' lang='lat' dir='ltr'>post</span> <span class='ocrx_word' id='word_1_249' title='bbox 560 2754 673 2814; x_wconf 87' lang='lat' dir='ltr'>Circus</span> <span class='ocrx_word' id='word_1_250' title='bbox 699 2755 856 2817; x_wconf 90' lang='lat' dir='ltr'>maximus</span> <span class='ocrx_word' id='word_1_251' title='bbox 879 2756 1024 2818; x_wconf 85' lang='lat' dir='ltr'>excultus</span> <span class='ocrx_word' id='word_1_252' title='bbox 1047 2759 1208 2833; x_wconf 85' lang='lat' dir='ltr'>mirifice,</span> <span class='ocrx_word' id='word_1_253' title='bbox 1233 2750 1374 2840; x_wconf 87' lang='lat' dir='ltr'>atquead</span> <span class='ocrx_word' id='word_1_254' title='bbox 1408 2757 1417 2817; x_wconf 70' lang='grc' dir='ltr'><strong><em>ἑ</em></strong></span> 
     </span>
     <span class='ocr_line' id='line_1_31' title="bbox 135 2836 1417 2923; baseline 0.001 -24"><span class='ocrx_word' id='word_1_255' title='bbox 135 2836 349 2899; x_wconf 69' lang='lat' dir='ltr'>adlevandum</span> <span class='ocrx_word' id='word_1_256' title='bbox 378 2837 562 2897; x_wconf 86' lang='lat' dir='ltr'>institutum</span> <span class='ocrx_word' id='word_1_257' title='bbox 593 2858 675 2919; x_wconf 90' lang='lat' dir='ltr'>opus</span> <span class='ocrx_word' id='word_1_258' title='bbox 706 2841 822 2900; x_wconf 90' lang='lat' dir='ltr'>ceteris</span> <span class='ocrx_word' id='word_1_259' title='bbox 853 2837 940 2899; x_wconf 93' lang='lat' dir='ltr'>haud</span> <span class='ocrx_word' id='word_1_260' title='bbox 965 2840 1067 2902; x_wconf 90' lang='lat' dir='ltr'>multo</span> <span class='ocrx_word' id='word_1_261' title='bbox 1091 2841 1215 2923; x_wconf 85' lang='lat' dir='ltr'>dispar.</span> <span class='ocrx_word' id='word_1_262' title='bbox 1261 2842 1373 2903; x_wconf 80' lang='lat' dir='ltr'>Statuas</span> <span class='ocrx_word' id='word_1_263' title='bbox 1409 2863 1417 2900; x_wconf 73' lang='lat' dir='ltr'>s</span> 
     </span>
     <span class='ocr_line' id='line_1_32' title="bbox 176 2917 1417 3011; baseline 0.001 -32"><span class='ocrx_word' id='word_1_264' title='bbox 176 2917 259 2980; x_wconf 89' lang='lat' dir='ltr'>locis</span> <span class='ocrx_word' id='word_1_265' title='bbox 282 2942 379 3005; x_wconf 85' lang='lat' dir='ltr'>quam</span> <span class='ocrx_word' id='word_1_266' title='bbox 400 2919 643 2994; x_wconf 87' lang='lat' dir='ltr'>celeberrimis,</span> <span class='ocrx_word' id='word_1_267' title='bbox 668 2943 806 3004; x_wconf 87' lang='lat' dir='ltr'>quarum</span> <span class='ocrx_word' id='word_1_268' title='bbox 824 2921 936 3001; x_wconf 86' lang='lat' dir='ltr'>plures</span> <span class='ocrx_word' id='word_1_269' title='bbox 958 2946 997 2985; x_wconf 86' lang='lat' dir='ltr'>ex</span> <span class='ocrx_word' id='word_1_270' title='bbox 1019 2946 1120 2997; x_wconf 88' lang='lat' dir='ltr'>auro,</span> <span class='ocrx_word' id='word_1_271' title='bbox 1144 2934 1201 2985; x_wconf 88' lang='lat' dir='ltr'>aut</span> <span class='ocrx_word' id='word_1_272' title='bbox 1222 2933 1375 3011; x_wconf 84' lang='lat' dir='ltr'>argenteae</span> <span class='ocrx_word' id='word_1_273' title='bbox 1411 2947 1417 2981; x_wconf 74' lang='lat' dir='ltr'>z</span> 
     </span>
     <span class='ocr_line' id='line_1_33' title="bbox 177 3001 1417 3092; baseline -0.002 -29"><span class='ocrx_word' id='word_1_274' title='bbox 177 3013 274 3064; x_wconf 86' lang='lat' dir='ltr'>sunt:</span> <span class='ocrx_word' id='word_1_275' title='bbox 307 3013 377 3064; x_wconf 91' lang='lat' dir='ltr'>tum</span> <span class='ocrx_word' id='word_1_276' title='bbox 407 3025 467 3084; x_wconf 88' lang='lat' dir='ltr'>per</span> <span class='ocrx_word' id='word_1_277' title='bbox 499 3001 644 3064; x_wconf 81' lang='lat' dir='ltr'>Africam</span> <span class='ocrx_word' id='word_1_278' title='bbox 675 3005 895 3067; x_wconf 89' lang='lat' dir='ltr'>sacerdotium</span> <span class='ocrx_word' id='word_1_279' title='bbox 929 3004 1095 3069; x_wconf 89' lang='lat' dir='ltr'>decretum</span> <span class='ocrx_word' id='word_1_280' title='bbox 1126 3008 1261 3069; x_wconf 86' lang='lat' dir='ltr'>Flaviae</span> <span class='ocrx_word' id='word_1_281' title='bbox 1287 3005 1373 3092; x_wconf 67' lang='lat' dir='ltr'>genti,</span> <span class='ocrx_word' id='word_1_282' title='bbox 1413 3030 1417 3061; x_wconf 68' lang='grc' dir='ltr'>ι</span> 
     </span>
     <span class='ocr_line' id='line_1_34' title="bbox 178 3083 1417 3175; baseline 0 -28"><span class='ocrx_word' id='word_1_283' title='bbox 178 3087 352 3170; x_wconf 91' lang='lat' dir='ltr'>Cirtaeque</span> <span class='ocrx_word' id='word_1_284' title='bbox 373 3083 518 3167; x_wconf 90' lang='lat' dir='ltr'>oppido,</span> <span class='ocrx_word' id='word_1_285' title='bbox 542 3085 631 3170; x_wconf 92' lang='lat' dir='ltr'>quod</span> <span class='ocrx_word' id='word_1_286' title='bbox 653 3084 826 3151; x_wconf 88' lang='lat' dir='ltr'>obsidione</span> <span class='ocrx_word' id='word_1_287' title='bbox 848 3088 1024 3151; x_wconf 84' lang='lat' dir='ltr'>Alexandri</span> <span class='ocrx_word' id='word_1_288' title='bbox 1045 3090 1219 3163; x_wconf 88' lang='lat' dir='ltr'>ceciderat,</span> <span class='ocrx_word' id='word_1_289' title='bbox 1245 3091 1375 3175; x_wconf 89' lang='lat' dir='ltr'>reposito</span> <span class='ocrx_word' id='word_1_290' title='bbox 1414 3110 1417 3170; x_wconf 72' lang='lat' dir='ltr'>j</span> 
     </span>
     <span class='ocr_line' id='line_1_35' title="bbox 138 3171 1378 3256; baseline -0.002 -23"><span class='ocrx_word' id='word_1_291' title='bbox 138 3181 423 3256; x_wconf 73' lang='lat' dir='ltr'>eqexornatoque,</span> <span class='ocrx_word' id='word_1_292' title='bbox 446 3189 564 3230; x_wconf 90' lang='lat' dir='ltr'>nomen</span> <span class='ocrx_word' id='word_1_293' title='bbox 587 3171 796 3232; x_wconf 87' lang='lat' dir='ltr'>Constantina</span> <span class='ocrx_word' id='word_1_294' title='bbox 818 3173 969 3234; x_wconf 87' lang='lat' dir='ltr'>inditum.</span> <span class='ocrx_word' id='word_1_295' title='bbox 1005 3174 1095 3235; x_wconf 87' lang='lat' dir='ltr'>Adeo</span> <span class='ocrx_word' id='word_1_296' title='bbox 1114 3175 1281 3255; x_wconf 86' lang='lat' dir='ltr'>acceptius</span> <span class='ocrx_word' id='word_1_297' title='bbox 1296 3193 1378 3256; x_wconf 88' lang='lat' dir='ltr'>prae-</span> 
     </span>
     <span class='ocr_line' id='line_1_36' title="bbox 139 3254 1377 3341; baseline -0.001 -27"><span class='ocrx_word' id='word_1_298' title='bbox 139 3256 145 3279; x_wconf 84' lang='lat'><strong>¹</strong></span> <span class='ocrx_word' id='word_1_299' title='bbox 180 3255 380 3338; x_wconf 85' lang='lat' dir='ltr'>stantiusque</span> <span class='ocrx_word' id='word_1_300' title='bbox 400 3260 614 3332; x_wconf 84' lang='lat' dir='ltr'>tyrannorum</span> <span class='ocrx_word' id='word_1_301' title='bbox 637 3254 867 3337; x_wconf 88' lang='lat' dir='ltr'>depulsoribus</span> <span class='ocrx_word' id='word_1_302' title='bbox 898 3256 982 3317; x_wconf 92' lang='lat' dir='ltr'>nihil</span> <span class='ocrx_word' id='word_1_303' title='bbox 1015 3266 1084 3330; x_wconf 89' lang='lat' dir='ltr'>est·,</span> <span class='ocrx_word' id='word_1_304' title='bbox 1117 3280 1262 3339; x_wconf 91' lang='lat' dir='ltr'>quorum</span> <span class='ocrx_word' id='word_1_305' title='bbox 1291 3254 1377 3341; x_wconf 81' lang='lat' dir='ltr'>gratia</span> 
     </span>
     <span class='ocr_line' id='line_1_37' title="bbox 140 3334 1379 3422; baseline 0.002 -26"><span class='ocrx_word' id='word_1_306' title='bbox 140 3334 220 3397; x_wconf 80' lang='lat' dir='ltr'>5oeo</span> <span class='ocrx_word' id='word_1_307' title='bbox 243 3336 372 3399; x_wconf 86' lang='lat' dir='ltr'>demum</span> <span class='ocrx_word' id='word_1_308' title='bbox 392 3336 521 3397; x_wconf 86' lang='lat' dir='ltr'>auctior</span> <span class='ocrx_word' id='word_1_309' title='bbox 543 3337 617 3410; x_wconf 89' lang='lat' dir='ltr'>erit,</span> <span class='ocrx_word' id='word_1_310' title='bbox 633 3337 659 3396; x_wconf 89' lang='lat' dir='ltr'>si</span> <span class='ocrx_word' id='word_1_311' title='bbox 676 3338 815 3400; x_wconf 89' lang='lat' dir='ltr'>modesti</span> <span class='ocrx_word' id='word_1_312' title='bbox 831 3348 928 3422; x_wconf 89' lang='lat' dir='ltr'>atque</span> <span class='ocrx_word' id='word_1_313' title='bbox 943 3340 1139 3402; x_wconf 87' lang='lat' dir='ltr'>abstinentes</span> <span class='ocrx_word' id='word_1_314' title='bbox 1153 3341 1229 3402; x_wconf 89' lang='lat' dir='ltr'>sint.</span> <span class='ocrx_word' id='word_1_315' title='bbox 1263 3342 1379 3421; x_wconf 89' lang='lat' dir='ltr'>Quippe</span> 
     </span>
     <span class='ocr_line' id='line_1_38' title="bbox 179 3418 1379 3506; baseline 0.003 -26"><span class='ocrx_word' id='word_1_316' title='bbox 179 3418 340 3480; x_wconf 89' lang='lat' dir='ltr'>humanae</span> <span class='ocrx_word' id='word_1_317' title='bbox 370 3427 513 3491; x_wconf 89' lang='lat' dir='ltr'>mentes,</span> <span class='ocrx_word' id='word_1_318' title='bbox 548 3421 725 3481; x_wconf 88' lang='lat' dir='ltr'>frustratae</span> <span class='ocrx_word' id='word_1_319' title='bbox 756 3423 836 3483; x_wconf 90' lang='lat' dir='ltr'>boni</span> <span class='ocrx_word' id='word_1_320' title='bbox 864 3443 940 3503; x_wconf 89' lang='lat' dir='ltr'>spe,</span> <span class='ocrx_word' id='word_1_321' title='bbox 979 3425 1124 3506; x_wconf 89' lang='lat' dir='ltr'>asperius</span> <span class='ocrx_word' id='word_1_322' title='bbox 1161 3424 1379 3495; x_wconf 84' lang='lat' dir='ltr'>offenduntur,</span> 
     </span>
     <span class='ocr_line' id='line_1_39' title="bbox 137 3504 1277 3588; baseline 0.007 -25"><span class='ocrx_word' id='word_1_323' title='bbox 137 3528 140 3533; x_wconf 92' lang='lat'>·</span> <span class='ocrx_word' id='word_1_324' title='bbox 181 3522 303 3586; x_wconf 93' lang='lat' dir='ltr'>quum,</span> <span class='ocrx_word' id='word_1_325' title='bbox 326 3508 450 3563; x_wconf 90' lang='lat' dir='ltr'>mutato</span> <span class='ocrx_word' id='word_1_326' title='bbox 476 3510 606 3566; x_wconf 87' lang='lat' dir='ltr'>rectore</span> <span class='ocrx_word' id='word_1_327' title='bbox 627 3504 815 3588; x_wconf 82' lang='lat' dir='ltr'>flagitioso,</span> <span class='ocrx_word' id='word_1_328' title='bbox 838 3522 1066 3570; x_wconf 88' lang='lat' dir='ltr'>aerumnarum</span> <span class='ocrx_word' id='word_1_329' title='bbox 1077 3506 1131 3572; x_wconf 64' lang='lat' dir='ltr'>tis</span> <span class='ocrx_word' id='word_1_330' title='bbox 1152 3517 1277 3571; x_wconf 89' lang='lat' dir='ltr'>manet.</span> 
     </span>
    </p>
   </div>
   <div class='ocr_carea' id='block_1_2' title="bbox 138 3758 1385 3930">
    <p class='ocr_par' dir='ltr' id='par_1_2' title="bbox 138 3758 1385 3930">
     <span class='ocr_line' id='line_1_40' title="bbox 138 3758 1385 3857; baseline 0.004 -31"><span class='ocrx_word' id='word_1_331' title='bbox 138 3758 143 3779; x_wconf 82' lang='lat'><em>¹</em></span> <span class='ocrx_word' id='word_1_332' title='bbox 186 3768 436 3857; x_wconf 72' lang='lat' dir='ltr'>cousrai‘r&#39;tbus,</span> <span class='ocrx_word' id='word_1_333' title='bbox 468 3789 624 3841; x_wconf 77' lang='lat' dir='ltr'>meruius,</span> <span class='ocrx_word' id='word_1_334' title='bbox 658 3787 802 3842; x_wconf 79' lang='lat' dir='ltr'>emarus,</span> <span class='ocrx_word' id='word_1_335' title='bbox 833 3766 1062 3846; x_wconf 75' lang='lat' dir='ltr'>cousrsurrus,</span> <span class='ocrx_word' id='word_1_336' title='bbox 1084 3793 1288 3848; x_wconf 79' lang='lat' dir='ltr'>nrcmrsaus,</span> <span class='ocrx_word' id='word_1_337' title='bbox 1310 3788 1385 3832; x_wconf 76' lang='lat' dir='ltr'>cor-</span> 
     </span>
     <span class='ocr_line' id='line_1_41' title="bbox 402 3871 1171 3930; baseline 0.005 -19"><span class='ocrx_word' id='word_1_338' title='bbox 402 3871 511 3928; x_wconf 80' lang='lat' dir='ltr'>srars,</span> <span class='ocrx_word' id='word_1_339' title='bbox 533 3872 735 3928; x_wconf 68' lang='lat' dir='ltr'>renuamus,</span> <span class='ocrx_word' id='word_1_340' title='bbox 757 3874 974 3930; x_wconf 78' lang='lat' dir='ltr'>uscusurrus,</span> <span class='ocrx_word' id='word_1_341' title='bbox 1002 3875 1171 3918; x_wconf 79' lang='lat' dir='ltr'>vurasmo.</span> 
     </span>
    </p>
   </div>
   <div class='ocr_carea' id='block_1_3' title="bbox 59 4000 1392 4660">
    <p class='ocr_par' dir='ltr' id='par_1_3' title="bbox 136 4000 1387 4090">
     <span class='ocr_line' id='line_1_42' title="bbox 136 4000 1387 4090; baseline 0.01 -31"><span class='ocrx_word' id='word_1_342' title='bbox 136 4006 145 4049; x_wconf 79' lang='lat' dir='ltr'>t</span> <span class='ocrx_word' id='word_1_343' title='bbox 224 4000 311 4061; x_wconf 88' lang='lat' dir='ltr'>Dum</span> <span class='ocrx_word' id='word_1_344' title='bbox 331 4001 412 4065; x_wconf 87' lang='lat' dir='ltr'>haec</span> <span class='ocrx_word' id='word_1_345' title='bbox 433 4003 467 4065; x_wconf 91' lang='lat' dir='ltr'>in</span> <span class='ocrx_word' id='word_1_346' title='bbox 489 4002 582 4081; x_wconf 86' lang='lat' dir='ltr'>Italia</span> <span class='ocrx_word' id='word_1_347' title='bbox 604 4015 783 4090; x_wconf 88' lang='lat' dir='ltr'>geruntur,</span> <span class='ocrx_word' id='word_1_348' title='bbox 812 4005 1006 4067; x_wconf 83' lang='lat' dir='ltr'>Maximinus</span> <span class='ocrx_word' id='word_1_349' title='bbox 1028 4005 1068 4068; x_wconf 84' lang='lat' dir='ltr'>ad</span> <span class='ocrx_word' id='word_1_350' title='bbox 1091 4008 1287 4083; x_wconf 89' lang='lat' dir='ltr'>Orientem,</span> <span class='ocrx_word' id='word_1_351' title='bbox 1314 4008 1387 4088; x_wconf 68' lang='lat' dir='ltr'>post</span> 
     </span>
    </p>

    <p class='ocr_par' dir='ltr' id='par_1_4' title="bbox 146 4077 1389 4258">
     <span class='ocr_line' id='line_1_43' title="bbox 186 4077 1389 4173; baseline 0.007 -31"><span class='ocrx_word' id='word_1_352' title='bbox 186 4077 510 4169; x_wconf 77' lang='lat' dir='ltr'>biennii²augustum</span> <span class='ocrx_word' id='word_1_353' title='bbox 542 4089 716 4172; x_wconf 85' lang='lat' dir='ltr'>imperium</span> <span class='ocrx_word' id='word_1_354' title='bbox 746 4089 836 4168; x_wconf 86' lang='lat' dir='ltr'>fusus</span> <span class='ocrx_word' id='word_1_355' title='bbox 867 4091 1060 4173; x_wconf 82' lang='lat' dir='ltr'>fugatusque</span> <span class='ocrx_word' id='word_1_356' title='bbox 1082 4113 1099 4150; x_wconf 88' lang='lat' dir='ltr'>a</span> <span class='ocrx_word' id='word_1_357' title='bbox 1121 4091 1276 4168; x_wconf 89' lang='lat' dir='ltr'>Licinio,</span> <span class='ocrx_word' id='word_1_358' title='bbox 1307 4085 1389 4172; x_wconf 88' lang='lat' dir='ltr'>apud</span> 
     </span>
     <span class='ocr_line' id='line_1_44' title="bbox 146 4161 1386 4258; baseline 0.005 -31"><span class='ocrx_word' id='word_1_359' title='bbox 146 4183 166 4227; x_wconf 74' lang='lat' dir='ltr'>a</span> <span class='ocrx_word' id='word_1_360' title='bbox 188 4161 324 4227; x_wconf 89' lang='lat' dir='ltr'>Tarsum</span> <span class='ocrx_word' id='word_1_361' title='bbox 345 4172 441 4250; x_wconf 90' lang='lat' dir='ltr'>perit.</span> <span class='ocrx_word' id='word_1_362' title='bbox 488 4172 537 4232; x_wconf 90' lang='lat' dir='ltr'>Ita</span> <span class='ocrx_word' id='word_1_363' title='bbox 558 4182 701 4255; x_wconf 82' lang='lat' dir='ltr'>potestas</span> <span class='ocrx_word' id='word_1_364' title='bbox 724 4172 973 4234; x_wconf 66' lang='lat' dir='ltr'>orbisaomani</span> <span class='ocrx_word' id='word_1_365' title='bbox 990 4173 1303 4258; x_wconf 83' lang='lat' dir='ltr'>duobusquaesi&#39;ta:</span> <span class='ocrx_word' id='word_1_366' title='bbox 1325 4173 1386 4257; x_wconf 91' lang='lat' dir='ltr'>qui,</span> 
     </span>
    </p>

    <p class='ocr_par' dir='ltr' id='par_1_5' title="bbox 59 4246 1392 4660">
     <span class='ocr_line' id='line_1_45' title="bbox 186 4246 1388 4336; baseline 0.007 -28"><span class='ocrx_word' id='word_1_367' title='bbox 186 4246 331 4331; x_wconf 72' lang='lat' dir='ltr'>quamiis</span> <span class='ocrx_word' id='word_1_368' title='bbox 352 4275 412 4333; x_wconf 90' lang='lat' dir='ltr'>per</span> <span class='ocrx_word' id='word_1_369' title='bbox 432 4256 535 4316; x_wconf 83' lang='lat' dir='ltr'>Flavii</span> <span class='ocrx_word' id='word_1_370' title='bbox 557 4277 723 4330; x_wconf 89' lang='lat' dir='ltr'>sororem,</span> <span class='ocrx_word' id='word_1_371' title='bbox 752 4265 884 4336; x_wconf 79' lang='lat' dir='ltr'>nuptum</span> <span class='ocrx_word' id='word_1_372' title='bbox 915 4256 1061 4335; x_wconf 82' lang='lat' dir='ltr'>Licinio,</span> <span class='ocrx_word' id='word_1_373' title='bbox 1093 4261 1233 4320; x_wconf 83' lang='lat' dir='ltr'>connexi</span> <span class='ocrx_word' id='word_1_374' title='bbox 1257 4262 1343 4322; x_wconf 91' lang='lat' dir='ltr'>inter</span> <span class='ocrx_word' id='word_1_375' title='bbox 1360 4274 1388 4317; x_wconf 86' lang='lat' dir='ltr'>se</span> 
     </span>
     <span class='ocr_line' id='line_1_46' title="bbox 136 4336 1391 4426; baseline 0.007 -34"><span class='ocrx_word' id='word_1_376' title='bbox 136 4402 140 4409; x_wconf 36' lang='grc' dir='ltr'>Ι</span> <span class='ocrx_word' id='word_1_377' title='bbox 188 4343 300 4410; x_wconf 89' lang='lat' dir='ltr'>crant,</span> <span class='ocrx_word' id='word_1_378' title='bbox 324 4337 366 4396; x_wconf 93' lang='lat' dir='ltr'>ob</span> <span class='ocrx_word' id='word_1_379' title='bbox 389 4336 533 4401; x_wconf 83' lang='lat' dir='ltr'>diversos</span> <span class='ocrx_word' id='word_1_380' title='bbox 554 4361 661 4400; x_wconf 87' lang='lat' dir='ltr'>mores</span> <span class='ocrx_word' id='word_1_381' title='bbox 682 4350 787 4400; x_wconf 85' lang='lat' dir='ltr'>ta&#39;men</span> <span class='ocrx_word' id='word_1_382' title='bbox 809 4339 903 4400; x_wconf 81' lang='lat' dir='ltr'>anxie</span> <span class='ocrx_word' id='word_1_383' title='bbox 924 4342 1101 4402; x_wconf 87' lang='lat' dir='ltr'>triennium</span> <span class='ocrx_word' id='word_1_384' title='bbox 1123 4356 1310 4426; x_wconf 78' lang='lat' dir='ltr'>congruere</span> <span class='ocrx_word' id='word_1_385' title='bbox 1328 4340 1391 4423; x_wconf 86' lang='lat' dir='ltr'>qui·</span> 
     </span>
     <span class='ocr_line' id='line_1_47' title="bbox 137 4418 1390 4507; baseline 0.008 -31"><span class='ocrx_word' id='word_1_386' title='bbox 137 4434 141 4449; x_wconf 92' lang='grc'><em>·</em></span> <span class='ocrx_word' id='word_1_387' title='bbox 186 4437 273 4479; x_wconf 83' lang='lat' dir='ltr'>vere.</span> <span class='ocrx_word' id='word_1_388' title='bbox 317 4420 464 4505; x_wconf 90' lang='lat' dir='ltr'>Namque</span> <span class='ocrx_word' id='word_1_389' title='bbox 495 4421 542 4482; x_wconf 91' lang='lat' dir='ltr'>illi</span> <span class='ocrx_word' id='word_1_390' title='bbox 571 4433 703 4502; x_wconf 82' lang='lat' dir='ltr'>praeter</span> <span class='ocrx_word' id='word_1_391' title='bbox 724 4418 898 4483; x_wconf 88' lang='lat' dir='ltr'>admodum</span> <span class='ocrx_word' id='word_1_392' title='bbox 920 4448 1032 4504; x_wconf 80' lang='lat' dir='ltr'>magna</span> <span class='ocrx_word' id='word_1_393' title='bbox 1055 4430 1183 4498; x_wconf 86' lang='lat' dir='ltr'>cetera,</span> <span class='ocrx_word' id='word_1_394' title='bbox 1210 4428 1292 4488; x_wconf 87' lang='lat' dir='ltr'>huic</span> <span class='ocrx_word' id='word_1_395' title='bbox 1312 4446 1390 4507; x_wconf 83' lang='lat' dir='ltr'>par-</span> 
     </span>
     <span class='ocr_line' id='line_1_48' title="bbox 59 4497 1390 4591; baseline 0.006 -32"><span class='ocrx_word' id='word_1_396' title='bbox 59 4510 62 4517; x_wconf 92' lang='grc'><strong>’</strong></span> <span class='ocrx_word' id='word_1_397' title='bbox 144 4497 345 4574; x_wconf 69' lang='grc' dir='ltr'><strong>ὅείηιοῃῐει,</strong></span> <span class='ocrx_word' id='word_1_398' title='bbox 374 4512 465 4568; x_wconf 86' lang='lat' dir='ltr'>otea</span> <span class='ocrx_word' id='word_1_399' title='bbox 492 4500 1055 4588; x_wconf 76' lang='lat' dir='ltr'>quidemagrestis,&#39;tantummodo</span> <span class='ocrx_word' id='word_1_400' title='bbox 1083 4510 1199 4571; x_wconf 78' lang='lat' dir='ltr'>inurat.</span> <span class='ocrx_word' id='word_1_401' title='bbox 1244 4513 1390 4591; x_wconf 79' lang='lat' dir='ltr'>Denique</span> 
     </span>
     <span class='ocr_line' id='line_1_49' title="bbox 189 4585 1392 4660; baseline 0.005 -13"><span class='ocrx_word' id='word_1_402' title='bbox 189 4585 417 4653; x_wconf 82' lang='lat' dir='ltr'>Constantinus</span> <span class='ocrx_word' id='word_1_403' title='bbox 437 4589 706 4654; x_wconf 79' lang='lat' dir='ltr'>cunctosbostes</span> <span class='ocrx_word' id='word_1_404' title='bbox 727 4589 856 4654; x_wconf 88' lang='lat' dir='ltr'>honore</span> <span class='ocrx_word' id='word_1_405' title='bbox 878 4606 921 4655; x_wconf 85' lang='lat' dir='ltr'>ac·</span> <span class='ocrx_word' id='word_1_406' title='bbox 935 4594 1078 4656; x_wconf 84' lang='lat' dir='ltr'>fortunis</span> <span class='ocrx_word' id='word_1_407' title='bbox 1093 4596 1301 4660; x_wconf 85' lang='lat' dir='ltr'>manentibus</span> <span class='ocrx_word' id='word_1_408' title='bbox 1313 4592 1392 4658; x_wconf 88' lang='lat' dir='ltr'>texit</span> 
     </span>
    </p>
   </div>
   <div class='ocr_carea' id='block_1_4' title="bbox 0 0 1432 4958">
    <p class='ocr_par' dir='ltr' id='par_1_6' title="bbox 0 0 1432 4958">
     <span class='ocr_line' id='line_1_50' title="bbox 0 0 1432 4958; baseline 0 0"><span class='ocrx_word' id='word_1_409' title='bbox 0 0 1432 4958; x_wconf 95' lang='lat' dir='ltr'> </span> 
     </span>
    </p>
   </div>
  </div>
 </body>
</html>
