2850 4958
91 302 166 397 ⁵¹4
409 290 660 385 nussam
685 290 934 387 consinus

93 483 172 545 num
192 459 227 521 in
249 457 422 529 duodecim
447 478 571 521 menses
598 456 718 519 divisit.
762 458 956 530 Postremo,
986 454 1046 517 nbi
1071 456 1306 539 maximarum

93 545 277 621 reverentia
296 553 329 606 et
348 564 483 605 suorum
505 551 538 603 et
558 540 773 605 finitimorum
795 550 862 603 tres
884 550 915 603 et
936 540 1154 624 quadraginta
1177 560 1308 624 regnas-

94 624 147 690 'set
167 646 289 699 annos,
313 626 408 687 obiit.

136 709 241 772 XXV.
276 708 390 773 Tullus
420 706 577 769 Hostilius
602 706 718 769 exinde
738 728 796 770 rex
822 707 939 769 tertius
964 712 1120 779 creatur,
1157 703 1200 765 ad
1230 704 1305 765 bella

93 792 351 877 promtissimus,
379 791 559 855 animosior
587 790 740 854 Romulo.
785 794 865 853 Cum
889 789 1023 850 Albanis
1050 808 1226 851 armorum
1245 809 1302 847 ne-

91 878 225 959 gotium
248 874 385 948 babuit,
407 873 463 935 scd
484 894 664 953 paucorum
688 895 807 937 cruore
828 893 865 933 ac
886 875 1017 934 fortuna
1043 870 1192 932 linitum.
1233 870 1304 931 Nam

91 958 282 1041 trigeminis
306 957 452 1025 Horatiis
481 956 725 1029 Romanorum,
759 964 793 1018 et
818 956 1000 1038 trigeminis
1023 955 1187 1015 Curiatiis
1205 954 1306 1014 Alba-

92 1062 218 1109 norum
240 1060 295 1103 res
321 1040 387 1101 boc
413 1038 547 1111 foedare
567 1040 806 1112 committitur,
836 1048 873 1102 ut
893 1039 1026 1111 civitas,
1054 1059 1122 1117 pro
1149 1058 1230 1119 qua,
1253 1037 1308 1118 qui

93 1132 302 1208 pugnarent,
335 1124 393 1207 qui
419 1120 592 1197 vicissent,
624 1122 719 1184 alteri
741 1124 928 1202 imperaret.
973 1121 1140 1181 Vicerunt
1164 1121 1307 1192 Horatii,

21 1262 28 1275 .
93 1207 214 1281 Albani
235 1208 295 1269 sub
318 1205 458 1288 imperio
480 1205 627 1267 Romano
650 1206 751 1267 fuere.
794 1206 964 1267 Fidenates
985 1225 1022 1265 ac
1045 1204 1204 1265 Veientes
1225 1225 1310 1283 pro·

96 1290 181 1357 inde.
196 1290 229 1351 in
250 1310 364 1371 agrum
386 1290 568 1351 Romanum
589 1290 746 1369 impetum
767 1290 913 1362 faciunt,
940 1289 1058 1371 quibus
1079 1288 1179 1347 victis
1201 1308 1240 1346 uc
1259 1289 1310 1347 fu·

94 1372 199 1459 gatis,
221 1374 375 1444 Itletium,
398 1372 602 1435 Albanorum
627 1373 833 1445 dictatorem,
856 1372 932 1454 quia
955 1393 992 1433 ex
1014 1370 1153 1433 loedere
1170 1373 1203 1431 in
1218 1372 1309 1435 armis
1350 1420 1352 1427 .

97 1457 240 1531 nocitus,
272 1454 428 1537 proditor
470 1477 520 1516 em
549 1455 725 1517 Romanam
756 1458 896 1517 maximo
922 1454 954 1515 in
976 1454 1170 1515 discrimine
1192 1453 1308 1512 absen-
1350 1470 1352 1477 ·

96 1538 199 1601 tando
227 1538 434 1611 deseruerat,
451 1477 580 1599 brunus
609 1538 777 1621 quadrigis
798 1541 831 1600 iu
853 1539 1016 1599 diversum
1040 1538 1122 1596 actis
1145 1536 1307 1611 alligatam

99 1622 265 1703 discerpi,
296 1622 479 1704 Albamque
511 1620 620 1689 dirui,
653 1643 692 1683 ac
723 1643 834 1682 omnes
863 1621 1006 1681 Albanos
1035 1620 1175 1680 Romam
1198 1619 1306 1680 derebi

96 1705 204 1767 iussit.
249 1704 397 1771 Coelium
418 1712 561 1765 montem
585 1705 670 1765 intra
692 1706 820 1764 moenia
849 1704 985 1777 clausit,
1018 1724 1157 1763 numero
1188 1714 1222 1763 et
1246 1704 1306 1784 ῥο-

96 1788 200 1857 tentia
221 1797 386 1855 crescente
407 1788 522 1849 Roma.
567 1789 646 1849 Cum
669 1784 819 1861 Sabinis,
842 1788 898 1871 qui
921 1788 1039 1867 patriis
1061 1788 1093 1847 in
1117 1786 1253 1847 sedibus
1274 1786 1306 1847 T.

15 1902 19 1907 ·
98 1870 188 1933 :rata
210 1879 361 1951 tempure
381 1879 583 1943 manserant,
606 1868 725 1931 bellum
748 1892 844 1953 grave
864 1872 982 1953 gessit,
1004 1870 1203 1952 hostemque
1227 1870 1307 1931 vicit.

94 1954 237 2019 Domum
256 1952 410 2015 sulmInis-
425 1954 490 2013 ictu
514 1974 587 2013 cnm
608 1961 679 2014 tota
700 1952 799 2014 domo
822 1954 1008 2029 absumtos,
1031 1974 1117 2019 anno
1140 1954 1238 2038 regni
1259 1953 1309 2013 trl·

93 2037 222 2105 resima
245 2034 387 2101 secundo
409 2026 549 2099 interiit.

90 2174 95 2183 .
143 2118 266 2189 XXVI:
299 2118 408 2179 Ancus
431 2118 573 2179 Marcius
598 2116 696 2179 Tullo
718 2119 882 2190 successit,
905 2120 958 2181 vir
976 2138 1057 2200 pace
1079 2128 1113 2180 et
1131 2117 1226 2179 bello
1247 2115 1308 2177 ela·

96 2200 260 2271 missimus,
302 2200 355 2259 Ad
376 2220 465 2260 arma
488 2200 731 2277 etreligionem
755 2211 908 2283 paratus,
943 2202 982 2263 ad
1003 2222 1094 2262 sacra
1116 2203 1260 2283 primum
1281 2208 1308 2258 ct

14 2350 18 2355 ,
92 2282 220 2369 'templa
238 2282 422 2349 condenda
451 2285 661 2365 ornandaque
691 2286 835 2347 animum
862 2285 963 2347 flexit.
1008 2287 1103 2358 Mox,
1139 2306 1243 2366 quum
1264 2302 1308 2343 nes

94 2364 307 2449 postularet,
336 2388 354 2427 s
380 2364 480 2429 sacris
509 2368 549 2427 ad
578 2388 666 2427 arma
699 2370 868 2440 concitus,
901 2368 1052 2429 adversus
1079 2370 1237 2439 Latinos,
1258 2364 1307 2450 qui

97 2450 209 2532 primo
232 2449 265 2517 in
288 2470 361 2513 eum
382 2460 551 2513 moverant
572 2448 678 2523 bella,
701 2473 734 2511 se
754 2452 915 2525 contulit,
940 2462 971 2513 et
993 2451 1219 2523 Politorium,
1240 2450 1310 2508 uui·

98 2552 174 2613 pum
205 2530 399 2595 Latinorum
428 2532 648 2614 praesidium,
679 2544 842 2616 expugnat
867 2544 899 2595 et
929 2536 1047 2597 diruit:
1080 2554 1262 2616 omnesque
1280 2532 1309 2611 ia

97 2614 226 2698 oppido
252 2609 418 2696 repertos,
439 2617 562 2677 Romae
585 2616 823 2678 cohabitandos
845 2617 994 2679 destinat.
1037 2617 1224 2678 Ianiculum
1246 2614 1310 2675 col-

98 2676 167 2767 lem
188 2698 274 2761 Ilrbi
302 2699 441 2770 adiecit,
462 2710 598 2779 pontem
628 2699 801 2761 sublicium
825 2721 922 2781 supra
945 2701 1093 2763 Tiberim
1117 2702 1219 2763 fecit:
1247 2708 1311 2758 tum

12 2816 16 2823 ·
98 2782 288 2861 Quiritium
309 2783 394 2845 fossa
415 2781 589 2861 perplana
613 2780 772 2856 deducta,
807 2793 838 2844 et
860 2805 972 2846 career
1001 2785 1129 2865 primus
1151 2791 1309 2853 structus;

100 2885 206 2947 usqua
228 2862 271 2927 ad
292 2886 380 2926 mare
402 2863 530 2927 dilatati
554 2863 657 2936 fines,
673 2866 730 2927 ubi
754 2867 865 2927 Tibris
888 2867 919 2925 in
942 2888 1083 2949 aequora
1106 2865 1310 2949 prorumpit,

104 2948 199 3021 ‚Ostia
228 2947 315 3009 urbs
345 2947 498 3019 condita,
534 2956 568 3007 et
596 2947 724 3009 Salinae
759 2952 998 3011 circumiectae.
1052 2948 1197 3011 Feretrii
1230 2949 1312 3008 lovis

101 3028 265 3119 templum
286 3031 492 3111 ampliatum.¹
520 3032 668 3090 Decessit
684 3032 789 3093 Ancus
805 3055 887 3093 anno
903 3035 993 3116 regni
1010 3033 1166 3093 vicesimo
1184 3041 1312 3115 quarto.

103 3184 106 3189 ¹
143 3104 285 3195 Xllllll.
299 3166 303 3177 .
317 3113 448 3174 Priscus
470 3113 686 3196 Tarquinius,
709 3138 726 3176 a
749 3116 936 3196 Tarquiniis
957 3116 1111 3177 Etruriae
1133 3119 1312 3197 profectus,

98 3197 216 3275 exinde
238 3218 375 3279 reguum
398 3206 548 3276 occupat.
596 3196 673 3257 Cum
689 3198 810 3259 Latinis
827 3201 852 3259 is
867 3199 988 3260 bellum
1002 3199 1131 3272 babuit,
1150 3210 1184 3258 et
1200 3197 1314 3278 Apiola

100 3282 185 3359 urba
210 3288 414 3363 expugnata,
441 3278 564 3360 ingenti
593 3280 713 3359 praeda
734 3284 844 3345 victor
864 3281 972 3343 rediit.
1017 3282 1127 3342 Ludos
1150 3282 1310 3343 instituit:

102 3365 236 3441 filicum
257 3364 382 3436 erexit:
411 3360 562 3425 adversus
584 3363 721 3424 Sabinos
741 3365 904 3428 centurias
925 3368 1034 3427 auxit:
1067 3366 1191 3447 quibus
1214 3356 1311 3426 induss

102 3446 187 3521 stria
212 3469 250 3519 ac
282 3447 407 3509 viribus
437 3445 618 3527 superatis,
649 3469 737 3508 arma
769 3455 901 3509 cruenta
932 3448 1076 3525 bostium
1100 3450 1134 3508 in
1158 3450 1313 3509 Anienem

100 3529 364 3603 flumeneiicere
384 3529 485 3589 fecit:
516 3550 600 3610 quae
622 3550 660 3589 ex
679 3529 804 3590 Aniene
825 3533 859 3591 in
880 3528 1028 3594 Tiberim
1051 3531 1204 3605 devecta,
1228 3553 1314 3591 suns-

103 3634 176 3695 mae
196 3612 355 3679 rictoriae
376 3612 524 3671 nuntium
547 3612 668 3673 Romae
689 3610 846 3674 detulero.
888 3611 1012 3676 lterum
1029 3613 1149 3675 eisdem
1164 3615 1313 3675 hostibus

103 3694 397 3777 secundo·nroelio
418 3694 560 3767 attritis,
585 3693 756 3756 Collatiam
779 3696 936 3785 oppidum
960 3700 1008 3759 sui
1031 3698 1228 3758 inrislecit.
1255 3698 1312 3755 Ro·

103 3801 189 3869 qnam
219 3798 405 3861 regressus,
443 3777 559 3856 insigni
590 3778 695 3860 gloria
727 3780 852 3857 primus
884 3782 1084 3863 triumphat,
1119 3790 1156 3840 ut
1183 3780 1311 3863 quidam

102 3862 337 3933 uolunt:.cum
361 3860 479 3942 priscis
502 3860 623 3922 Latinis
648 3860 735 3921 bello
763 3872 837 3923 orto
865 3868 1035 3946 pugnavit:
1069 3865 1191 3945 quibus
1219 3864 1307 3925 devi-

102 3946 167 4089 stis
189 3964 301 4025 pacem
327 3942 436 4014 dedit,
459 3942 491 4013 vi
514 3952 547 4005 et
567 3945 664 4005 armis
688 3945 818 4025 oppidis
844 3951 969 4024 captis,
998 3947 1198 4021 Corniculo,
1226 3949 1309 4007 Ficu-

118 4050 171 4100 ea,
196 4028 361 4103 Cameria,
398 4027 642 4101 Crustumerio,
666 4026 851 4100 Ameriola,
875 4031 1051 4103 Medullia,
1076 4041 1109 4092 et
1134 4032 1309 4091 Nomento.

101 4112 240 4191 Densum
263 4111 304 4171 ad
325 4109 472 4189 aedilicia
491 4110 624 4193 publica
646 4110 803 4184 intentus,
827 4134 921 4174 muro
944 4114 1087 4175 lateritio
1112 4114 1312 4175 circuitUr-

101 4180 198 4273 bem:
231 4192 329 4257 valles
360 4194 585 4259 interiacentes
616 4192 771 4267 collibus,
804 4204 975 4278 ceteraque
1005 4198 1077 4259 loca
1108 4197 1251 4269 limosa,
1282 4203 1313 4254 et

103 4266 256 4365 'sordibus
287 4272 435 4359 repleta,
464 4274 584 4337 cloacis
615 4287 740 4336 raeuat.
795 4278 832 4337 ln
864 4280 1027 4361 Capitolio
1060 4280 1147 4341 Iovis
1180 4281 1311 4359 aedem,

100 4357 227 4441 ,grando
254 4379 358 4441 opus,
392 4360 592 4434 inceptaret:
621 4368 688 4418 tum
713 4361 901 4424 interfectus
923 4387 940 4425 a
962 4364 1089 4425 duobus
1111 4364 1198 4424 Anci
1220 4362 1311 4433 filiis,

104 4442 192 4531 qhiit
213 4461 296 4509 anno
319 4443 410 4524 regui
433 4443 599 4502 tricesimo
623 4443 772 4519 septimo.

146 4523 303 4586 XXVIII.
322 4520 465 4585 vServius
489 4524 613 4585 Tullius
637 4533 712 4601 post
734 4525 822 4587 hasne
842 4548 898 4587 rex
921 4529 1116 4603 declaratur,
1134 4551 1171 4591 ex
1187 4528 1311 4608 captiva

63 4612 66 4619 '
103 4616 139 4689 ai
163 4607 268 4697 quili
294 4608 433 4681 femina,
456 4630 472 4667 a
497 4608 671 4671 Corniculo
696 4608 819 4690 oppido
841 4612 972 4693 gravida
996 4614 1133 4688 educta,
1158 4615 1193 4675 iu
1215 4610 1308 4675 domu
