2850 4958
442 203 917 338 uisnaounnn'
1248 287 1276 362 ⁷

59 422 169 494 Paulli
176 470 187 500 ,
217 427 275 510 qui
295 423 338 488 sd
363 425 486 487 Cannas
507 447 604 510 quam
625 428 877 510 tergiversantes
897 426 1117 509 perniciosam
1143 425 1277 511 Reipu-

60 513 167 576 hlicae
191 529 340 593 pugnam
369 509 510 597 inierat,
539 518 607 572 tam
627 512 761 572 fortiter
782 512 816 572 in
839 532 876 571 ea
896 519 1039 572 mortem
1060 509 1200 572 obierat.
1244 513 1277 573 Is

59 595 183 659 Persen
198 591 321 676 ingenti
341 591 485 675 proelio,
507 594 595 676 apud
617 595 730 655 urbem
751 594 883 654 nomine
902 592 1050 674 Pydnam
1070 594 1104 653 iu
1118 593 1279 656 Macedo-

59 680 128 753 nia,
158 677 266 738 fusum
296 676 509 758 fugatumque
547 678 661 738 castris
692 678 801 750 exuit·,
841 674 1020 759 deletisque
1050 677 1118 738 eius
1148 679 1276 759 copiis,
1327 687 1329 692 ’

60 760 257 831 destitutum
278 758 366 820 omni
389 779 446 842 spe
476 760 586 843 co'e'git
606 781 623 821 e
645 759 836 835 Macedonia
861 762 1050 844 profugere.
1095 761 1200 837 Quam
1221 761 1280 823 ille

58 845 232 928 linquens,
255 843 289 905 in
311 841 448 904 insulam
469 841 728 907 Samothraciam
750 843 919 925 profugit,
942 842 1122 925 templique
1140 864 1173 905 se
1195 843 1278 906 reli-

44 927 155 1012 ‘gioni
183 925 365 1009 supplicem
393 923 565 1003 credidit,
586 925 638 988 Ad
668 948 744 989 eum
765 919 823 987 Cn.
847 927 1003 990 Octavius
1030 926 1186 999 Praetor,
1220 929 1279 1012 qui

60 1008 160 1073 classi
179 1016 352 1093 praeerat,
372 1009 544 1091 pervenit,
566 1017 600 1072 et
619 1010 748 1071 ratione
763 1009 864 1094 magis
882 1031 980 1092 quam
992 1010 1025 1071 vi
1039 1012 1219 1093 persuasit,
1241 1019 1279 1072 nt

60 1114 98 1156 se
126 1093 350 1154 Romanorum
381 1091 457 1153 fidei
483 1094 715 1155 committeret.
758 1094 808 1153 Ita
838 1093 984 1170 Paullus,
1001 1096 1177 1156 maximum
1207 1117 1279 1157 no-

59 1176 326 1258 bilissimumque
356 1196 466 1258 regem
496 1177 530 1236 in
556 1177 726 1259 triumpho
751 1176 856 1239 duxit.
888 1179 963 1255 Quo
986 1198 1070 1238 anno
1094 1187 1126 1238 et
1147 1178 1280 1241 Octavii

57 1260 234 1323 Praetoris
255 1257 388 1332 navalis,
412 1268 445 1319 et
465 1257 574 1321 Anicii
595 1282 707 1344 regem
726 1258 921 1343 Illyriorum
943 1259 1097 1321 Gentium
1118 1269 1192 1321 ante
1207 1282 1281 1322 cur-

60 1366 141 1408 rum
170 1342 306 1425 agentis,
330 1342 490 1424 triumphi
513 1345 606 1405 fuere
630 1342 788 1405 celebres.
830 1345 937 1422 Quam
965 1343 1009 1404 sit
1039 1342 1166 1405 assidua
1190 1346 1280 1405 emi-

62 1425 174 1505 nentis
192 1430 333 1489 fortunae
354 1445 463 1487 comes
485 1424 619 1502 invidia,
642 1427 872 1510 altissimisque
892 1425 1193 1500 adhaereat,etiam
1215 1428 1282 1490 hoc
1368 1499 1373 1510 .

64 1508 181 1593 colligi
199 1518 333 1591 potest,
357 1508 469 1591 quod,
492 1530 592 1590 quum
615 1510 722 1570 Anicii
745 1511 942 1594 Octaviiqu'e
963 1508 1168 1591 triumphum
1183 1532 1280 1572 nemo

64 1593 317 1674 interpellaret,
349 1594 463 1666 luere,
492 1591 548 1674 qui
578 1591 686 1653 Paulli
718 1590 879 1672 impedire
910 1591 1158 1654 obn-iterentur:
1190 1595 1282 1655 cuius

63 1685 196 1738 tantum
209 1675 341 1758 priores
358 1674 514 1748 excessit,
537 1673 589 1736 vel
606 1675 828 1757 magnitudine
849 1676 936 1760 regis
956 1675 1080 1748 Persei,
1104 1673 1155 1736 vel
1175 1679 1284 1758 specie

63 1759 344 1833 simulacrorum,
373 1757 426 1821 vel
456 1755 556 1817 modo
587 1756 756 1838 pecuniae,
785 1767 823 1819 ut
850 1757 903 1820 bis
932 1757 1051 1819 millies
1073 1759 1193 1819 centies
1215 1760 1281 1822 HS.

64 1843 198 1904 aerario
214 1838 407 1918 contulerit,
430 1847 464 1902 et
484 1839 631 1905 omnium
652 1848 897 1904 anteactorum
918 1842 1197 1925 comparationem
1211 1865 1284 1904 am-

64 1925 235 2012 plitudine¹
253 1926 383 1987 vicerit.
744 1972 746 1981 .

100 2009 152 2089 X.
184 2008 251 2069 Per
274 2008 360 2069 idem
380 2015 529 2089 tempus,
551 2027 653 2090 quum
673 2004 857 2070 Antiochus
876 2004 1076 2091 Epiphanes,
1098 2006 1156 2090 qui
1180 2005 1286 2067 Athe-
1395 2074 1398 2091 Ι

68 2092 123 2154 nis
143 2090 355 2174 Olympicum
377 2089 565 2162 inchoavit,
587 2100 658 2151 tum
678 2110 737 2154 rex
757 2093 885 2171 Syriae,
900 2089 1124 2153 Ptolemaeum
1144 2111 1285 2170 puerum

68 2174 287 2237 Alexandriae
317 2173 505 2247 obsideret,
537 2174 652 2235 missus
684 2184 733 2236 est
754 2175 795 2236 ad
817 2197 891 2237 eum
910 2172 1035 2256 legatus
1053 2175 1099 2234 M.
1120 2172 1285 2254 Popillius

65 2259 209 2332 Laenas,
241 2259 299 2340 qui
330 2258 459 2328 iuberet
479 2257 612 2338 incepto
631 2256 802 2322 desistere.
829 2258 1046 2338 Mandataque
1067 2258 1230 2336 exposuit,
1253 2264 1288 2317 et
1384 2278 1386 2285 ’

66 2363 202 2424 regem,
226 2339 483 2402 deliberaturum
505 2361 538 2402 se
561 2339 740 2417 dicentem,
766 2341 1025 2421 circumscripsit
1045 2338 1192 2417 virgula,
1215 2340 1287 2398 ius-

65 2426 178 2508 sitq'ue
199 2425 293 2507 prius
313 2444 507 2506 responsum
528 2423 679 2498 reddere,
701 2447 798 2508 quam
820 2424 1031 2507 egrederetur
1053 2422 1146 2485 finito
1169 2443 1286 2484 arenae

65 2505 206 2570 circulo.
249 2507 305 2568 Sic
336 2507 569 2591 cogitationem
606 2510 729 2592 regiam
761 2507 906 2572 Romana
933 2507 1061 2569 disiecit
1082 2505 1285 2579 constantia3

66 2590 306 2674 obeditumque
333 2590 485 2669 imperio.
530 2590 633 2652 Lucio
665 2601 773 2659 autem
803 2588 944 2664 Paullo,
970 2610 1105 2674 magnae
1125 2588 1285 2653 victoriae

64 2674 241 2754 compoti,
266 2683 409 2757 quatuor
429 2671 489 2734 filii
509 2673 614 2735 fuere.
656 2674 705 2734 Ex
728 2676 768 2736 iis
790 2674 884 2748 duos,
906 2682 984 2735 natu
1004 2675 1162 2746 maiores,
1184 2691 1286 2732 unum

61 2756 107 2821 P.
126 2756 288 2838 Scipioni,
311 2747 350 2816 P.
373 2755 519 2816 Africani
540 2755 630 2829 filio,
653 2756 738 2820 nihil
759 2778 798 2819 ex
818 2766 953 2838 paterna
969 2758 1135 2818 maiestate
1154 2765 1287 2835 praeter

63 2839 214 2923 speciem
234 2839 398 2910 nominis,
421 2837 635 2919 vigoremque
657 2839 864 2923 eloquentiae
886 2840 1053 2912 retinenti,
1076 2841 1110 2900 in
1128 2839 1286 2920 adoptio-

63 2943 146 2987 nem
167 2918 315 2992 dederat,
338 2918 478 2980 alterum
499 2918 603 2980 Fabio
625 2923 782 2993 Maximo:
807 2923 887 2983 duos
909 2922 1055 2985 minores.
1073 2931 1163 2987 natu.
1185 2941 1287 3001 prae-

63 3012 231 3077 textatos,
266 3024 331 3086 quo
361 3011 513 3085 tempore
541 3001 716 3064 victoriam
745 3005 880 3086 adeptus
912 3013 979 3075 est,
1013 3004 1135 3083 [domi]
1156 3002 1285 3063 babuit.

65 3090 103 3151 Is
125 3108 227 3172 quum
248 3085 283 3148 iu
304 3085 465 3147 concione
487 3094 577 3146 extra
600 3084 734 3160 urbem,
755 3107 850 3148 more
870 3087 1056 3158 maiorum,
1078 3095 1152 3146 ante
1173 3085 1289 3146 trium·

65 3171 131 3257 phi
154 3170 257 3244 diem,
281 3162 431 3230 ordinem
452 3173 603 3230 actorum
629 3189 765 3230 suorum
790 3177 1084 3243 commemoraret,
1106 3171 1194 3230 Deos
1215 3168 1286 3230 im-

66 3253 227 3318 mortales
256 3261 410 3334 precatus
425 3258 506 3324 est,
538 3264 592 3327 ut,
623 3257 656 3312 si
678 3257 749 3337 quis
772 3273 885 3312 eorum
905 3251 1060 3316 inuaderet
1081 3254 1226 3335 operibus
1245 3275 1287 3313 ao

51 3337 226 3422 fortunas
246 3356 344 3411 suae,
373 3341 408 3396 in
427 3338 531 3417 ipsum
556 3335 669 3416 potius
695 3339 877 3408 saevirent,
907 3357 1003 3418 quam
1032 3340 1067 3396 in
1096 3337 1288 3418 Rempubli-

67 3436 156 3482 cum.
201 3419 292 3496 Quae
312 3439 389 3494 vox,
416 3416 517 3481 veluti
540 3418 676 3481 oraculo
699 3417 831 3494 emissa,
853 3439 969 3502 magna
987 3427 1083 3500 parte
1105 3442 1178 3482 eum
1200 3442 1286 3502 spo-

64 3501 165 3568 liavts
198 3501 362 3585 sanguinis
393 3501 456 3565 sui.
497 3500 580 3563 Nam
609 3501 748 3564 alterum
775 3521 814 3564 ex
846 3501 934 3575 suis,
972 3523 1055 3583 quos
1095 3503 1130 3564 in
1161 3502 1286 3565 familia

67 3585 272 3660 retinuerat,
302 3584 439 3660 liberis,
464 3592 539 3647 ante
558 3606 681 3667 paucos
702 3584 885 3668 triumphi,
907 3583 1046 3645 alterum
1066 3596 1143 3660 post
1162 3586 1285 3660 panci-

72 3688 150 3732 ores
164 3668 274 3731 amisit
293 3666 374 3730 dies.
410 3667 536 3749 Aspera
549 3669 637 3731 circa
651 3668 733 3731 haec
747 3678 896 3746 tempora
911 3688 1046 3728 censura
1059 3666 1166 3729 Fulvii
1178 3667 1287 3730 Flacci

70 3759 109 3836 et
127 3748 292 3817 Postumii
313 3750 426 3814 Albini
446 3753 521 3830 fuit.
566 3752 698 3835 Quippe
718 3750 826 3812 Fulvii
849 3750 999 3813 Censoris
1020 3752 1134 3825 frater,
1158 3759 1190 3810 et
1203 3751 1285 3831 qui-

68 3833 150 3900 dem
173 3855 331 3911 consors,
355 3836 412 3898 Cn.
433 3835 589 3910 Fulvius,
611 3835 732 3897 Senatu
752 3843 861 3895 motus
883 3842 931 3895 est
951 3833 991 3895 ab
1015 3834 1056 3896 iis
1078 3835 1284 3897 Censorihus.

112 3917 188 3989 XI..
216 3917 299 3982 Post
327 3918 450 3982 victum
483 3928 679 4002 captumque
708 3918 849 3990 Persen,
882 3917 938 3998 qui
970 3916 1186 4000 quadriennio
1209 3926 1288 4000 post

64 4002 108 4065 in
128 4001 237 4065 libera
258 4000 407 4064 custodia
433 4001 536 4065 Albae
557 4001 713 4076 decessit,
733 3999 1055 4082 Pseudophilippus,
1077 4001 1283 4063 emendacio

69 4084 246 4149 simulatae
265 4084 405 4170 originis
425 4085 618 4170 appellatus,
641 4085 698 4170 qui
719 4105 753 4146 se
771 4082 964 4165 Philippum
985 4085 1158 4169 regiaeque
1173 4085 1285 4167 stirpis

67 4168 357 4253 ferebat„quum
389 4179 472 4233 esset
491 4167 646 4243 ultimae,
675 4169 773 4230 armis
796 4173 953 4249 occupata
974 4167 1186 4244 Macedonia,
1218 4170 1283 4230 ad-

63 4250 188 4315 'snmtis
209 4251 524 4336 regniinsignibus,
552 4253 647 4317 brevi
667 4252 860 4316 temeritatis
881 4269 1002 4328 poenas
1022 4248 1133 4313 dedit:
1149 4255 1286 4337 quippe

69 4332 117 4414 Qs
140 4334 291 4399 Metellus
311 4335 473 4413 Praetor,
496 4335 550 4399 cui
571 4357 611 4398 ex
630 4336 754 4399 virtute
780 4332 984 4399 Macedonici
1004 4355 1123 4396 nomen
1145 4336 1286 4400 inditum

71 4422 169 4495 erat,
191 4414 517 4500 praeclara'rictoria
541 4420 648 4503 ipsum
669 4430 863 4504 gentemque
881 4419 1067 4501 superavit,
1099 4427 1132 4480 et
1152 4419 1286 4495 immani
1318 4416 1319 4419 ’

72 4500 176 4565 etiam
197 4500 345 4567 Achaeos
366 4498 527 4568 rebellare
549 4504 743 4589 incipientes
763 4504 851 4569 fudit
870 4501 950 4565 acis.
983 4501 1048 4564 Hic
1069 4509 1117 4563 est
1136 4502 1286 4567 Metellus

72 4578 325 4684 Macedonicus,
363 4587 433 4677 qut,
454 4588 627 4675 porticus,
669 4608 754 4674 quas
787 4589 893 4657 tuere
914 4584 1134 4651 circumdatae
1164 4586 1288 4652 duabus
