2834 4950
433 296 623 387 magun.
655 304 761 383 cae.
787 306 898 389 xxi.
1197 339 1268 393 aas

57 468 157 557 qnod
190 468 250 532 sub
280 451 461 555 gladiatore
490 470 573 535 duce
604 474 772 559 oportuit,
811 474 880 535 stne
913 468 1069 538 missione
1095 470 1275 563 pugnatum

57 564 120 618 est.
168 552 344 636 Spartacus
366 556 436 639 ipse
460 555 625 641 inprime
647 559 775 647 agmine
794 557 973 629 fortissimo
993 557 1160 643 dimicans,
1180 565 1273 648 quasi

57 638 269 723 imperator,
294 655 420 701 occasus
441 646 500 702 est.
617 728 620 733 Ι

454 838 723 909 CAPUT
763 840 855 903 XXI.
924 830 928 837 ’

447 992 569 1037 BELLUM
590 993 696 1035 cmm
720 994 903 1043 mutum

107 1138 193 1202 Hoc'
210 1138 323 1202 deerat
341 1158 442 1201 unum
461 1138 580 1222 populi
600 1139 736 1205 Romani
757 1144 872 1220 malis,
895 1147 961 1208 iam
982 1156 1021 1211 ut
1039 1150 1109 1233 ipse
1133 1151 1220 1214 intra
1242 1171 1278 1215 se
1299 1168 1317 1213 x

57 1221 282 1307 parricidiale
303 1220 404 1285 telum
433 1221 523 1287 domi
550 1224 746 1309 stringeret3
780 1228 869 1290 etin
888 1228 982 1293 Urbe
1003 1234 1110 1296 media
1132 1254 1170 1295 ac
1186 1237 1276 1308 foro,

57 1306 163 1449 quasi
189 1326 308 1381 arena,
337 1304 422 1367 cisc's
443 1312 516 1367 cuni
541 1307 685 1382 civibus,
706 1308 904 1393 gladiatorio
924 1334 1018 1377 more
1032 1310 1278 1380 concurrerent.

97 1388 237 1472 equiore
257 1390 365 1450 auimo
387 1396 563 1473 utcumque
582 1392 724 1465 ferrem,
746 1393 773 1454 si
793 1393 916 1475 plebeii
939 1394 1058 1475 duces,
1087 1407 1143 1461 aut
1165 1400 1193 1461 si
1213 1421 1280 1462 no·
1300 1419 1321 1463 a

58 1470 177 1545 biles,
206 1469 284 1533 mali
311 1470 424 1532 saltem
448 1472 601 1533 ducatum
624 1472 738 1536 sceleri
771 1477 1008 1556 praebuissent.
1057 1482 1144 1544 Tum
1175 1502 1279 1557 vcro,

63 1556 146 1637 (pro
172 1555 297 1615 facinus
309 1549 334 1632 i)
355 1554 412 1635 qui
435 1551 520 1616 viril
570 1556 603 1617 ui
623 1555 858 1639 imperatores!
890 1554 1020 1624 decora'
1033 1572 1066 1627 et
1091 1574 1281 1627 ornamenta

66 1637 192 1699 saeculi
214 1637 276 1710 su'i,
302 1637 424 1699 Marius
447 1644 480 1699 et
501 1576 612 1712 Sulla,
635 1639 776 1721 pessimo
796 1642 936 1704 facinori
952 1666 1041 1707 suam
1057 1649 1153 1709 etiam
1169 1636 1281 1731 digni-t

65 1728 173 1781 tatem
195 1718 428 1803 praebuerunt.
473 1720 615 1793 Tribus,
641 1728 678 1783 ut
698 1721 745 1783 sic
766 1720 923 1799 dixerim,
944 1726 1106 1791 sideribus
1124 1728 1324 1813 agitatumss

68 1804 141 1867 eat':
167 1803 294 1885 ²primo
320 1802 386 1864 levi
407 1800 457 1883 [et
476 1804 624 1884 modico]
650 1804 792 1866 tumultu
815 1807 937 1891 magis,
983 1811 1281 1886 cambellanus

69 1888 163 1969 ipsos
189 1886 346 1948 duntaxat
372 1906 539 1947 armorum
564 1885 661 1949 duces
684 1886 876 1949 subsistente
899 1894 1051 1954 saevitia:
1077 1912 1155 1956 mox
1180 1890 1280 1965 at'ro'-
1301 1895 1326 1971 4

69 1970 143 2033 tius
171 1978 204 2031 et
220 1968 413 2045 ardentius,
435 1990 497 2051 per
515 1970 617 2032 totius
640 1970 763 2031 viscera
787 1970 921 2033 Senatus
942 1986 1106 2058 grassante
1123 1976 1278 2039 victoria:

68 2052 223 2127 ultimum
242 2073 311 2113 non
332 2052 467 2113 civicam
487 2052 599 2127 modo,
622 2052 678 2114 sed
697 2052 852 2116 hostilem
873 2076 1005 2140 quoque
1019 2060 1144 2122 rabiem
1163 2082 1282 2144 super·
1303 2057 1324 2120 5

70 2149 218 2221 gressum
243 2142 320 2208 est3·
338 2156 437 2217 quum
457 2156 622 2197 armorum
641 2137 737 2197 furor
758 2137 859 2199 totius
879 2138 992 2203 Italiac
1013 2142 1139 2204 viribus
1157 2144 1285 2205 nitere-

70 2226 159 2293 tur,·
173 2218 317 2301 eousque
339 2218 423 2279 odiis
449 2219 683 2291 saevientibus,
712 2216 815 2281 donec
835 2218 992 2298 deessent,
1015 2224 1073 2307 qui
1089 2224 1284 2287 occideren-
1317 2220 1320 2225 ’

69 2311 141 2365 tur.
184 2302 320 2363 Initium
343 2309 376 2361 ct
398 2321 506 2361 caussa
529 2300 631 2374 belli,
654 2300 859 2381 inexplebilis
876 2304 1156 2369 honorum'Marii
1169 2310 1283 2383 fames,
1304 2307 1327 2370 6

71 2384 153 2449 tium
183 2384 344 2447 decretam
375 2381 483 2445 Sullae
506 2384 708 2463 provinciam
739 2384 884 2467 Sulpicia
908 2387 981 2472 lege
1010 2388 1177 2452 sollicitat.
1220 2388 1287 2453 Sed

72 2468 248 2549 impatiens
279 2464 419 2529 iniuriae
450 2469 558 2529 statim
592 2465 681 2528 Sulla
707 2466 853 2551 legiones
876 2464 1087 2556 circumegit:
1117 2471 1288 2555 dilatoque

70 2550 288 2624 Mithridate,
321 2548 489 2631 Esquilina
518 2550 709 2629 Collinaque
739 2558 838 2632 porta
858 2552 1032 2637 ¹geminum
1062 2568 1176 2640 agmen
1198 2555 1288 2619 Urbi

71 2632 208 2711 lnfsidit.
250 2630 332 2694 Inde
354 2653 455 2715 quum
477 2632 625 2694 consulto
649 2631 813 2714 Sulpicius
834 2640 867 2695 et
889 2634 1111 2700 Albinovanus
1137 2638 1286 2702 obiecis-
1307 2661 1330 2724 7

72 2722 146 2781 ient
168 2723 312 2779 catervas
320 2718 334 2789 ',
362 2714 521 2798 sudesque
542 2725 575 2778 et
595 2732 669 2776 saxa
693 2714 838 2798 undique
859 2738 877 2775 a
898 2720 1068 2803 moenibus
1092 2716 1129 2782 a'c
1150 2722 1215 2785 tela
1237 2721 1291 2785 ia-

58 2808 249 2863 cerentur:
281 2798 352 2881 ipsc
374 2806 509 2881 quoque'
533 2797 690 2861 iaculatus
712 2797 865 2860 incendio
883 2798 970 2861 viam
990 2804 1091 2883 fecit,
1114 2824 1291 2888 arcemque

70 2882 255 2967 'etpitolih
279 2902 361 2964 quae
381 2883 523 2953 Poenos,
547 2900 693 2964 quaeque
715 2878 826 2942 Gallos
848 2881 944 2943 etiam
968 2882 1111 2957 Senonas
1133 2895 1289 2961 eraserat,

76 2948 170 3063 'qps'si
191 2964 351 3047 captivam
371 2965 481 3026 vietor
501 2962 631 3025 insedit.
673 2962 759 3024 Turn
781 2981 820 3025 ex
841 2958 1150 3027 consultoS'e'natus
1171 2962 1333 3043 adver-8

77 3048 175 3113 uariis
192 3046 345 3109 hostibus
366 3046 538 3120 iudicatis,
570 3046 604 3107 in
624 3050 829 3129 praesentem
853 3041 1037 3107 Tribunum
1063 3046 1210 3129 aliosque
1230 3048 1291 3111 di-

76 3150 189 3195 versae
209 3130 374 3205 factionis,
397 3133 469 3191 iure
490 3128 646 3190 saevitum
662 3136 720 3189 est.
753 3128 894 3190 Marium
913 3128 1043 3191 servilis
1057 3130 1135 3213 fuga
1150 3132 1289 3207 exemit3

78 3212 179 3293 immo
203 3214 341 3276 fortuna
367 3212 461 3275 alteri
491 3210 580 3273 hello
612 3208 800 3274 reservavit.
846 3208 999 3273 Cornelio
1032 3212 1155 3286 Cinna,
1186 3212 1336 3298 Cnaeo'g

57 3296 222 3361 ¹(lotario
259 3295 482 3369 Consulibus,
520 3294 604 3356 male
639 3292 795 3355 obrutum
827 3294 1009 3355 resurrexit
1032 3294 1240 3371 incendium,
1263 3304 1297 3358 et

81 3380 217 3467 quidem
243 3378 283 3440 ab
311 3379 459 3461 ipsorum
482 3376 669 3450 discordia,
700 3398 800 3459 quum
825 3373 866 3437 de
887 3376 1099 3453 revocandis,
1129 3400 1212 3461 quos
1234 3378 1297 3441 Se-

78 3460 312 3527 natus'hostes
332 3462 547 3535 iudicaverat,
570 3458 611 3521 ad
630 3459 791 3541 populum
813 3458 1005 3524 referretur.
1037 3460 1149 3525 Cincta
1164 3462 1340 3545 quidemxo

78 3546 200 3631 gladiis
227 3545 404 3619 concione,
434 3541 490 3607 sed
509 3542 736 3617 vincentibus,
767 3541 885 3625 quibus
904 3562 969 3624 pax
991 3551 1024 3605 et
1043 3545 1136 3623 quies
1157 3548 1297 3627 potior,

104 3630 243 3717 refugus
269 3628 379 3711 patria
400 3647 456 3689 sua
480 3625 580 3687 Cinna
601 3627 751 3711 confugit
773 3623 814 3686 ad
835 3632 957 3707 partes.
999 3625 1098 3705 Redit
1121 3626 1168 3703 ab
1184 3624 1301 3689 Africa

75 3646 230 3786 {ierim
261 3709 354 3772 clade
373 3711 500 3772 maior:
523 3708 684 3793 siquidem
709 3726 838 3778 carcer,
861 3708 1115 3789 catenae‚'fuga,
1137 3706 1299 3781 exsilium,

72 3790 357 3861 bonificaverant
377 3792 579 3878 dignitatem.
623 3790 739 3875 It'aque
760 3786 801 3849 ad
821 3806 942 3852 nomen
962 3790 1045 3851 tanti
1059 3788 1123 3851 viri
1135 3786 1202 3852 late'
1217 3804 1345 3855 con-rt

75 3864 254 3945 carritum:
288 3875 420 3939 servitia
453 3877 530 3955 (pro
551 3875 640 3935 nefas
649 3869 673 3951 l)
703 3878 736 3934 et
757 3870 919 3951 ergastula
940 3881 1129 3935 armantur:
1152 3881 1186 3934 et
1204 3872 1303 3936 facilc
1352 3882 1359 3896 ’

74 3952 213 4025 invenit
234 3959 535 4023 exercitum-miser
555 3957 747 4039 imperator.
783 3952 899 4051 Itaque
911 3954 945 4016 vi
958 3954 1099 4038 patriam
1114 3968 1345 4039 reposcamus

76 4044 173 4109 unde
195 4042 228 4105 v'i
249 4043 359 4105 fuerat
378 4041 548 4124 expulsus,-
568 4048 698 4122 poterat
719 4033 825 4099 videri
845 4055 919 4096 mre
943 4054 1052 4119 agere,
1073 4036 1139 4099 nisi
1160 4058 1306 4101 caussam
1332 4106 1337 4113 ,

76 4118 179 4191 mam
200 4125 335 4195 saevitia
356 4129 596 4205 corrumperet.
640 4119 705 4183 Sed
726 4139 824 4205 quum
844 4114 920 4179 Diis
938 4114 1196 4203 hominibusque
1217 4120 1307 4182 infe-

76 4220 155 4275 stus
180 4208 329 4282 rediret,
351 4208 461 4270 statim
481 4207 591 4287 primo
613 4206 738 4288 impetu
760 4202 859 4266 cliens
881 4206 915 4261 et
936 4196 1063 4264 alumna
1081 4204 1187 4266 Urbis
1210 4202 1306 4265 Ostia

76 4290 228 4359 nefanda
257 4300 366 4374 strage
395 4290 566 4373 diripitur.
608 4289 688 4349 Mox
719 4288 754 4347 in
782 4284 910 4346 Urbem
938 4282 1148 4369 quadruplici
1178 4276 1348 4369 agminerb

77 4376 246 4441 intratur.¹
286 4374 437 4437 Divisere
468 4370 580 4455 copias
616 4368 740 4441 Cinna,
777 4366 924 4441 Marius,
963 4365 1093 4441 Carbo,
1126 4364 1308 4431 Sertorius.

81 4450 156 4523 Hie
176 4466 352 4541 postquam
373 4474 486 4517 manus
511 4454 615 4515 omnis
638 4448 769 4513 Octavii
790 4446 924 4526 depulsa
945 4446 1095 4511 laniculo
1119 4454 1179 4525 est,
1197 4448 1308 4509 statim

87 4542 135 4606 sd
153 4540 346 4689 principum
376 4537 508 4602 caedem
539 4538 632 4619 signo
664 4534 762 4605 dato,
794 4528 961 4614 aliquanto
986 4528 1132 4605 saevius,
1177 4552 1248 4592 uam
1270 4537 1310 4591 ut

189 4620 286 4688 unica
313 4624 386 4704 [aut
416 4621 452 4685 in
482 4619 663 4699 Cimbrica]
695 4616 778 4681 urbe
807 4613 962 4762 saevitpr.
1007 4614 1141 4681 Octavii
1187 4613 1362 4683 nasama

880 4719 897 4761 a
