2850 4958
178 266 258 345 sco
378 338 385 353 ,
461 260 658 343 ssxrus
683 259 930 343 scamus
954 258 1176 357 uonna¹
1216 210 1219 215 ’

170 431 442 505 memoravimus,
471 430 579 494 acrius
600 428 754 515 urgebat,
788 429 1026 514 quasi-partito·
1045 426 1215 511 imperio,
1247 435 1380 505 cuncta,

172 537 256 598 quse
276 525 365 579 trans
385 515 483 596 Alpes
505 514 629 576 Galliae
647 521 734 588 sunt,
756 514 947 575 Constantio
971 513 1163 585 commissa,
1185 510 1304 575 Africa
1317 515 1379 575 lta·

170 600 281 683 linque
300 598 480 672 Herculio;
503 597 694 683 lllyricique
716 617 774 658 ora
796 596 940 679 adusque
961 596 1060 658 Ponti
1082 598 1206 657 fretum
1238 595 1379 673 Galerio;

128 679 279 746 tressera
300 681 452 743 Valerius
473 681 658 742 retentavit.
702 681 788 741 Hinc
809 679 950 765 denique
969 679 1056 762 parti
1078 678 1196 740 Italiae
1223 678 1380 743 invectum

127 756 374 829 &tributorum
400 766 512 850 ingens
539 762 669 826 malum.
712 763 794 827 Nam
825 784 926 847 quum
949 764 1053 824 omnis
1079 761 1192 824 eadem
1216 764 1379 827 functione

107 858 116 871 ⁸
168 848 404 931 moderataque
424 855 546 931 ageret,
568 869 633 930 quo
657 846 816 909 exercitus
839 856 937 930 atque
952 846 1151 928 Imperator,
1173 848 1236 928 qui
1259 866 1378 929 semper

169 940 228 994 aut
247 931 385 993 maxima
405 939 500 1016 parte
520 929 674 1004 aderant,
696 929 739 990 ali
761 939 910 1010 possent3
936 928 1149 1015 pensionibus
1170 928 1310 991 inducta
1330 932 1379 994 lex

168 1034 267 1078 nora.
307 1015 401 1093 Quae
430 1033 506 1075 saue
537 1013 671 1075 illorum
701 1022 887 1094 temporum
917 1012 1076 1075 modestia
1107 1010 1318 1087 tolerabilis,
1349 1013 1380 1074 in

127 1094 351 1182 &perniciem
371 1094 532 1178 processit
552 1096 604 1158 his
624 1097 884 1179 tempestatibus.
925 1094 1082 1164 Ibterim.
1112 1094 1215 1158 losio
1240 1096 1380 1158 Alexan-

170 1181 278 1245 driam
300 1183 475 1262 profecto,
498 1180 667 1262 provincia
689 1179 812 1242 credita
834 1178 1032 1241 Maximiano
1056 1179 1207 1255 Caesari,
1235 1181 1303 1254 uti,
1322 1202 1381 1241 re-

166 1261 256 1327 lictis
288 1263 433 1337 finibus,
467 1262 501 1324 in
531 1263 802 1344 Mesopotamiam
833 1261 1109 1347 progrederetur,
1147 1260 1192 1325 ad
1230 1263 1379 1325 arcendos
1413 1316 1415 1323 .

127 1340 344 1421 deersarum
367 1348 519 1430 impetus.
561 1347 590 1408 A
615 1347 688 1429 quis
708 1346 818 1428 primo
849 1345 993 1426 graviter
1022 1353 1177 1418 rexatus,
1213 1355 1378 1409 contracto

170 1431 343 1493 ooufestim
373 1429 519 1495 exercitu
544 1450 562 1491 e
585 1430 745 1491 veteranis
770 1451 809 1490 ac
834 1429 1019 1504 tironibus,
1049 1450 1110 1514 per
1136 1427 1331 1491 Armeniam
1349 1429 1378 1492 iu

169 1512 282 1574 hostes
302 1513 490 1575 contendit:
516 1534 599 1597 quae
620 1515 723 1575 ferme
744 1513 812 1574 sola
834 1535 890 1575 seu
919 1512 1050 1574 facilior
1072 1511 1229 1574 uincendi
1252 1514 1304 1574 via
1324 1520 1374 1575 est.

127 1589 321 1680 'o’BDenique
342 1596 463 1659 ibidem
484 1598 642 1659 Narseum
665 1616 774 1679 regem
794 1595 1013 1681 inditionem
1036 1595 1184 1679 subegit:
1218 1595 1316 1658 simul
1334 1596 1374 1657 li-

127 1675 270 1741 36beros
290 1680 509 1763 coniugesque
530 1680 687 1741 staulam
709 1679 844 1762 regiam.
867 1678 977 1739 -Adeo
999 1679 1130 1752 victor,
1159 1686 1200 1739 ut
1221 1679 1255 1741 ni
1280 1679 1375 1740 Vale-

170 1763 258 1837 rius,
280 1763 371 1825 cuius
390 1772 472 1824 nutu
495 1765 602 1825 omnia
624 1762 836 1848 gerebantur,
860 1762 1020 1826 incertum
1043 1784 1106 1844 qua
1128 1783 1262 1837 caussa,
1284 1764 1375 1824 abnu-

128 1839 269 1928 37isset,
298 1843 435 1908 Romani
466 1847 567 1908 fasces
589 1847 622 1907 in
652 1845 856 1928 provinciam
887 1866 1004 1907 novam
1031 1847 1213 1913 ferrentur.
1261 1846 1372 1910 verum
1413 1872 1415 1900 ι

171 1950 248 2012 pars
274 1938 435 1990 terrarum
459 1937 567 1990 tamen
596 1930 692 1993 uobis
713 1929 831 1990 utilior
852 1928 1014 2011 quaesita:
1046 1950 1129 2011 quae
1151 1951 1258 2012 quum
1279 1931 1371 1993 acrius
1412 1951 1415 1989 l

171 2020 410 2095 reposcuntur,
432 2010 556 2073 bellum
576 2032 688 2074 recens
709 2020 894 2093 susceptum
911 2018 975 2084 est,
997 2032 1093 2094 grave
1112 2011 1289 2074 admodum
1303 2016 1371 2095 per
1412 2037 1415 2071 ι

127 2088 408 2175 58niciosumque.
450 2092 494 2154 As
518 2095 550 2154 in
579 2093 728 2178 Aegypto
752 2093 941 2183 Achilleug,
973 2094 1062 2157 facili
1084 2097 1223 2179 negotio
1248 2097 1367 2179 pulsus,
1412 2117 1415 2153 l

128 2172 292 2260 bgpoenas
313 2175 387 2239 luit.
431 2174 497 2238 Per
517 2175 661 2237 Africam
683 2184 790 2258 gestae
809 2198 861 2239 res
880 2177 953 2259 puri
969 2176 1089 2251 mod03
1112 2178 1245 2263 solique
1261 2181 1366 2242 Carau-
1411 2177 1415 2237 l

172 2258 222 2321 sio
244 2260 413 2321 remissum
435 2258 558 2320 insulae
579 2260 774 2341 imperium,
805 2269 980 2344 postquam
1000 2260 1094 2323 iussis
1117 2283 1155 2322 ac
1178 2260 1374 2326 munimento
1412 2285 1415 2317 ι

127 2332 356 2500 fincolarum'
376 2350 491 2419 contra
513 2350 622 2423 gentes
648 2343 818 2406 bellicosas
843 2346 1067 2427 opportunior
1085 2343 1233 2408 habitas.
1280 2349 1368 2426 Quen
1411 2383 1415 2404 .

189 2430 249 2486 'ane
278 2426 431 2489 sexennio
461 2434 538 2507 post
566 2424 709 2503 Allectus
738 2428 871 2490 nomine
900 2426 979 2489 dolo
1010 2429 1241 2493 circumvenit.
1292 2431 1367 2515 Qui,

170 2528 272 2590 quum
294 2509 362 2572 eius
382 2508 540 2592 permissu
564 2519 707 2571 summae
731 2511 779 2573 rei
800 2520 975 2592 praeesset,
998 2511 1201 2595 flagitiorum
1225 2522 1261 2577 et
1277 2515 1315 2577 ob
1336 2531 1367 2574 ea
1412 2537 1415 2569 ι

128 2586 289 2666 49ωοπῒίο
308 2592 507 2665 formidine,
537 2615 599 2675 per
619 2591 722 2653 scelus
747 2593 919 2675 imperium
949 2603 1141 2657 extorserat.
1188 2597 1266 2675 Quo
1289 2617 1368 2660 usum
1412 2616 1415 2654 ῑ

170 2673 285 2748 brevi,
319 2676 543 2749 Constantius,
574 2674 830 2758 Asclepiodoto,
864 2677 920 2759 qui
947 2678 1166 2761 praetorianis
1191 2681 1367 2744 Praefectus
1412 2703 1415 2736 a

127 2754 341 2837 &praeeram
362 2781 435 2823 cum
457 2767 551 2841 parte
572 2757 680 2821 classis
703 2781 741 2820 ac
761 2759 926 2841 legionum
947 2762 1146 2843 praemisso,
1171 2763 1307 2827 delevit.
1335 2763 1368 2825 u

134 2902 136 2906 .
168 2840 294 2903 interea
321 2844 405 2905 caesi
433 2842 678 2915 Marcomanni,
713 2843 960 2926 Carporumque
983 2845 1072 2905 natio
1094 2847 1254 2908 translata
1278 2848 1366 2911 omnis

169 2922 203 2984 in
224 2933 372 2988 nostrum
392 2924 518 2997 solum3
541 2925 632 2987 cuius
654 2926 724 2986 fere
745 2947 820 3006 pars
842 2927 905 2986 iam
927 2937 996 2989 tum
1011 2927 1050 2988 ab
1066 2927 1247 2992 Aureliano
1267 2934 1289 2970 ⁴¹
1304 2939 1368 2994 erat

126 3004 283 3090 ddNeque
302 3011 430 3071 minore
451 3007 559 3070 studio
581 3007 670 3089 pacis
691 3006 793 3070 officia
813 3009 921 3071 vincta
940 3008 1068 3093 legibus
1093 3013 1320 3094 aequissimis,
1338 3032 1365 3075 ac

168 3100 297 3154 remoto
317 3091 482 3174 pestilenti
503 3091 792 3153 frumentariorum
811 3090 945 3178 genere,
968 3115 1110 3175 quornm
1130 3117 1218 3159 nunc
1239 3098 1367 3183 Agentes

124 3167 280 3250 ffirerum
306 3174 463 3237 simillimi
490 3182 576 3235 sunt.
619 3175 684 3254 Qui
717 3197 816 3257 quum
841 3175 881 3236 ad
912 3178 1147 3259 explorandum
1173 3179 1366 3245 adn'untian⁴

166 3256 330 3341 dumque,
353 3257 410 3341 qui
431 3259 518 3320 forte
540 3259 574 3320 in
594 3260 773 3339 provinciis
799 3269 906 3321 motus
928 3262 1138 3334 exsisterent,
1162 3264 1308 3328 instituti
1326 3266 1368 3326 vi·

166 3337 347 3413 darentur3
380 3340 570 3423 compositis
604 3342 728 3403 nefarie
758 3340 1067 3418 criminationibus,
1103 3345 1228 3410 iniecto
1260 3349 1366 3431 passim

165 3431 276 3495 metu,
297 3421 475 3505 praecipue
495 3424 713 3486 remotissimo
737 3426 877 3507 cuique,
896 3437 1024 3497 ¹cuncta
1045 3427 1142 3491 foede
1164 3428 1367 3512 diripiebant.

163 3503 271 3566 Simul
293 3525 418 3566 annona
440 3504 542 3569 Urbis
565 3527 602 3581 ac
628 3506 918 3587 stipendiariorum
942 3511 1025 3573 salus
1050 3512 1144 3585 anxie
1167 3513 1368 3600 solliciteque

164 3584 300 3661 babita3
326 3588 619 3670 honestiorumque
638 3598 820 3671 provectu,
844 3600 877 3651 et
900 3604 1072 3670 econtra,
1094 3596 1271 3678 suppliciis
1292 3599 1368 3674 llari·

164 3670 244 3733 tiosi
273 3670 450 3754 cuiusque,
482 3672 640 3734 virtutum
671 3670 777 3734 studia
806 3674 1018 3758 augebantur.
1061 3679 1271 3751 Veterrimae
1292 3665 1366 3746 reli-

165 3754 280 3839 giones
311 3756 660 3817 castissime‘cnratae.
704 3755 752 3817 Ac
782 3756 902 3818 mirum
932 3762 965 3822 in
996 3761 1129 3825 modum
1150 3764 1248 3827 novis'
1271 3767 1368 3829 adhuc

166 3836 329 3921 cultisque
357 3838 526 3900 moenibus
556 3840 700 3900 Romana
726 3839 866 3902 culmina
894 3849 926 3903 et
948 3852 1076 3908 ceterae
1097 3845 1196 3908 urbes
1218 3852 1363 3922 ornatae}

123 3914 306 3997 'semime
338 3921 521 4005 Carthago,
556 3921 804 3995 Mediolanum,
840 3925 1042 3997 Nicomedis.
1094 3930 1210 4012 Neque
1247 3942 1368 4005 mmen,

165 4023 267 4084 quum
287 4003 368 4066 haec
389 4012 541 4090 agerent,
573 4016 663 4070 extra
685 4007 764 4068 vitia
785 4007 929 4070 fuerunt.
973 4010 1105 4093 Quippe
1127 4013 1299 4079 Herculius
1317 4014 1368 4077 li-

162 4083 278 4148 bidine
307 4094 396 4149 tanta
427 4088 603 4172 agebatur,
635 4098 673 4152 nt
701 4111 743 4151 ne
769 4090 809 4151 ab
842 4092 993 4155 obsidum
1019 4096 1219 4178 corporibus
1244 4097 1370 4185 quidem

165 4169 266 4232 animi
293 4167 400 4231 labem
433 4174 673 4252 comprimeret.
716 4173 851 4237 Valerio
882 4198 999 4255 parum
1029 4177 1165 4257 honesta
1191 4182 1224 4242 in
1255 4184 1369 4247 amicos

26 4263 35 4271 ’
72 4283 75 4289 ·
165 4251 244 4314 fides
266 4263 353 4329 erat,
381 4253 619 4318 discordiarum
640 4277 714 4316 sane
735 4266 844 4332 metus
879 4260 954 4321 dum
976 4264 1262 4337 enuntiationibus
1281 4286 1369 4350 posse

120 4335 280 4420 47agitari
302 4338 443 4419 quietem
464 4340 623 4401 consortii
643 4349 746 4423 putat.
790 4342 875 4405 Hinc
897 4345 992 4405 etiam
1018 4352 1109 4428 quad
1131 4355 1303 4413 truncatae
1322 4351 1370 4412 vi·
1413 4410 1415 4421 ,

162 4440 213 4480 res
244 4422 364 4495 Urbis,
398 4421 568 4483 imminuto
600 4426 846 4504 praetoriarum
871 4427 1060 4490 cohortium
1090 4440 1189 4513 atque
1218 4433 1369 4496 inarmis
1413 4428 1415 4477 ἶ

163 4503 442 4580 vulginumerot
473 4527 539 4586 quo
570 4506 700 4589 quidem
730 4505 848 4588 plures¹
871 4511 986 4572 volunt
1010 4513 1184 4595 imperium
1211 4519 1369 4599 posuisse.

121 4583 309 4669 attilamque
342 4587 578 4654 imminentium
610 4598 793 4668 scrutator,
825 4591 882 4658 ubi
914 4595 981 4663 sato
1015 4595 1182 4679 intestinas
1211 4601 1319 4669 clades
1340 4610 1371 4667 et
