2850 4958
48 326 52 333 .
182 278 258 367 aaa
461 260 723 356 renuun-
751 246 1120 379 caria-sss'ss'de

474 442 511 521 ᾖ
576 420 1255 507 carur'xxxu.‘'·'·‘···'

351 576 486 623 tremos
510 580 726 639 veranianus,
749 580 937 651 assuerus,
960 580 1028 625 cuns
1049 538 1221 623 rrunurs.

132 654 148 701 l
174 730 178 737 '
219 710 364 778 Licinius
394 710 606 788 Valerianus,
635 708 858 798 ,cognomento
889 712 1067 788 Colobius,
1096 708 1280 794 imperavit
1298 710 1380 775 unnoi

160 798 388 887 ·quindecim,
410 796 602 880 parentibus
623 807 714 860 onus
736 796 1027 880 splendidissimis,
1051 798 1197 859 stolidus
1219 805 1337 869 tamen,
1359 806 1380 858 et

177 882 456 981 multuminers,
489 899 596 963 neque
624 880 666 942 ad
691 901 783 979 ospsu
816 880 1108 980 aliquempoblici
1132 879 1235 942 oflicii
1262 880 1378 941 consilio

134 989 157 1115 i
178 961 1380 1129 tsstse‘ttt1tttzfft'ttt‘tff·collidit:mvztttsttlftttdttt‘tt

181 1132 418 1217 imperantibus
447 1132 648 1213 Regiltianus
669 1132 703 1192 in
725 1130 848 1193 Moesiai
862 1170 882 1203 ,·
897 1130 1024 1193 Casiius
1043 1130 1203 1193 Latie'uus
1222 1128 1380 1193 Postumus
1415 1162 1417 1173 ·

136 1219 212 1298 Ain
234 1215 352 1291 Gallia,
375 1214 523 1277 Gallieni·
538 1214 607 1277 tilio
632 1214 819 1288 interfecto,
842 1214 1064 1297 Imperatores
1085 1214 1197 1277 effecti
1212 1223 1299 1277 sunt.
1317 1214 1381 1275 Pari
1416 1222 1417 1256 ³

177 1302 277 1363 modo
299 1298 455 1363 Aelianus
476 1298 678 1380 [Laelianus]
700 1297 787 1378 apud
808 1298 1073 1379 Mogontiacum,
1096 1298 1131 1359 iu
1156 1298 1313 1382 Aegypto
1332 1300 1380 1360 Ae
1413 1302 1417 1339 ¹

177 1384 351 1457 milianus,
374 1382 460 1466 apud
482 1382 677 1445 Macedonas
700 1380 841 1455 Valens,
864 1381 1043 1443 Mediolani
1065 1381 1236 1444 Aureolus
1258 1382 1379 1445 domins
1413 1362 1417 1422 l

135 1460 246 1529 bium
267 1468 425 1529 invasere.
467 1464 661 1527 Valerianus
682 1468 762 1529 vero
790 1466 824 1526 iu
845 1462 1083 1546 Mesopotamia
1113 1464 1376 1551 bellamperens,
1413 1456 1417 1476 ⁴

177 1550 343 1632 asapore
371 1546 544 1611 Persarum
572 1569 649 1631 rege
680 1558 873 1635 superatus,
905 1564 981 1609 mor
1012 1548 1110 1609 etiam
1139 1556 1282 1632 captus,
1312 1548 1376 1631 apud

135 1632 318 1698 GPartbos
350 1632 489 1717 ignobili
519 1634 678 1694 servitute
704 1632 887 1696 consenuit.
930 1630 1014 1693 uim
1035 1631 1196 1715 quamdiu
1216 1634 1317 1705 vixit,
1337 1650 1376 1693 rer
1416 1654 1417 1663 ¹

136 1752 142 1767 ι
178 1717 320 1781 eiusdem
343 1714 553 1800 provinciae,
575 1716 748 1793 incurvato
773 1734 826 1789 eo,
848 1713 967 1798 pedem
986 1715 1175 1780 cervicibus
1195 1716 1271 1781 eius
1288 1717 1388 1801 impe·-
1415 1726 1417 1749 ⁴

157 1792 278 1876 ‘nebu
301 1820 421 1887 equum
445 1798 664 1862 consenders
684 1800 802 1863 solitus
823 1807 905 1863 eras.

565 1976 688 2045 G'AP
710 1978 743 2042 U
761 1976 793 2041 Τ
833 1974 992 2041 ΧΧΧΙΙῙ,

695 2111 876 2158 mulmis.

220 2242 387 2313 Gallienus
407 2242 541 2333 quidem
560 2242 596 2311 in
614 2240 691 2311 lo'co
715 2241 860 2310 Cornelii
881 2247 941 2312 filii
957 2243 1015 2310 'sui
1033 2242 1280 2327 Salonianum,
1308 2244 1355 2315 alte
1403 2260 1406 2269 '

127 2362 132 2369 ·
178 2344 252 2399 rum
277 2335 403 2408 filium,
424 2334 638 2415 subrogavit,
659 2332 764 2392 amori
788 2331 924 2396 diverso·
940 2333 1096 2415 pellicum
1116 2334 1278 2409 deditus,
1296 2336 1378 2397 Salo*

177 2422 274 2482 ninae
295 2418 466 2499 coniugis,
493 2425 526 2478 st
547 2415 770 2490 concubinae,
804 2438 898 2498 quam
918 2437 980 2499 per
1000 2418 1216 2498 pactionem,
1251 2438 1380 2480 coneuss

99 2556 104 2579 ,
177 2511 274 2586 parte
303 2501 486 2583 superioris
514 2493 773 2571 Pannoniae,.a
804 2509 916 2581 patre,
950 2496 1267 2575 Marcomannorum
1295 2522 1381 2583 rege,

138 2606 159 2649 2
181 2584 523 2663 matrimonii·specie
547 2590 751 2662 susceperat,
783 2578 900 2663 Pipam
927 2584 1070 2645 nomine.
1111 2576 1301 2647 Novissime
1327 2585 1381 2647 ad·

139 2666 293 2732 avemus
313 2668 495 2730 Aureolum
514 2670 684 2747 profectus
704 2672 763 2725 est.
806 2668 908 2744 Quem
930 2688 1029 2749 quum
1051 2669 1138 2748 apud
1160 2679 1317 2750 pontem,
1335 2672 1381 2751 qui

179 2771 217 2812 ex
249 2751 318 2812 eius
348 2752 479 2815 nomine
508 2749 672 2811 Aureolus
694 2749 910 2831 appellatur,
953 2751 1140 2811 obtentum.
1160 2753 1383 2834 detrusumque

178 2831 399 2895 Mediolanum
429 2832 579 2906 obsedit,
603 2830 744 2894 eiusdem
767 2831 904 2896 Aureoli
925 2842 1111 2896 commento
1128 2858 1147 2895 a
1162 2839 1232 2898 suis
1256 2837 1380 2899 interiit

133 2916 156 2995 jd
175 2915 332 3001 Regnavit
352 2938 452 2979 annos
474 2915 684 2997 quindecim,
703 2936 778 3001 eum
798 2927 897 3005 patre,
913 2926 1060 3005 septem,
1079 2914 1170 2983 selas
1193 2929 1289 2984 oete,
1331 2922 1379 2985 Vi·

175 2999 225 3063 xit
245 3021 346 3064 anuos
367 2999 619 3087 quinquaginta,

451 3132 454 3138 ’
540 3130 986 3269 'carou'ax'xiu
1259 3266 1287 3277 Η

432 3309 609 3372 cosumus,
633 3318 671 3358 nr
692 3314 810 3386 suares
832 3318 901 3363 aros
925 3308 1126 3389 Qummuus'·

216 3442 368 3512 Claudius
389 3438 673 3532 imperavitannis
697 3448 836 3523 duobus.
881 3452 976 3515 Hunc
997 3452 1150 3537 plerique
1168 3460 1292 3537 putant
1311 3453 1382 3519 Gor·

175 3530 272 3593 diano
295 3541 419 3606 satum,
444 3533 521 3594 dum
542 3532 727 3594 adolescens
750 3555 766 3592 a
788 3532 927 3597 muliere
948 3548 1073 3600 matura
1096 3538 1331 3603 institueretur
1349 3534 1381 3599 ad

132 3635 320 3679 aurorem.
363 3616 427 3677 Hic
460 3615 614 3678 Claudius
644 3608 787 3677 ¹Gallieni
805 3608 1178 3684 'morientissententia
1203 3623 1379 3706 Imperator

172 3698 378 3782 designatus,
402 3698 442 3759 ad
465 3722 579 3784 quem,
603 3698 711 3777 Ticini
732 3698 896 3782 positum,
925 3724 986 3787 per
1009 3702 1199 3767 Gallonium
1233 3709 1378 3770 Basilina

172 3781 360 3843 indumenta
381 3783 470 3864 regia
492 3782 668 3858 direxerat,
692 3784 917 3869 exstinctoque
940 3811 957 3848 a
978 3791 1043 3851 suis
1065 3788 1229 3864 Aureolo,
1251 3790 1380 3872 receptis

170 3863 377 3945 legionibus,
398 3868 568 3931 adversam
589 3877 718 3950 gentem
739 3866 1007 3933 Alamannorum-¹
1019 3870 1256 3954 baud'pro'cul
1268 3894 1296 3937 a
1314 3876 1375 3935 taen

172 3946 297 4009 Benaco
327 3949 512 4022 dimicans,
549 3959 674 4017 santam
703 3949 952 4017 'multitudinem
979 3952 1083 4031 fadtt,
1113 3967 1158 4017 nt·
1179 3970 1378 4040 aegrepart

129 4027 151 4092 3
171 4028 304 4092 dimidia
324 4032 537 4115 superfuerit.
578 4035 637 4096 His
659 4030 774 4097 diebus
796 4031 990 4102 Victorinus
1011 4061 1146 4124 regnum
1162 4043 1269 4125 cepit.
1294 4035 1378 4103 Clau·

113 4172 118 4183 ,
171 4112 243 4175 dius
264 4136 342 4177 vero
366 4138 465 4199 quum
495 4136 533 4179 ex
557 4119 709 4180 fatalibus
732 4118 856 4193 ¹libris,
885 4144 968 4204 quos
995 4122 1114 4204 ius'pici
1134 4133 1374 4210 ,praeceperat,

171 4199 405 4279 cognovisset,
426 4201 603 4263 sententiae
624 4200 657 4263 in
670 4202 795 4266 'Senatu
820 4202 979 4268 dicendae
1000 4205 1103 4291 primi
1127 4222 1242 4273 morte
1275 4230 1374 4272 reme·
1401 4234 1404 4239 ·

169 4279 259 4341 dium
282 4281 459 4347 desiderari
468 4320 482 4359 ·,
501 4282 691 4367 Pomponio
713 4288 834 4361 Basse,
856 4288 914 4370 qui
935 4300 1018 4353 tone
1036 4297 1128 4364 erat,
1147 4314 1181 4353 ss
1208 4294 1372 4361 offerente,

169 4363 239 4445 ipse
260 4365 359 4427 sitam
381 4389 481 4441 suam,
504 4368 592 4431 haud
614 4392 725 4452 passus
747 4392 901 4452 responsa
922 4373 1089 4449 frustrari,
1103 4375 1193 4437 douo
1209 4376 1372 4458 Reipubli·

170 4467 236 4509 casesv
258 4448 367 4524 dedit3
400 4454 594 4533 praefatus,
618 4454 779 4517 neminem
809 4458 892 4519 tanti
922 4458 1049 4521 ordinis
1076 4460 1206 4540 ‚primas
1240 4463 1372 4528 habere,

127 4527 265 4612 Aquam
288 4532 392 4615 ipsum
415 4536 664 4617 Imperatorem.
689 4536 751 4599 .Ea
772 4559 824 4601 res
845 4541 930 4605 sicut
951 4552 1023 4605 erat
1043 4542 1168 4609 eunctis
1190 4555 1299 4629 grata,
1318 4560 1373 4605 nou

168 4611 246 4678 Diri
266 4617 461 4680 vocabulum
488 4620 589 4699 modo
601 4666 612 4695 ‚
641 4619 699 4683 sed
719 4640 758 4685 ex
779 4643 860 4687 auro
882 4633 1018 4689 statuam
1035 4646 1144 4713 prope
1165 4628 1275 4714 ipsum
1295 4610 1373 4691 Iosit
