2850 4958
484 265 632 355 muna
662 244 921 357 susumus.
1228 276 1300 377 ηε

86 441 149 505 sui
170 462 238 502 non
257 439 369 524 potuit
389 439 571 503 ostendere.
613 443 695 503 Nam
715 463 816 526 quum
837 440 953 504 iisdem
971 439 1191 525 temporibus,
1213 442 1299 524 qui-

85 525 159 589 bus
182 525 273 585 Otho
295 523 431 585 Galbam
451 524 638 600 occiderat,
660 526 757 586 etiam
778 525 930 586 Vitellius
952 522 1055 587 factus
1076 535 1157 587 esset
1177 526 1298 586 aGer-

69 609 286 672 'manicianis
316 608 512 670 exercitibus
539 611 740 689 Imperator,
773 609 859 671 bello
889 616 1004 669 contra
1031 630 1104 688 eum
1124 617 1296 689 suscepto,

87 711 198 776 φιιιω
220 690 307 773 apud
326 692 510 753 Betriacum
537 693 570 753 in
591 692 684 755 Italia
705 691 767 753 levi
789 690 919 774 proelio
941 693 1045 754 rictus
1067 701 1160 765 esset,
1181 692 1299 772 ingen-

83 784 145 837 tes
166 783 272 835 tamen
294 775 405 856 copias
426 773 467 834 ad
487 774 608 838 bellurn
629 776 782 850 haberet,
804 784 920 858 sponte
939 775 1145 858 semetipsum
1162 772 1297 846 occidit,

84 858 281 945 petentibus
311 848 491 930 militibus,
526 879 567 920 ne
595 869 661 922 tam
689 860 756 921 cito
785 858 826 920 de
847 857 927 919 belli
948 859 1136 941 desperaret
1160 865 1297 941 eventu,
1338 852 1345 865 '

87 962 199 1025 quum
218 942 301 1002 tanti
321 962 355 1003 se
384 960 451 1001 non
482 961 549 1003 esse
569 943 723 1017 dixisset,
753 952 791 1003 ut
809 950 946 1024 propter
967 964 1039 1004 eum
1060 941 1157 1003 civile
1176 939 1300 1002 bellum

88 1031 370 1087 commoreretur.
404 1022 600 1087 Voluntaria
618 1034 725 1087 morte
747 1026 842 1100 obiit,
863 1025 1030 1108 trigesimo
1052 1034 1086 1089 et
1105 1033 1219 1087 octuro
1241 1043 1301 1085 ae-
1337 1020 1339 1025 ’

86 1106 172 1169 tatis
194 1126 299 1181 anuo,
321 1107 530 1190 nonagesimo
553 1118 586 1183 et
606 1109 720 1192 quinto
742 1108 873 1191 imperii
895 1109 960 1170 die.

136 1190 264 1250 XVIII.
294 1189 381 1251 Dein
410 1210 641 1266 voraturus
672 1192 812 1272 imperio
833 1192 959 1274 potitus
984 1199 1052 1266 est,
1081 1190 1205 1254 familia
1225 1187 1301 1250 bo-

78 1282 213 1337 aurata
242 1273 358 1356 magis,
396 1294 493 1355 quam
521 1274 638 1337 nobili.
691 1276 775 1336 Nam
801 1284 897 1358 pater
928 1274 996 1337 eius
1026 1296 1093 1336 nou
1123 1272 1301 1334 admodum
1329 1316 1331 1321 ·

86 1355 185 1419 clare
214 1364 328 1428 natus,
364 1365 429 1419 tres
460 1365 567 1420 tamen
598 1357 783 1421 ordinarios
813 1367 953 1442 gesserat
985 1356 1186 1419 Consulatus.
1236 1357 1301 1417 Hic

81 1458 171 1501 cum
192 1438 296 1499 multo
318 1437 479 1501 dedecore
500 1440 683 1524 imperarit,
708 1451 740 1503 et
760 1441 850 1526 gravi
869 1441 1002 1503 saevitia
1019 1438 1185 1512 notabilis,
1200 1459 1302 1520 prae-

73 1522 193 1602 cipue
215 1521 356 1604 ingluvie
379 1531 411 1583 et
430 1523 629 1586 voracitate:
661 1526 785 1608 quippe
807 1546 908 1606 quum
929 1524 970 1584 de
991 1522 1044 1584 die
1064 1542 1159 1605 saepe
1181 1529 1300 1603 quarto

81 1604 152 1666 vel
176 1605 290 1685 quinto
320 1605 447 1668 seratur
477 1606 633 1687 epulatus.
673 1605 850 1670 Notissima
879 1615 969 1667 certe
996 1625 1097 1667 coena
1123 1603 1302 1664 memoriae

80 1688 248 1751 mandata
268 1696 334 1761 est,
357 1710 453 1771 quam
476 1691 506 1752 ei
528 1690 681 1752 Vitellius
702 1692 804 1751 frater
826 1688 994 1761 exhibuit3
1025 1689 1060 1749 in
1090 1709 1171 1769 qua,
1202 1705 1302 1768 super

86 1779 225 1833 ceteros
247 1781 386 1846 sumtus,
409 1771 475 1834 duo
496 1772 599 1835 millia
618 1774 775 1855 piscium,
798 1781 921 1853 septem
943 1772 1049 1833 avium
1070 1769 1172 1831 millia
1194 1789 1303 1851 appo-

86 1854 158 1917 sita
180 1853 365 1915 traduntur.
409 1856 473 1917 Hic
500 1877 601 1939 quum
630 1856 755 1917 Neroni
781 1854 896 1917 similis
918 1876 986 1916 esse
1006 1852 1120 1926 rellet,
1148 1859 1245 1934 atque
1266 1850 1301 1912 id
1343 1865 1345 1870 '

93 1937 177 1998 adeo
200 1939 472 2019 praeseferret,
495 1948 532 1999 ut
554 1940 650 2001 etiam
672 1937 837 2021 exsequias
858 1938 1010 2010 Neronis,
1034 1957 1115 2017 quae
1129 1933 1302 1995 humiliter
1395 1969 1398 1974 ·

91 2019 241 2101 sepultae
268 2022 396 2081 fueraut
409 2067 417 2095 ,
445 2020 647 2099 honoraret,
674 2045 692 2083 a
715 2021 905 2101 Vespasiani
927 2020 1063 2082 ducibus
1086 2017 1211 2079 occisus
1234 2025 1299 2084 est,
1413 2068 1416 2073 .

69 2100 270 2173 *interfecto
300 2104 393 2183 prius
422 2104 566 2178 Sabino,
598 2102 786 2187 Vespasiani
817 2104 1029 2187 Imperatoris
1053 2104 1177 2175 fratre,
1203 2121 1302 2185 quem

94 2204 171 2249 cum
194 2186 355 2267 Capitolio
378 2183 533 2248 incendit.
556 2190 759 2270 interceptus
773 2197 881 2248 autern
896 2195 955 2261 est,
971 2195 1003 2248 et
1020 2207 1094 2247 cum
1108 2205 1224 2267 magno
1240 2180 1303 2244 de-

95 2266 216 2331 decore
240 2277 361 2330 tractus
382 2289 443 2349 per
465 2271 579 2331 urbem
600 2272 735 2333 Romam
754 2270 904 2350 publice,
926 2268 1054 2343 nudus,
1077 2275 1183 2329 erecta
1205 2286 1301 2326 coma

96 2359 131 2413 et
151 2352 278 2433 capite,
308 2353 452 2413 subiecto
482 2351 523 2413 ad
555 2363 697 2415 mentum
728 2353 857 2437 gladio,
888 2361 1033 2414 stercore
1064 2351 1097 2410 in
1121 2348 1247 2410 vultum
1270 2355 1303 2409 et

93 2443 210 2581 pectus
232 2435 271 2495 ab
295 2435 445 2496 omnibus
468 2434 581 2496 obuiis¹
595 2436 769 2518 appetitus.
809 2437 982 2498 Postremo
1005 2430 1188 2516 iugulatus,
1213 2429 1302 2490 etin
1411 2450 1417 2457 ·

128 2517 246 2579 iberim
267 2517 433 2589 deiectus,
457 2518 555 2579 etiam
576 2520 740 2581 communi
762 2519 868 2579 caruit
887 2518 1066 2597 sepultura.
1108 2513 1213 2575 Periit
1234 2534 1302 2572 au-

94 2608 172 2741 ten:1
184 2601 297 2661 aetatis
318 2621 402 2661 anno
422 2600 561 2683 septimo
585 2609 617 2663 et
636 2602 915 2685 quinquagesimo,
931 2599 1062 2682 imperii
1078 2618 1186 2659 mense
1206 2594 1303 2657 VIII.

73 2693 131 2747 et
175 2683 206 2742 ie
230 2692 313 2742 uno.

140 2765 229 2825 XIX.
260 2783 562 2826 nesrssranus
589 2761 668 2825 huic
699 2765 869 2833 successit,
902 2756 1005 2823 iactus
1027 2761 1112 2845 apud
1132 2760 1300 2823 Palaesti-

69 2850 173 2911 Ι’Ἰὶειιι
199 2847 403 2926 Imperator,
435 2847 589 2927 princeps
616 2846 755 2908 obscure
784 2846 915 2929 quidem
945 2854 1060 2917 natus,
1091 2847 1146 2905 sed
1168 2845 1302 2926 optimis

94 2928 358 3003 comparandus,
387 2929 515 3010 privata
545 2930 610 2989 rita
632 2927 783 2999 illustris,
815 2937 852 2989 ut
876 2927 933 3009 qui
955 2949 973 2986 a
996 2927 1130 2988 Claudio
1154 2928 1187 2986 iu
1209 2929 1302 2987 Ger·
1384 2970 1390 2987 .

91 3013 259 3085 ¹maniam,
282 3010 399 3073 deinde
420 3013 454 3074 in
474 3011 673 3082 Britanniam
693 3011 829 3083 missus,
852 3009 964 3071 tricies
988 3006 1092 3071 ethis
1112 3029 1186 3067 cum
1205 3007 1302 3069 hoste

95 3094 304 3168 conflixerit3
328 3094 407 3156 duas
426 3092 636 3155 validissimas
656 3103 789 3176 gentes,
811 3093 873 3155 XX
894 3093 1035 3174 oppida,
1068 3088 1204 3151 insulam
1226 3088 1303 3149 Ve-

94 3185 204 3253 ctem,
227 3178 412 3239 Britanniae
432 3170 637 3259 proximam,
661 3172 800 3259 im'perio
821 3177 967 3237 Romano
984 3174 1152 3236 adiecerit.
1182 3172 1305 3233 Romae

70 3266 73 3271 '
98 3280 136 3321 se
155 3261 189 3321 iu
208 3261 349 3342 imperio
364 3259 622 3323 moderatissime
636 3262 754 3344 gessit:
775 3258 934 3343 pecuniae
946 3268 1070 3319 tantum
1084 3256 1212 3319 avidior
1226 3256 1302 3331 fuit,

69 3340 146 3427 ¹ltu
167 3351 203 3403 ut
225 3365 293 3405 eam
313 3342 395 3405 nulli
422 3344 540 3407 iniuste
564 3345 727 3406 auferret:
757 3365 854 3425 quum
882 3363 981 3423 quum
1005 3342 1092 3403 omni
1114 3339 1304 3421 diligentiae

69 3426 289 3511 'provisione
310 3427 491 3508 colligeret,
513 3435 621 3488 tamen
640 3426 875 3489 studiosissime
893 3425 1104 3509 largiebatur,
1125 3423 1303 3506 praecipue

69 3524 77 3577 ,·
97 3507 330 3593 indigentibus.
372 3513 440 3574 Nec
459 3510 556 3574 facile
575 3519 650 3572 ante
671 3532 745 3573 eum
765 3512 956 3595 cuiusquam
974 3507 1135 3590 principis
1154 3505 1206 3568 vel
1229 3529 1303 3568 mu-

69 3592 158 3657 iior
177 3601 224 3654 est
244 3592 423 3656 liberalitas
443 3602 632 3677 comperta,
662 3593 715 3657 rel
736 3595 865 3656 iustior.
908 3590 1150 3660 Placidissimae
1174 3588 1302 3649 lenita·-

99 3673 167 3746 tis,
189 3684 225 3737 ut
245 3676 302 3758 qui
323 3678 497 3740 maiestatis
549 3697 658 3759 uoqus
679 3686 793 3740 contra
814 3697 848 3739 se
868 3697 943 3740 reos
963 3696 1031 3736 non
1050 3672 1146 3732 facile
1168 3672 1304 3752 puniret

98 3756 188 3819 ultra
209 3759 314 3821 exsilii
334 3774 486 3841 poenam.
525 3699 596 3821 gub
617 3760 681 3821 hoc
703 3759 822 3820 Iudaea
835 3760 981 3820 Romano
1001 3754 1133 3817 accessit
1147 3750 1301 3831 imperim

100 3848 135 3903 et
154 3841 405 3925 Hierosolyma,
436 3864 519 3927 quae
538 3842 603 3905 fuit
623 3844 703 3904 urbs
728 3841 904 3923 clarissima
933 3837 1144 3902 Palaestinae.
1186 3834 1304 3896 Acha-

101 3923 185 3997 iam,
207 3926 359 4007 Lyciam,
379 3926 552 3999 Rhodum,
575 3927 782 4007 Byzantium,
810 3920 961 3996 Samum,
981 3941 1067 4004 quae
1085 3920 1209 3980 liberae
1230 3928 1306 4005 unte

100 4004 168 4068 boc
189 4015 316 4090 tempus
345 4010 494 4085 fuerant,
528 4009 829 4085 itemprraciam,
861 4003 1028 4077 Ciliciam,
1050 4003 1303 4085 Commagenen,

84 4114 87 4119 ·
101 4111 186 4175 quse
199 4092 259 4154 sub
274 4092 406 4176 regibus
420 4093 531 4154 amicis
545 4100 688 4173 egerant,
704 4092 738 4153 in
754 4086 1000 4174 provinciarum
1012 4088 1151 4148 formam
1165 4083 1303 4167 redegit.

141 4174 217 4236 XX.
249 4175 452 4238 Offensarum
474 4185 506 4238 et
529 4174 775 4236 inimicitiarum
803 4175 975 4235 immemor
993 4169 1069 4231 fuit.
1113 4169 1267 4228 Convicia
1286 4188 1306 4226 a

76 4254 79 4259 ’
102 4255 290 4321 caussidicis
320 4269 353 4320 et
372 4258 581 4342 pbilosophis
603 4260 636 4319 iu
657 4278 691 4318 se
711 4256 797 4318 dicta
823 4256 942 4318 leniter
966 4250 1061 4312 tulit:
1094 4249 1229 4331 diligens
1251 4256 1305 4309 ta-

69 4364 74 4421 5
102 4360 178 4403 men
201 4343 365 4404 coercitor
386 4343 576 4425 discipliuae
596 4338 758 4403 militaris.
801 4339 864 4401 Hic
884 4358 958 4400 cum
978 4334 1056 4395 Tito
1078 4332 1146 4393 lilio
1168 4330 1208 4391 de
1221 4332 1306 4393 Ilie-
1397 4334 1402 4343 '

69 4434 77 4443 “
101 4423 279 4505 rbsolymis
298 4427 523 4510 triumphavit.
565 4422 631 4501 Per
650 4421 732 4482 bueo
751 4442 851 4503 quum
866 4419 997 4481 Senatui
1021 4425 1053 4478 et
1073 4413 1218 4498 populo,
1239 4434 1307 4495 po·

101 4517 227 4571 stremo
249 4510 372 4570 cunctis
394 4508 542 4570 amabilis
563 4528 600 4567 ac
622 4503 780 4568 iucundus
802 4511 903 4574 esset,
924 4500 1088 4586 profluvio
1111 4497 1232 4559 ventris
1255 4512 1307 4558 ex-

100 4592 240 4671 stinctus
263 4600 310 4654 est
335 4591 368 4653 in
387 4592 464 4655 rillu
483 4591 645 4677 propria,
667 4589 754 4652 circa
774 4586 928 4661 Sabinos,
948 4606 1072 4649 annum
1088 4583 1325 4662 aetatxuagens
