2850 4958
146 283 225 367 2²4
327 257 818 341 :aarumnnusra
842 259 951 351 aar:
975 204 1220 365 susam:

100 432 123 498 5
143 432 221 496 dum
241 437 494 514 provocatorem
514 426 673 514 singulari
690 425 822 513 proelio
843 425 935 489 vicit.
977 427 1093 490 Muros
1112 428 1249 492 hostilis
1269 432 1340 495 civi-

98 517 217 596 litatis
237 515 362 597 primus
382 510 560 575 adscendit.
591 508 759 577 Tribunus
780 511 814 574 in
834 508 947 573 Africa
966 511 1027 574 sub
1050 515 1109 573 Μ’.
1123 514 1264 576 Manilio
1287 516 1339 576 im-

143 607 320 684 peratore,
351 594 506 658 cohortcs
537 603 613 656 octo
644 590 816 656 obsidione
845 589 977 655 vallatas
1008 595 1149 658 consilio
1177 607 1209 658 et
1233 597 1340 661 virtuts

100 678 301 753 bservavit,
333 700 352 739 a
382 679 500 761 quihus
530 699 653 739 corona
685 675 880 739 obsidionali
911 696 1010 738 aurea
1040 676 1193 740 donatus.
1244 681 1338 758 Quum

142 764 339 826 aedilitatem
360 767 499 846 peteret,
522 760 641 823 Consul
662 768 736 821 ante
756 780 857 822 annos
878 758 966 821 ultro
981 761 1097 836 factas,
1119 754 1338 848 Carthaginem

98 846 120 912 6
140 848 226 909 intra
246 866 301 909 sex
323 866 445 907 menses
465 842 596 907 delerit.
639 843 846 909 Numantiam
860 842 893 903 in
912 841 1078 925 Hispania,
1093 854 1248 907 correcta
1262 847 1337 929 prius

97 929 280 1019 7militum
300 927 594 1011 disciplina,same
614 926 705 988 vicit.
747 926 832 989 Hine
861 925 1086 989 Numantinus.
1132 929 1213 991 Caio
1238 928 1333 993 Laelio
1381 995 1383 1011 ,

143 1012 323 1097 plurimum
344 1033 430 1077 usus.
472 1007 540 1090 [Ad
560 1030 653 1096 reges
674 1008 839 1071 adeundae
857 1008 990 1083 missus,
1011 1009 1077 1073 duo
1099 1031 1236 1094 secum,
1258 1034 1340 1096 prae·
1380 1034 1383 1096 j

98 1095 120 1161 8
141 1106 193 1161 ter
214 1118 299 1169 eum,
321 1116 431 1157 servos
452 1093 574 1174 danic]
618 1092 671 1155 Ob
692 1113 745 1155 res
766 1100 869 1177 gestae
889 1090 1060 1174 superbus,
1077 1095 1268 1157 Gracchum
1281 1098 1339 1161 iuro
1380 1140 1383 1176 ,

140 1201 269 1247 caesum
293 1177 399 1240 videri
421 1176 613 1260 respondit:
637 1175 846 1258 obstrepente
866 1174 1012 1259 populo,
1040 1183 1206 1253 raccant,
1231 1179 1336 1263 inquit,
1379 1210 1383 1262 p

140 1263 253 1347 quibus
273 1263 377 1323 Italia
397 1281 557 1333 nouerca,
579 1281 642 1321 nun
663 1270 770 1320 mater
790 1270 857 1334 αῖς
880 1266 913 1320 et
933 1257 1081 1334 addidit,
1108 1265 1198 1342 Quos
1220 1284 1279 1343 ego
1295 1263 1337 1324 rud

100 1364 264 1433 georona
289 1343 426 1411 vendidi.
471 1343 613 1417 Censor,
640 1340 801 1404 Mummio
823 1339 949 1425 collega
976 1342 1149 1426 segniore,
1178 1343 1214 1406 in
1236 1347 1336 1409 Senatu

140 1429 187 1489 ait
199 1474 208 1502 ,
245 1431 373 1489 Utriram
399 1421 481 1488 mihi
508 1426 669 1508 collegam
690 1435 750 1486 aut
779 1424 963 1497 dedicauit,
994 1436 1054 1485 aut
1082 1448 1148 1487 non
1179 1428 1336 1493 deducatis.

101 1510 297 1594 roSuseepta
328 1510 533 1594 agrariorum
566 1529 698 1593 caussa,
726 1507 816 1570 domi
847 1514 982 1593 repente
1003 1509 1161 1572 exanimis
1183 1510 1334 1588 inventus,

100 1594 299 1657 rrobvoluto
328 1593 435 1676 capite
459 1592 582 1666 elatus,
610 1611 652 1653 ne
679 1588 768 1654 livor
795 1590 828 1652 in
851 1612 911 1654 ore
932 1599 1116 1675 appareret.
1162 1596 1271 1659 Huius
1289 1620 1335 1681 pa-

138 1678 331 1743 trimonium
353 1684 420 1738 tam
441 1677 591 1759 exiguum
610 1673 696 1750 fuit,
717 1683 756 1737 ut
773 1672 900 1740 mn
922 1673 1024 1740 libras
1044 1677 1196 1763 argenti,
1219 1678 1337 1745 dunat
1375 1715 1383 1766 Ι

139 1758 341 1827 semilibram
363 1759 436 1824 auri
456 1757 641 1843 reliquerit.

561 1908 785 1974 CAPUT
825 1906 912 1974 LIX.

538 2014 568 2055 C.
591 2013 754 2058 sosrruws
776 2013 947 2060 fluctant·

180 2108 277 2171 Caius
302 2103 464 2171 Hostilius
483 2105 653 2170 Mancinus
672 2104 814 2171 Praetor
833 2108 1003 2174 adversum
1026 2108 1266 2189 Numantinos,
1284 2129 1336 2175 re-
1377 2145 1383 2181 ι

18 2229 22 2237 ·
139 2193 284 2255 tantibus
305 2190 438 2266 avibus,
460 2199 494 2253 et
513 2190 622 2254 nescio
651 2213 714 2275 qua
734 2211 812 2254 vocs
834 2202 1025 2270 revocante,
1046 2197 1232 2281 profectus,
1254 2216 1335 2280 quum
1377 2233 1383 2270 4

139 2274 180 2338 ad
201 2273 407 2338 Numantiam
429 2273 589 2347 venisset,
612 2272 789 2338 exercitum
808 2272 958 2359 Pompeii
977 2287 1144 2361 acceptum
1163 2281 1336 2363 priuscor-

97 2359 247 2439 erigere
270 2356 437 2430 decrevit,
467 2365 500 2419 et
523 2356 732 2421 solitudinem
752 2354 861 2440 petiit.
903 2356 953 2422 Eo
977 2359 1031 2423 die
1050 2364 1245 2426 Numantini
1264 2364 1337 2425 forte

137 2434 273 2506 sole'mni
296 2448 401 2523 nuptu
422 2438 504 2504 filias
525 2439 697 2503 locabant:
735 2449 768 2502 et
796 2463 892 2505 unam
915 2443 1093 2525 speciosam
1108 2442 1241 2509 dnobus
1258 2466 1339 2507 eom-

137 2526 344 2611 petentibus‚
366 2524 465 2606 pater¹
480 2522 608 2607 puellae
629 2522 852 2588 conditionem
875 2524 970 2600 tulit,
992 2533 1032 2589 ut
1051 2528 1080 2590 ei
1108 2526 1165 2591 illa
1188 2529 1337 2600 nuberet,

96 2610 119 2674 5
139 2610 195 2694 qui
216 2609 320 2671 hostis
339 2607 485 2678 dextram
507 2605 681 2673 retulisset.
722 2606 871 2670 Profecti
893 2609 1046 2685 iuvenes,
1069 2610 1253 2675 abscessum
1274 2612 1338 2673 lto-

139 2713 310 2755 manoram
343 2690 376 2752 in
406 2689 539 2752 modum
562 2691 657 2774 fugae
679 2690 929 2774 properantium
957 2702 1176 2777 cognoscunt:
1213 2717 1280 2758 rem
1306 2690 1341 2755 ud

98 2778 215 2921 genos
238 2776 396 2836 referunt.
438 2773 492 2836 Illi
513 2773 622 2835 statim
644 2782 787 2856 quatuor
807 2773 953 2839 millibus
975 2797 1111 2845 suorum
1131 2777 1250 2859 viginti
1273 2777 1340 2840 mil·
1381 2819 1383 2849 ÷

140 2858 185 2922 lia
205 2858 427 2919 Romanorum
447 2856 647 2920 ceciderunt.
689 2857 880 2932 Mancinus,
912 2867 1046 2922 auctore
1070 2857 1211 2923 Tiberio
1242 2863 1342 2923 Grac·

143 2942 221 3015 cho,
244 2942 425 3017 Quaestore
446 2960 518 3015 suo,
541 2939 574 3002 in
595 2939 682 3017 leges
702 2939 847 3002 hostium
869 2941 985 3005 foedus
1004 2943 1187 3024 percussit:
1207 2937 1279 3028 'quo
1292 2963 1342 3026 per

138 3025 289 3087 Senatum
312 3022 510 3105 improbato,
531 3023 700 3086 Mancinus
721 3022 925 3088 Numantinis¹
948 3025 1088 3101 deditus,
1110 3046 1171 3089 nec
1187 3036 1343 3111 receptus,

139 3109 280 3196 augurio.
299 3108 333 3171 in
354 3114 459 3170 castra
486 3105 658 3183 reductus,
686 3116 875 3192 praeturam
895 3117 1009 3193 postea
1033 3117 1230 3176 consecutus
1251 3119 1308 3175 est.

577 3286 805 3351 CAPUT
845 3287 914 3352 Lx.

531 3391 581 3451 ¹n.
604 3392 758 3436 uuuurus
781 3392 947 3439 scsarcas.

72 3554 80 3565 ,
178 3488 299 3553 Lucius
321 3487 516 3561 Mummius,
537 3484 663 3550 devicta
685 3484 809 3549 Achaia
841 3483 1021 3567 Achaicus,
1057 3486 1212 3555 adversus
1234 3489 1346 3555 Corin·

101 3596 123 3641 a
142 3571 232 3637 tbios
255 3573 389 3647 missus,
411 3569 583 3634 victoriam
603 3569 710 3631 alieno
730 3567 845 3633 labore
859 3571 1037 3655 quaesitam
1058 3573 1247 3658 intercepit.
1271 3574 1345 3637 Nam

142 3680 242 3742 quum
271 3656 345 3719 illos
376 3653 525 3718 Metellus
555 3648 786 3716 Macedonicus
814 3655 902 3737 apud
932 3652 1123 3719 Heracleam
1154 3658 1292 3721 fudisset
1317 3664 1344 3717 et
1381 3717 1383 3727 ,

15 3744 19 3750 ’
146 3743 229 3806 duee
257 3739 402 3804 Critolao
432 3738 717 3822 privassettuum
745 3735 919 3802 lictoribus
943 3739 1106 3824 et'puucis
1128 3742 1292 3824 equitibus
1313 3738 1342 3800 iu
1381 3730 1383 3757 ¹

143 3822 268 3889 Metelli
291 3831 395 3887 eastra
413 3819 607 3906 properavit
633 3827 666 3883 et
687 3820 877 3884 Corinthios
906 3821 993 3906 apud
1015 3823 1255 3907 Leucopetram
1273 3820 1340 3895 vicit
1381 3805 1383 3837 “

146 3908 230 3970 duce
256 3908 381 3981 Diues,
409 3903 467 3989 qui
493 3902 626 3964 domum
650 3903 793 3987 refugit,
826 3925 961 3990 eamque
983 3903 1150 3969 incendit:
1181 3908 1340 3988 coniugem

104 3990 126 4056 5
146 3990 311 4054 interfecit
335 3999 368 4051 et
388 3989 421 4050 in
441 3987 814 4071 ignem-praecipitavit:
841 3986 911 4071 ipse
929 4010 1052 4052 veneno
1075 3987 1215 4055 interiit.
1244 3988 1342 4052 Mam·

147 4074 231 4136 mius
256 4071 449 4134 Corinthum
472 4069 571 4153 signia
597 4068 780 4155 tabulisque
800 4072 971 4154 spoliavit:
994 4072 1231 4159 quibusquam
1250 4081 1343 4137 tutan
1382 4067 1383 4141 Ῐ

146 4157 302 4245 replesset
319 4154 468 4229 ltaliam,
494 4154 528 4217 in
550 4152 684 4216 domum
706 4175 797 4218 suam
816 4155 902 4220 nihil
921 4155 1072 4221 contulit.

568 4306 792 4372 CAPUT
831 4308 917 4372 LXI.

419 4412 453 4465 Q.
478 4409 637 4453 electurus
660 4414 818 4455 METELLUS
839 4407 1072 4456 macenorum&
1144 4442 1146 4447 -

187 4505 347 4586 Quinetus
374 4505 531 4568 Caecilius
560 4506 729 4581 Metellus,
761 4490 923 4570 edomita
943 4510 1136 4573 Macedonia
1158 4510 1344 4576 Macedoni«

136 4611 196 4652 cus
205 4634 216 4665 ,
239 4589 386 4655 Praetor
405 4589 745 4679 Pseudophilippum,
772 4591 829 4677 qui
850 4591 937 4679 idam
956 4594 1263 4665 Andriscusdictus
1282 4601 1340 4666 cst,

947 4668 995 4767 it·
