<?xml version="1.0" encoding="UTF-8"?>
<!DOCTYPE html PUBLIC "-//W3C//DTD XHTML 1.0 Transitional//EN"
    "http://www.w3.org/TR/xhtml1/DTD/xhtml1-transitional.dtd">
<html xmlns="http://www.w3.org/1999/xhtml" xml:lang="en" lang="en">
 <head>
  <title>
</title>
<meta http-equiv="Content-Type" content="text/html;charset=utf-8" />
  <meta name='ocr-system' content='tesseract 3.04.00' />
  <meta name='ocr-capabilities' content='ocr_page ocr_carea ocr_par ocr_line ocrx_word'/>
</head>
<body>
  <div class='ocr_page' id='page_1' title='image "./scriptoreshisto00fiedgoog_0266.png"; bbox 0 0 2850 4958; ppageno 0'>
   <div class='ocr_carea' id='block_1_1' title="bbox 287 214 1264 364">
    <p class='ocr_par' dir='ltr' id='par_1_1' title="bbox 287 214 1264 364">
     <span class='ocr_line' id='line_1_1' title="bbox 287 214 1264 364; baseline 0 -25"><span class='ocrx_word' id='word_1_1' title='bbox 287 214 701 349; x_wconf 60' lang='lat' dir='ltr'>cremamus.</span> <span class='ocrx_word' id='word_1_2' title='bbox 727 252 838 335; x_wconf 81' lang='lat' dir='ltr'>car.</span> <span class='ocrx_word' id='word_1_3' title='bbox 859 254 978 353; x_wconf 66' lang='lat' dir='ltr'>zea..</span> <span class='ocrx_word' id='word_1_4' title='bbox 1092 252 1095 257; x_wconf 83' lang='grc'>’</span> <span class='ocrx_word' id='word_1_5' title='bbox 1186 263 1264 364; x_wconf 65' lang='lat'>⁸³72</span> 
     </span>
    </p>
   </div>
   <div class='ocr_carea' id='block_1_2' title="bbox 10 416 1313 2999">
    <p class='ocr_par' dir='ltr' id='par_1_2' title="bbox 55 416 1313 1259">
     <span class='ocr_line' id='line_1_2' title="bbox 57 416 1306 510; baseline 0.006 -28"><span class='ocrx_word' id='word_1_6' title='bbox 57 419 236 489; x_wconf 78' lang='lat' dir='ltr'>adsereret.</span> <span class='ocrx_word' id='word_1_7' title='bbox 277 419 394 505; x_wconf 81' lang='lat' dir='ltr'>Neque</span> <span class='ocrx_word' id='word_1_8' title='bbox 413 439 505 481; x_wconf 81' lang='lat' dir='ltr'>seem</span> <span class='ocrx_word' id='word_1_9' title='bbox 528 416 775 501; x_wconf 69' lang='lat' dir='ltr'>caumatum</span> <span class='ocrx_word' id='word_1_10' title='bbox 804 441 904 481; x_wconf 90' lang='lat' dir='ltr'>unum</span> <span class='ocrx_word' id='word_1_11' title='bbox 927 417 1130 505; x_wconf 74' lang='lat' dir='ltr'>legionibus,</span> <span class='ocrx_word' id='word_1_12' title='bbox 1152 446 1210 510; x_wconf 86' lang='lat' dir='ltr'>spe</span> <span class='ocrx_word' id='word_1_13' title='bbox 1232 425 1306 490; x_wconf 83' lang='lat' dir='ltr'>into</span> 
     </span>
     <span class='ocr_line' id='line_1_3' title="bbox 58 500 1264 587; baseline 0.004 -21"><span class='ocrx_word' id='word_1_14' title='bbox 58 504 268 567; x_wconf 73' lang='lat' dir='ltr'>Germaniam</span> <span class='ocrx_word' id='word_1_15' title='bbox 293 500 576 587; x_wconf 81' lang='lat' dir='ltr'>transgrediendi,</span> <span class='ocrx_word' id='word_1_16' title='bbox 602 501 743 571; x_wconf 86' lang='lat' dir='ltr'>conchas</span> <span class='ocrx_word' id='word_1_17' title='bbox 769 502 1008 587; x_wconf 87' lang='lat' dir='ltr'>umbilicosque</span> <span class='ocrx_word' id='word_1_18' title='bbox 1021 507 1063 587; x_wconf 81' lang='lat' dir='ltr'>¹in</span> <span class='ocrx_word' id='word_1_19' title='bbox 1085 528 1143 569; x_wconf 87' lang='lat' dir='ltr'>ora</span> <span class='ocrx_word' id='word_1_20' title='bbox 1165 509 1264 571; x_wconf 89' lang='lat' dir='ltr'>maris</span> 
     </span>
     <span class='ocr_line' id='line_1_4' title="bbox 58 583 1307 674; baseline 0.006 -26"><span class='ocrx_word' id='word_1_21' title='bbox 58 588 185 665; x_wconf 71' lang='lat' dir='ltr'>Oceani</span> <span class='ocrx_word' id='word_1_22' title='bbox 206 584 272 670; x_wconf 83' lang='lat' dir='ltr'>legi</span> <span class='ocrx_word' id='word_1_23' title='bbox 293 586 409 649; x_wconf 84' lang='lat' dir='ltr'>iussit:</span> <span class='ocrx_word' id='word_1_24' title='bbox 433 607 534 669; x_wconf 91' lang='lat' dir='ltr'>quum</span> <span class='ocrx_word' id='word_1_25' title='bbox 556 586 625 667; x_wconf 87' lang='lat' dir='ltr'>ipse</span> <span class='ocrx_word' id='word_1_26' title='bbox 645 606 731 647; x_wconf 90' lang='lat' dir='ltr'>nunc</span> <span class='ocrx_word' id='word_1_27' title='bbox 752 583 839 647; x_wconf 88' lang='lat' dir='ltr'>fluxo</span> <span class='ocrx_word' id='word_1_28' title='bbox 864 586 953 665; x_wconf 89' lang='lat' dir='ltr'>cultu</span> <span class='ocrx_word' id='word_1_29' title='bbox 980 588 1186 674; x_wconf 79' lang='lat' dir='ltr'>Venerioque</span> <span class='ocrx_word' id='word_1_30' title='bbox 1206 593 1307 656; x_wconf 86' lang='lat' dir='ltr'>iu·rr</span> 
     </span>
     <span class='ocr_line' id='line_1_5' title="bbox 55 669 1268 751; baseline 0.007 -20"><span class='ocrx_word' id='word_1_31' title='bbox 55 672 215 744; x_wconf 80' lang='lat' dir='ltr'>teresset,</span> <span class='ocrx_word' id='word_1_32' title='bbox 239 691 326 731; x_wconf 89' lang='lat' dir='ltr'>nunc</span> <span class='ocrx_word' id='word_1_33' title='bbox 351 678 493 731; x_wconf 87' lang='lat' dir='ltr'>armatus</span> <span class='ocrx_word' id='word_1_34' title='bbox 513 669 616 751; x_wconf 91' lang='lat' dir='ltr'>spolia</span> <span class='ocrx_word' id='word_1_35' title='bbox 638 691 656 730; x_wconf 89' lang='lat' dir='ltr'>a</span> <span class='ocrx_word' id='word_1_36' title='bbox 677 691 712 732; x_wconf 87' lang='lat' dir='ltr'>se</span> <span class='ocrx_word' id='word_1_37' title='bbox 732 690 799 729; x_wconf 87' lang='lat' dir='ltr'>non</span> <span class='ocrx_word' id='word_1_38' title='bbox 821 689 859 730; x_wconf 86' lang='lat' dir='ltr'>ex</span> <span class='ocrx_word' id='word_1_39' title='bbox 882 669 1090 749; x_wconf 88' lang='lat' dir='ltr'>hominibus,</span> <span class='ocrx_word' id='word_1_40' title='bbox 1111 675 1167 737; x_wconf 91' lang='lat' dir='ltr'>sed</span> <span class='ocrx_word' id='word_1_41' title='bbox 1187 697 1268 738; x_wconf 89' lang='lat' dir='ltr'>coe-</span> 
     </span>
     <span class='ocr_line' id='line_1_6' title="bbox 57 750 1266 838; baseline 0.004 -22"><span class='ocrx_word' id='word_1_42' title='bbox 57 753 192 828; x_wconf 81' lang='lat' dir='ltr'>lestium</span> <span class='ocrx_word' id='word_1_43' title='bbox 214 752 286 837; x_wconf 89' lang='lat' dir='ltr'>capi</span> <span class='ocrx_word' id='word_1_44' title='bbox 311 751 501 835; x_wconf 77' lang='lat' dir='ltr'>dictitaret3</span> <span class='ocrx_word' id='word_1_45' title='bbox 523 750 759 835; x_wconf 85' lang='lat' dir='ltr'>scilicetqnod</span> <span class='ocrx_word' id='word_1_46' title='bbox 778 750 967 814; x_wconf 79' lang='lat' dir='ltr'>huiusmodi</span> <span class='ocrx_word' id='word_1_47' title='bbox 988 752 1266 838; x_wconf 75' lang='lat' dir='ltr'>pisces&#39;fsraecu&#39;-</span> 
     </span>
     <span class='ocr_line' id='line_1_7' title="bbox 57 834 1269 979; baseline 0.006 -82"><span class='ocrx_word' id='word_1_48' title='bbox 57 858 134 911; x_wconf 80' lang='lat' dir='ltr'>rum</span> <span class='ocrx_word' id='word_1_49' title='bbox 156 837 258 911; x_wconf 89' lang='lat' dir='ltr'>dicto,</span> <span class='ocrx_word' id='word_1_50' title='bbox 281 834 355 979; x_wconf 71' lang='lat' dir='ltr'>qpis</span> <span class='ocrx_word' id='word_1_51' title='bbox 375 835 512 918; x_wconf 89' lang='lat' dir='ltr'>augendi</span> <span class='ocrx_word' id='word_1_52' title='bbox 533 836 640 896; x_wconf 90' lang='lat' dir='ltr'>omnia</span> <span class='ocrx_word' id='word_1_53' title='bbox 656 835 798 898; x_wconf 89' lang='lat' dir='ltr'>studium</span> <span class='ocrx_word' id='word_1_54' title='bbox 822 844 883 908; x_wconf 84' lang='lat' dir='ltr'>est,</span> <span class='ocrx_word' id='word_1_55' title='bbox 906 837 1131 919; x_wconf 79' lang='lat' dir='ltr'><strong>Nympharum</strong></span> <span class='ocrx_word' id='word_1_56' title='bbox 1145 840 1269 903; x_wconf 86' lang='lat' dir='ltr'>lumina</span> 
     </span>
     <span class='ocr_line' id='line_1_8' title="bbox 57 917 1310 1009; baseline 0.002 -26"><span class='ocrx_word' id='word_1_57' title='bbox 57 920 248 1002; x_wconf 75' lang='lat' dir='ltr'><strong>accepisset.</strong></span> <span class='ocrx_word' id='word_1_58' title='bbox 325 921 352 979; x_wconf 88' lang='lat' dir='ltr'>is</span> <span class='ocrx_word' id='word_1_59' title='bbox 374 919 486 992; x_wconf 89' lang='lat' dir='ltr'>elatus,</span> <span class='ocrx_word' id='word_1_60' title='bbox 509 917 677 981; x_wconf 90' lang='lat' dir='ltr'>dominum</span> <span class='ocrx_word' id='word_1_61' title='bbox 697 917 775 989; x_wconf 87' lang='lat' dir='ltr'>dici,</span> <span class='ocrx_word' id='word_1_62' title='bbox 798 928 895 1002; x_wconf 91' lang='lat' dir='ltr'>atque</span> <span class='ocrx_word' id='word_1_63' title='bbox 917 920 1041 1004; x_wconf 76' lang='lat' dir='ltr'>insigne</span> <span class='ocrx_word' id='word_1_64' title='bbox 1062 924 1153 1008; x_wconf 91' lang='lat' dir='ltr'>regui</span> <span class='ocrx_word' id='word_1_65' title='bbox 1167 925 1310 1009; x_wconf 79' lang='lat' dir='ltr'>capitiru</span> 
     </span>
     <span class='ocr_line' id='line_1_9' title="bbox 58 1002 1313 1092; baseline 0.006 -28"><span class='ocrx_word' id='word_1_66' title='bbox 58 1014 194 1066; x_wconf 80' lang='lat' dir='ltr'>nectere</span> <span class='ocrx_word' id='word_1_67' title='bbox 214 1010 408 1065; x_wconf 73' lang='lat' dir='ltr'><strong>tentaverat.</strong></span> <span class='ocrx_word' id='word_1_68' title='bbox 451 1003 522 1079; x_wconf 89' lang='lat' dir='ltr'>Qua</span> <span class='ocrx_word' id='word_1_69' title='bbox 544 1023 676 1077; x_wconf 86' lang='lat' dir='ltr'>caussa,</span> <span class='ocrx_word' id='word_1_70' title='bbox 699 1011 833 1063; x_wconf 89' lang='lat' dir='ltr'>auctore</span> <span class='ocrx_word' id='word_1_71' title='bbox 856 1002 1021 1077; x_wconf 78' lang='lat' dir='ltr'><strong>Chaerea,</strong></span> <span class='ocrx_word' id='word_1_72' title='bbox 1052 1007 1157 1081; x_wconf 90' lang='lat' dir='ltr'>moti,</span> <span class='ocrx_word' id='word_1_73' title='bbox 1185 1007 1313 1092; x_wconf 74' lang='lat' dir='ltr'>qui-15</span> 
     </span>
     <span class='ocr_line' id='line_1_10' title="bbox 58 1084 1266 1171; baseline 0.006 -23"><span class='ocrx_word' id='word_1_74' title='bbox 58 1085 122 1149; x_wconf 88' lang='lat' dir='ltr'>bus</span> <span class='ocrx_word' id='word_1_75' title='bbox 141 1087 287 1149; x_wconf 85' lang='lat' dir='ltr'>Romana</span> <span class='ocrx_word' id='word_1_76' title='bbox 308 1086 411 1149; x_wconf 83' lang='lat' dir='ltr'>virtus</span> <span class='ocrx_word' id='word_1_77' title='bbox 433 1084 549 1159; x_wconf 88' lang='lat' dir='ltr'>inerat,</span> <span class='ocrx_word' id='word_1_78' title='bbox 571 1092 659 1146; x_wconf 89' lang='lat' dir='ltr'>tanta</span> <span class='ocrx_word' id='word_1_79' title='bbox 681 1084 827 1167; x_wconf 74' lang='lat' dir='ltr'>pernicie</span> <span class='ocrx_word' id='word_1_80' title='bbox 841 1086 1098 1171; x_wconf 85' lang='lat' dir='ltr'>Rempublicam,</span> <span class='ocrx_word' id='word_1_81' title='bbox 1114 1093 1266 1155; x_wconf 89' lang='lat' dir='ltr'>confosso</span> 
     </span>
     <span class='ocr_line' id='line_1_11' title="bbox 60 1168 1272 1259; baseline 0.003 -27"><span class='ocrx_word' id='word_1_82' title='bbox 60 1190 124 1249; x_wconf 82' lang='lat' dir='ltr'>eo,</span> <span class='ocrx_word' id='word_1_83' title='bbox 148 1170 274 1232; x_wconf 85' lang='lat' dir='ltr'>levare:</span> <span class='ocrx_word' id='word_1_84' title='bbox 297 1168 543 1253; x_wconf 87' lang='lat' dir='ltr'>praelatumque</span> <span class='ocrx_word' id='word_1_85' title='bbox 565 1168 722 1230; x_wconf 85' lang='lat' dir='ltr'>excellens</span> <span class='ocrx_word' id='word_1_86' title='bbox 745 1169 836 1230; x_wconf 79' lang='lat' dir='ltr'>Bruti</span> <span class='ocrx_word' id='word_1_87' title='bbox 856 1170 980 1232; x_wconf 86' lang='lat' dir='ltr'>facinus</span> <span class='ocrx_word' id='word_1_88' title='bbox 1000 1172 1105 1234; x_wconf 88' lang='lat' dir='ltr'>eiecto</span> <span class='ocrx_word' id='word_1_89' title='bbox 1124 1173 1272 1259; x_wconf 87' lang='lat' dir='ltr'>Tarqui-</span> 
     </span>
    </p>

    <p class='ocr_par' dir='ltr' id='par_1_3' title="bbox 10 1251 1313 1667">
     <span class='ocr_line' id='line_1_12' title="bbox 10 1251 1313 1336; baseline 0.004 -21"><span class='ocrx_word' id='word_1_90' title='bbox 10 1262 14 1271; x_wconf 85' lang='grc'><strong>“</strong></span> <span class='ocrx_word' id='word_1_91' title='bbox 56 1254 116 1315; x_wconf 86' lang='lat' dir='ltr'>nio</span> <span class='ocrx_word' id='word_1_92' title='bbox 144 1255 254 1326; x_wconf 90' lang='lat' dir='ltr'>foret,</span> <span class='ocrx_word' id='word_1_93' title='bbox 283 1255 309 1315; x_wconf 88' lang='lat' dir='ltr'>si</span> <span class='ocrx_word' id='word_1_94' title='bbox 337 1274 398 1335; x_wconf 92' lang='lat' dir='ltr'>per</span> <span class='ocrx_word' id='word_1_95' title='bbox 425 1253 575 1331; x_wconf 58' lang='lat' dir='ltr'>Quirites⁴</span> <span class='ocrx_word' id='word_1_96' title='bbox 602 1251 701 1319; x_wconf 87' lang='lat' dir='ltr'>modo</span> <span class='ocrx_word' id='word_1_97' title='bbox 731 1252 848 1314; x_wconf 85' lang='lat' dir='ltr'>militie</span> <span class='ocrx_word' id='word_1_98' title='bbox 880 1265 1099 1318; x_wconf 86' lang='lat' dir='ltr'>exerceretur.</span> <span class='ocrx_word' id='word_1_99' title='bbox 1144 1257 1313 1336; x_wconf 71' lang='lat' dir='ltr'>Verum14</span> 
     </span>
     <span class='ocr_line' id='line_1_13' title="bbox 58 1334 1269 1423; baseline 0.005 -26"><span class='ocrx_word' id='word_1_100' title='bbox 58 1334 117 1397; x_wconf 90' lang='lat' dir='ltr'>ubi</span> <span class='ocrx_word' id='word_1_101' title='bbox 142 1337 227 1397; x_wconf 84' lang='lat' dir='ltr'>cives</span> <span class='ocrx_word' id='word_1_102' title='bbox 247 1335 369 1398; x_wconf 88' lang='lat' dir='ltr'>desidia</span> <span class='ocrx_word' id='word_1_103' title='bbox 400 1344 550 1397; x_wconf 84' lang='lat' dir='ltr'>externos</span> <span class='ocrx_word' id='word_1_104' title='bbox 577 1334 800 1418; x_wconf 89' lang='lat' dir='ltr'>barbarosque</span> <span class='ocrx_word' id='word_1_105' title='bbox 822 1336 855 1397; x_wconf 92' lang='lat' dir='ltr'>iu</span> <span class='ocrx_word' id='word_1_106' title='bbox 878 1338 1057 1401; x_wconf 89' lang='lat' dir='ltr'>exercitum</span> <span class='ocrx_word' id='word_1_107' title='bbox 1079 1360 1198 1423; x_wconf 87' lang='lat' dir='ltr'>cogere</span> <span class='ocrx_word' id='word_1_108' title='bbox 1217 1342 1269 1403; x_wconf 84' lang='lat' dir='ltr'>li-</span> 
     </span>
     <span class='ocr_line' id='line_1_14' title="bbox 55 1418 1267 1506; baseline 0.004 -26"><span class='ocrx_word' id='word_1_109' title='bbox 55 1418 140 1480; x_wconf 91' lang='lat' dir='ltr'>bido</span> <span class='ocrx_word' id='word_1_110' title='bbox 164 1419 310 1495; x_wconf 86' lang='lat' dir='ltr'>incessit;</span> <span class='ocrx_word' id='word_1_111' title='bbox 333 1419 502 1500; x_wconf 88' lang='lat' dir='ltr'>corruptis</span> <span class='ocrx_word' id='word_1_112' title='bbox 522 1418 692 1494; x_wconf 89' lang='lat' dir='ltr'>muribus,</span> <span class='ocrx_word' id='word_1_113' title='bbox 722 1419 856 1482; x_wconf 86' lang='lat' dir='ltr'>libertas</span> <span class='ocrx_word' id='word_1_114' title='bbox 878 1441 1051 1501; x_wconf 90' lang='lat' dir='ltr'>oppressa,</span> <span class='ocrx_word' id='word_1_115' title='bbox 1082 1432 1180 1506; x_wconf 88' lang='lat' dir='ltr'>atque</span> <span class='ocrx_word' id='word_1_116' title='bbox 1200 1423 1267 1485; x_wconf 90' lang='lat' dir='ltr'>ba-</span> 
     </span>
     <span class='ocr_line' id='line_1_15' title="bbox 55 1500 1310 1590; baseline 0.005 -27"><span class='ocrx_word' id='word_1_117' title='bbox 55 1501 158 1563; x_wconf 89' lang='lat' dir='ltr'>bendi</span> <span class='ocrx_word' id='word_1_118' title='bbox 188 1511 317 1564; x_wconf 88' lang='lat' dir='ltr'>auctum</span> <span class='ocrx_word' id='word_1_119' title='bbox 342 1500 500 1564; x_wconf 71' lang='lat' dir='ltr'>studium2.</span> <span class='ocrx_word' id='word_1_120' title='bbox 540 1502 678 1563; x_wconf 87' lang='lat' dir='ltr'>Interim</span> <span class='ocrx_word' id='word_1_121' title='bbox 709 1502 785 1565; x_wconf 92' lang='lat' dir='ltr'>dum</span> <span class='ocrx_word' id='word_1_122' title='bbox 813 1502 949 1575; x_wconf 84' lang='lat' dir='ltr'>Senatus</span> <span class='ocrx_word' id='word_1_123' title='bbox 977 1502 1121 1577; x_wconf 54' lang='lat' dir='ltr'>decreto,</span> <span class='ocrx_word' id='word_1_124' title='bbox 1140 1502 1310 1590; x_wconf 84' lang='lat' dir='ltr'>gentem15</span> 
     </span>
     <span class='ocr_line' id='line_1_16' title="bbox 60 1584 1268 1667; baseline 0.007 -23"><span class='ocrx_word' id='word_1_125' title='bbox 60 1585 253 1656; x_wconf 81' lang='lat' dir='ltr'>Caesarum,</span> <span class='ocrx_word' id='word_1_126' title='bbox 285 1586 381 1647; x_wconf 88' lang='lat' dir='ltr'>etiam</span> <span class='ocrx_word' id='word_1_127' title='bbox 412 1584 563 1647; x_wconf 86' lang='lat' dir='ltr'>muliebri</span> <span class='ocrx_word' id='word_1_128' title='bbox 592 1605 691 1659; x_wconf 80' lang='lat' dir='ltr'>sexu,</span> <span class='ocrx_word' id='word_1_129' title='bbox 712 1605 906 1667; x_wconf 90' lang='lat' dir='ltr'>omnemque</span> <span class='ocrx_word' id='word_1_130' title='bbox 927 1585 1126 1665; x_wconf 85' lang='lat' dir='ltr'>adfinitatem</span> <span class='ocrx_word' id='word_1_131' title='bbox 1150 1590 1268 1652; x_wconf 84' lang='lat' dir='ltr'>armati</span> 
     </span>
    </p>

    <p class='ocr_par' dir='ltr' id='par_1_4' title="bbox 10 1667 1311 2747">
     <span class='ocr_line' id='line_1_17' title="bbox 85 1667 1271 1754; baseline 0.005 -28"><span class='ocrx_word' id='word_1_132' title='bbox 85 1677 322 1750; x_wconf 89' lang='lat' dir='ltr'>ersequuntur,</span> <span class='ocrx_word' id='word_1_133' title='bbox 345 1670 434 1731; x_wconf 84' lang='lat' dir='ltr'>forte</span> <span class='ocrx_word' id='word_1_134' title='bbox 454 1688 556 1741; x_wconf 91' lang='lat' dir='ltr'>unus,</span> <span class='ocrx_word' id='word_1_135' title='bbox 581 1674 673 1727; x_wconf 84' lang='lat' dir='ltr'>ortus</span> <span class='ocrx_word' id='word_1_136' title='bbox 693 1668 805 1751; x_wconf 88' lang='lat' dir='ltr'>Epiri,</span> <span class='ocrx_word' id='word_1_137' title='bbox 829 1689 847 1729; x_wconf 85' lang='lat' dir='ltr'>e</span> <span class='ocrx_word' id='word_1_138' title='bbox 868 1667 1081 1744; x_wconf 88' lang='lat' dir='ltr'>cohortibus,</span> <span class='ocrx_word' id='word_1_139' title='bbox 1103 1668 1187 1754; x_wconf 82' lang='lat' dir='ltr'>quae</span> <span class='ocrx_word' id='word_1_140' title='bbox 1206 1694 1271 1754; x_wconf 86' lang='lat' dir='ltr'>pa-</span> 
     </span>
     <span class='ocr_line' id='line_1_18' title="bbox 54 1689 1269 1835; baseline 0.002 -21"><span class='ocrx_word' id='word_1_141' title='bbox 54 1689 175 1814; x_wconf 75' lang='lat' dir='ltr'>latim</span> <span class='ocrx_word' id='word_1_142' title='bbox 196 1771 257 1835; x_wconf 90' lang='lat' dir='ltr'>per</span> <span class='ocrx_word' id='word_1_143' title='bbox 279 1760 486 1835; x_wconf 90' lang='lat' dir='ltr'>opportunos</span> <span class='ocrx_word' id='word_1_144' title='bbox 506 1749 598 1811; x_wconf 88' lang='lat' dir='ltr'>locus</span> <span class='ocrx_word' id='word_1_145' title='bbox 620 1751 835 1825; x_wconf 90' lang='lat' dir='ltr'>obsidebant,</span> <span class='ocrx_word' id='word_1_146' title='bbox 857 1749 933 1812; x_wconf 87' lang='lat' dir='ltr'>Tib.</span> <span class='ocrx_word' id='word_1_147' title='bbox 957 1750 1126 1816; x_wconf 88' lang='lat' dir='ltr'>Claudium</span> <span class='ocrx_word' id='word_1_148' title='bbox 1148 1754 1269 1817; x_wconf 83' lang='lat' dir='ltr'>occul·-</span> 
     </span>
     <span class='ocr_line' id='line_1_19' title="bbox 57 1831 1270 1916; baseline 0.003 -21"><span class='ocrx_word' id='word_1_149' title='bbox 57 1841 182 1895; x_wconf 89' lang='lat' dir='ltr'>tantcm</span> <span class='ocrx_word' id='word_1_150' title='bbox 203 1855 238 1896; x_wconf 88' lang='lat' dir='ltr'>se</span> <span class='ocrx_word' id='word_1_151' title='bbox 259 1835 386 1916; x_wconf 89' lang='lat' dir='ltr'>reperit</span> <span class='ocrx_word' id='word_1_152' title='bbox 408 1832 549 1897; x_wconf 78' lang='lat' dir='ltr'>deformi</span> <span class='ocrx_word' id='word_1_153' title='bbox 572 1831 720 1894; x_wconf 84' lang='lat' dir='ltr'>latebra:</span> <span class='ocrx_word' id='word_1_154' title='bbox 750 1837 989 1916; x_wconf 82' lang='lat' dir='ltr'>protractoque</span> <span class='ocrx_word' id='word_1_155' title='bbox 1017 1856 1079 1911; x_wconf 90' lang='lat' dir='ltr'>eo,</span> <span class='ocrx_word' id='word_1_156' title='bbox 1110 1836 1270 1901; x_wconf 81' lang='lat' dir='ltr'>exclamat</span> 
     </span>
     <span class='ocr_line' id='line_1_20' title="bbox 59 1912 1309 2004; baseline 0.006 -26"><span class='ocrx_word' id='word_1_157' title='bbox 59 1915 147 1999; x_wconf 78' lang='lat' dir='ltr'>apud</span> <span class='ocrx_word' id='word_1_158' title='bbox 169 1917 298 1990; x_wconf 91' lang='lat' dir='ltr'>socios,</span> <span class='ocrx_word' id='word_1_159' title='bbox 320 1916 347 1979; x_wconf 92' lang='lat' dir='ltr'>si</span> <span class='ocrx_word' id='word_1_160' title='bbox 369 1916 513 1998; x_wconf 84' lang='lat' dir='ltr'>sapiant,</span> <span class='ocrx_word' id='word_1_161' title='bbox 535 1912 646 1977; x_wconf 82' lang='lat' dir='ltr'>adesse</span> <span class='ocrx_word' id='word_1_162' title='bbox 665 1916 857 1998; x_wconf 83' lang='lat' dir='ltr'>principem·</span> <span class='ocrx_word' id='word_1_163' title='bbox 904 1916 945 1977; x_wconf 87' lang='lat' dir='ltr'>Et</span> <span class='ocrx_word' id='word_1_164' title='bbox 958 1939 1041 1989; x_wconf 44' lang='lat' dir='ltr'>,sane</span> <span class='ocrx_word' id='word_1_165' title='bbox 1062 1920 1137 2004; x_wconf 89' lang='lat' dir='ltr'>quia</span> <span class='ocrx_word' id='word_1_166' title='bbox 1151 1919 1309 1985; x_wconf 81' lang='lat' dir='ltr'>reeorsrb&#39;</span> 
     </span>
     <span class='ocr_line' id='line_1_21' title="bbox 56 1998 1268 2081; baseline 0.003 -18"><span class='ocrx_word' id='word_1_167' title='bbox 56 2008 149 2074; x_wconf 88' lang='lat' dir='ltr'>erat,</span> <span class='ocrx_word' id='word_1_168' title='bbox 180 2000 369 2063; x_wconf 83' lang='lat' dir='ltr'>mitissimus</span> <span class='ocrx_word' id='word_1_169' title='bbox 398 1999 572 2066; x_wconf 76' lang='lat' dir='ltr'>ridebatur</span> <span class='ocrx_word' id='word_1_170' title='bbox 596 1998 877 2081; x_wconf 68' lang='lat' dir='ltr'>imprudentibus,</span> <span class='ocrx_word' id='word_1_171' title='bbox 907 2021 991 2081; x_wconf 87' lang='lat' dir='ltr'>quae</span> <span class='ocrx_word' id='word_1_172' title='bbox 1017 2023 1070 2065; x_wconf 92' lang='lat' dir='ltr'>res</span> <span class='ocrx_word' id='word_1_173' title='bbox 1096 2004 1268 2067; x_wconf 76' lang='lat' dir='ltr'>adversum</span> 
     </span>
     <span class='ocr_line' id='line_1_22' title="bbox 54 2081 1267 2168; baseline 0.003 -22"><span class='ocrx_word' id='word_1_174' title='bbox 54 2081 214 2146; x_wconf 79' lang='lat' dir='ltr'>nefariam</span> <span class='ocrx_word' id='word_1_175' title='bbox 243 2082 352 2164; x_wconf 89' lang='lat' dir='ltr'>patrui</span> <span class='ocrx_word' id='word_1_176' title='bbox 379 2082 521 2145; x_wconf 78' lang='lat' dir='ltr'>Neronis</span> <span class='ocrx_word' id='word_1_177' title='bbox 551 2089 691 2144; x_wconf 86' lang='lat' dir='ltr'>mentem</span> <span class='ocrx_word' id='word_1_178' title='bbox 722 2083 869 2157; x_wconf 83' lang='lat' dir='ltr'>auxilio,</span> <span class='ocrx_word' id='word_1_179' title='bbox 901 2105 1007 2166; x_wconf 89' lang='lat' dir='ltr'>neque</span> <span class='ocrx_word' id='word_1_180' title='bbox 1037 2086 1124 2168; x_wconf 94' lang='lat' dir='ltr'>apud</span> <span class='ocrx_word' id='word_1_181' title='bbox 1151 2088 1267 2150; x_wconf 85' lang='lat' dir='ltr'>fratris</span> 
     </span>
     <span class='ocr_line' id='line_1_23' title="bbox 57 2164 1268 2256; baseline 0.006 -29"><span class='ocrx_word' id='word_1_182' title='bbox 57 2165 164 2227; x_wconf 87' lang='lat' dir='ltr'>filium</span> <span class='ocrx_word' id='word_1_183' title='bbox 197 2166 374 2251; x_wconf 77' lang='lat' dir='ltr'>Caligulam</span> <span class='ocrx_word' id='word_1_184' title='bbox 400 2164 542 2237; x_wconf 83' lang='lat' dir='ltr'>invidiae</span> <span class='ocrx_word' id='word_1_185' title='bbox 567 2164 651 2227; x_wconf 87' lang='lat' dir='ltr'>fuit:</span> <span class='ocrx_word' id='word_1_186' title='bbox 681 2165 762 2250; x_wconf 84' lang='lat' dir='ltr'>quin</span> <span class='ocrx_word' id='word_1_187' title='bbox 792 2167 890 2229; x_wconf 87' lang='lat' dir='ltr'>etiam</span> <span class='ocrx_word' id='word_1_188' title='bbox 911 2169 1069 2235; x_wconf 86' lang='lat' dir='ltr'>militares</span> <span class='ocrx_word' id='word_1_189' title='bbox 1094 2169 1268 2256; x_wconf 72' lang='lat' dir='ltr'>plebisque</span> 
     </span>
     <span class='ocr_line' id='line_1_24' title="bbox 56 2245 1271 2338; baseline 0.005 -27"><span class='ocrx_word' id='word_1_190' title='bbox 56 2249 183 2331; x_wconf 74' lang='lat' dir='ltr'>animos</span> <span class='ocrx_word' id='word_1_191' title='bbox 205 2250 456 2325; x_wconf 83' lang='lat' dir='ltr'>conciliaverat,</span> <span class='ocrx_word' id='word_1_192' title='bbox 475 2247 573 2322; x_wconf 91' lang='lat' dir='ltr'>dum,</span> <span class='ocrx_word' id='word_1_193' title='bbox 596 2245 751 2333; x_wconf 75' lang='lat' dir='ltr'>flagrante</span> <span class='ocrx_word' id='word_1_194' title='bbox 770 2271 906 2325; x_wconf 78' lang='lat' dir='ltr'>¹suorum</span> <span class='ocrx_word' id='word_1_195' title='bbox 927 2250 1169 2328; x_wconf 85' lang='lat' dir='ltr'>dominatione,</span> <span class='ocrx_word' id='word_1_196' title='bbox 1197 2255 1271 2338; x_wconf 83' lang='lat' dir='ltr'>ipse</span> 
     </span>
     <span class='ocr_line' id='line_1_25' title="bbox 61 2330 1311 2424; baseline 0.006 -31"><span class='ocrx_word' id='word_1_197' title='bbox 61 2333 242 2395; x_wconf 89' lang='lat' dir='ltr'>contemtui</span> <span class='ocrx_word' id='word_1_198' title='bbox 264 2332 486 2396; x_wconf 80' lang='lat' dir='ltr'>miserabilior</span> <span class='ocrx_word' id='word_1_199' title='bbox 504 2330 693 2403; x_wconf 82' lang='lat' dir='ltr'>haberetur.</span> <span class='ocrx_word' id='word_1_200' title='bbox 736 2331 829 2395; x_wconf 78' lang='lat' dir='ltr'>Talia</span> <span class='ocrx_word' id='word_1_201' title='bbox 855 2331 1022 2418; x_wconf 88' lang='lat' dir='ltr'>plerisque</span> <span class='ocrx_word' id='word_1_202' title='bbox 1047 2339 1311 2424; x_wconf 83' lang='lat' dir='ltr'>memoranti-17</span> 
     </span>
     <span class='ocr_line' id='line_1_26' title="bbox 56 2413 1268 2498; baseline 0.002 -19"><span class='ocrx_word' id='word_1_203' title='bbox 56 2413 139 2489; x_wconf 91' lang='lat' dir='ltr'>bus,</span> <span class='ocrx_word' id='word_1_204' title='bbox 164 2425 297 2498; x_wconf 87' lang='lat' dir='ltr'>repente</span> <span class='ocrx_word' id='word_1_205' title='bbox 319 2439 411 2490; x_wconf 90' lang='lat' dir='ltr'>eum,</span> <span class='ocrx_word' id='word_1_206' title='bbox 431 2414 523 2477; x_wconf 89' lang='lat' dir='ltr'>nullo</span> <span class='ocrx_word' id='word_1_207' title='bbox 544 2422 762 2489; x_wconf 80' lang='lat' dir='ltr'>retractante,</span> <span class='ocrx_word' id='word_1_208' title='bbox 792 2436 875 2498; x_wconf 90' lang='lat' dir='ltr'>quae</span> <span class='ocrx_word' id='word_1_209' title='bbox 897 2414 1030 2481; x_wconf 83' lang='lat' dir='ltr'>aderant</span> <span class='ocrx_word' id='word_1_210' title='bbox 1053 2419 1170 2481; x_wconf 87' lang='lat' dir='ltr'>turbae</span> <span class='ocrx_word' id='word_1_211' title='bbox 1191 2420 1268 2482; x_wconf 87' lang='lat' dir='ltr'>cir-</span> 
     </span>
     <span class='ocr_line' id='line_1_27' title="bbox 57 2496 1269 2584; baseline 0.001 -25"><span class='ocrx_word' id='word_1_212' title='bbox 57 2498 270 2573; x_wconf 87' lang='lat' dir='ltr'>cumsistunt,</span> <span class='ocrx_word' id='word_1_213' title='bbox 290 2498 452 2583; x_wconf 87' lang='lat' dir='ltr'>simulque</span> <span class='ocrx_word' id='word_1_214' title='bbox 471 2496 657 2567; x_wconf 87' lang='lat' dir='ltr'>adfluebaut</span> <span class='ocrx_word' id='word_1_215' title='bbox 679 2497 797 2580; x_wconf 89' lang='lat' dir='ltr'>reliqui</span> <span class='ocrx_word' id='word_1_216' title='bbox 826 2496 966 2563; x_wconf 89' lang='lat' dir='ltr'>militum</span> <span class='ocrx_word' id='word_1_217' title='bbox 992 2508 1024 2559; x_wconf 90' lang='lat' dir='ltr'>et</span> <span class='ocrx_word' id='word_1_218' title='bbox 1042 2500 1132 2584; x_wconf 81' lang='lat' dir='ltr'>vulgi</span> <span class='ocrx_word' id='word_1_219' title='bbox 1153 2523 1269 2584; x_wconf 82' lang='lat' dir='ltr'>magua</span> 
     </span>
     <span class='ocr_line' id='line_1_28' title="bbox 56 2579 1309 2665; baseline 0.004 -22"><span class='ocrx_word' id='word_1_220' title='bbox 56 2583 118 2643; x_wconf 80' lang='lat' dir='ltr'>vis.</span> <span class='ocrx_word' id='word_1_221' title='bbox 161 2582 261 2660; x_wconf 87' lang='lat' dir='ltr'>Quod</span> <span class='ocrx_word' id='word_1_222' title='bbox 283 2583 341 2644; x_wconf 91' lang='lat' dir='ltr'>ubi</span> <span class='ocrx_word' id='word_1_223' title='bbox 361 2582 476 2643; x_wconf 89' lang='lat' dir='ltr'>Patres</span> <span class='ocrx_word' id='word_1_224' title='bbox 505 2599 679 2662; x_wconf 85' lang='lat' dir='ltr'>accepere,</span> <span class='ocrx_word' id='word_1_225' title='bbox 712 2581 845 2642; x_wconf 90' lang='lat' dir='ltr'>mittunt</span> <span class='ocrx_word' id='word_1_226' title='bbox 873 2579 964 2643; x_wconf 89' lang='lat' dir='ltr'>ocius</span> <span class='ocrx_word' id='word_1_227' title='bbox 986 2603 1097 2645; x_wconf 89' lang='lat' dir='ltr'>ausum</span> <span class='ocrx_word' id='word_1_228' title='bbox 1118 2583 1309 2665; x_wconf 68' lang='lat' dir='ltr'>commi-18</span> 
     </span>
     <span class='ocr_line' id='line_1_29' title="bbox 10 2661 1268 2747; baseline 0.003 -22"><span class='ocrx_word' id='word_1_229' title='bbox 10 2670 34 2731; x_wconf 69' lang='lat' dir='ltr'>ji</span> <span class='ocrx_word' id='word_1_230' title='bbox 57 2685 161 2726; x_wconf 89' lang='lat' dir='ltr'>mere.</span> <span class='ocrx_word' id='word_1_231' title='bbox 203 2663 268 2727; x_wconf 87' lang='lat' dir='ltr'>Sed</span> <span class='ocrx_word' id='word_1_232' title='bbox 297 2673 469 2747; x_wconf 73' lang='lat' dir='ltr'>postquam</span> <span class='ocrx_word' id='word_1_233' title='bbox 496 2662 595 2727; x_wconf 77' lang='lat' dir='ltr'>variis</span> <span class='ocrx_word' id='word_1_234' title='bbox 621 2661 780 2746; x_wconf 88' lang='lat' dir='ltr'>tetrisque</span> <span class='ocrx_word' id='word_1_235' title='bbox 810 2662 1027 2725; x_wconf 87' lang='lat' dir='ltr'>seditionibus</span> <span class='ocrx_word' id='word_1_236' title='bbox 1047 2665 1161 2729; x_wconf 79' lang='lat' dir='ltr'>civitas</span> <span class='ocrx_word' id='word_1_237' title='bbox 1183 2689 1268 2743; x_wconf 78' lang='lat' dir='ltr'>cun-</span> 
     </span>
    </p>

    <p class='ocr_par' dir='ltr' id='par_1_5' title="bbox 10 2746 1268 2828">
     <span class='ocr_line' id='line_1_30' title="bbox 10 2746 1268 2828; baseline 0.004 -19"><span class='ocrx_word' id='word_1_238' title='bbox 10 2816 14 2821; x_wconf 52' lang='lat'>,</span> <span class='ocrx_word' id='word_1_239' title='bbox 63 2748 174 2828; x_wconf 84' lang='lat' dir='ltr'>otique</span> <span class='ocrx_word' id='word_1_240' title='bbox 195 2747 327 2810; x_wconf 75' lang='lat' dir='ltr'>ordines</span> <span class='ocrx_word' id='word_1_241' title='bbox 347 2747 586 2819; x_wconf 84' lang='lat' dir='ltr'>lacerabantur,</span> <span class='ocrx_word' id='word_1_242' title='bbox 603 2753 770 2827; x_wconf 83' lang='lat' dir='ltr'>tamquam</span> <span class='ocrx_word' id='word_1_243' title='bbox 793 2767 831 2810; x_wconf 85' lang='lat' dir='ltr'>ex</span> <span class='ocrx_word' id='word_1_244' title='bbox 854 2746 994 2827; x_wconf 70' lang='lat' dir='ltr'>imperio</span> <span class='ocrx_word' id='word_1_245' title='bbox 1017 2770 1128 2813; x_wconf 83' lang='lat' dir='ltr'>omnes</span> <span class='ocrx_word' id='word_1_246' title='bbox 1147 2748 1268 2814; x_wconf 87' lang='lat' dir='ltr'>dedere</span> 
     </span>
    </p>

    <p class='ocr_par' dir='ltr' id='par_1_6' title="bbox 10 2827 1307 2999">
     <span class='ocr_line' id='line_1_31' title="bbox 10 2827 1307 2923; baseline 0.006 -34"><span class='ocrx_word' id='word_1_247' title='bbox 10 2862 13 2877; x_wconf 84' lang='lat'>=</span> <span class='ocrx_word' id='word_1_248' title='bbox 59 2850 106 2890; x_wconf 89' lang='lat' dir='ltr'>se.</span> <span class='ocrx_word' id='word_1_249' title='bbox 148 2830 198 2891; x_wconf 90' lang='lat' dir='ltr'>lta</span> <span class='ocrx_word' id='word_1_250' title='bbox 224 2832 346 2895; x_wconf 82' lang='lat' dir='ltr'>Romae</span> <span class='ocrx_word' id='word_1_251' title='bbox 376 2828 465 2915; x_wconf 92' lang='lat' dir='ltr'>regia</span> <span class='ocrx_word' id='word_1_252' title='bbox 495 2836 638 2910; x_wconf 85' lang='lat' dir='ltr'>potestas</span> <span class='ocrx_word' id='word_1_253' title='bbox 669 2827 817 2905; x_wconf 85' lang='lat' dir='ltr'>firmata,</span> <span class='ocrx_word' id='word_1_254' title='bbox 844 2828 1080 2916; x_wconf 88' lang='lat' dir='ltr'>proditumque</span> <span class='ocrx_word' id='word_1_255' title='bbox 1100 2835 1244 2919; x_wconf 83' lang='lat' dir='ltr'>apertius</span> <span class='ocrx_word' id='word_1_256' title='bbox 1254 2855 1307 2923; x_wconf 80' lang='lat'>,19</span> 
     </span>
     <span class='ocr_line' id='line_1_32' title="bbox 60 2910 1187 2999; baseline 0.004 -24"><span class='ocrx_word' id='word_1_257' title='bbox 60 2914 253 2979; x_wconf 86' lang='lat' dir='ltr'>mortalium</span> <span class='ocrx_word' id='word_1_258' title='bbox 272 2920 408 2989; x_wconf 72' lang='lat' dir='ltr'>conatus</span> <span class='ocrx_word' id='word_1_259' title='bbox 430 2932 548 2977; x_wconf 80' lang='lat' dir='ltr'>vacuos</span> <span class='ocrx_word' id='word_1_260' title='bbox 568 2933 587 2972; x_wconf 91' lang='lat' dir='ltr'>a</span> <span class='ocrx_word' id='word_1_261' title='bbox 606 2910 740 2977; x_wconf 85' lang='lat' dir='ltr'>fortuna</span> <span class='ocrx_word' id='word_1_262' title='bbox 763 2935 936 2999; x_wconf 79' lang='lat' dir='ltr'>cessosque</span> <span class='ocrx_word' id='word_1_263' title='bbox 958 2935 1037 2978; x_wconf 87' lang='lat' dir='ltr'>esse.</span> <span class='ocrx_word' id='word_1_264' title='bbox 1184 2916 1187 2921; x_wconf 77' lang='grc'><strong>’</strong></span> 
     </span>
    </p>
   </div>
   <div class='ocr_carea' id='block_1_3' title="bbox 501 3121 833 3190">
    <p class='ocr_par' dir='ltr' id='par_1_7' title="bbox 501 3121 833 3190">
     <span class='ocr_line' id='line_1_33' title="bbox 501 3121 833 3190; baseline 0.003 -1"><span class='ocrx_word' id='word_1_265' title='bbox 501 3121 833 3190; x_wconf 81' lang='lat' dir='ltr'>csrurlv.</span> 
     </span>
    </p>
   </div>
   <div class='ocr_carea' id='block_1_4' title="bbox 583 3284 756 3330">
    <p class='ocr_par' dir='ltr' id='par_1_8' title="bbox 583 3284 756 3330">
     <span class='ocr_line' id='line_1_34' title="bbox 583 3284 756 3330; baseline 0 -3"><span class='ocrx_word' id='word_1_266' title='bbox 583 3284 756 3330; x_wconf 63' lang='lat' dir='ltr'>amnuit·</span> 
     </span>
    </p>
   </div>
   <div class='ocr_carea' id='block_1_5' title="bbox 57 3410 1366 4595">
    <p class='ocr_par' dir='ltr' id='par_1_9' title="bbox 57 3410 1366 3912">
     <span class='ocr_line' id='line_1_35' title="bbox 100 3410 1266 3499; baseline 0.006 -25"><span class='ocrx_word' id='word_1_267' title='bbox 100 3413 206 3496; x_wconf 82' lang='lat' dir='ltr'>Igitur</span> <span class='ocrx_word' id='word_1_268' title='bbox 235 3413 410 3490; x_wconf 83' lang='lat' dir='ltr'>Claudiae,</span> <span class='ocrx_word' id='word_1_269' title='bbox 447 3434 644 3499; x_wconf 89' lang='lat' dir='ltr'>quamquam</span> <span class='ocrx_word' id='word_1_270' title='bbox 673 3414 780 3478; x_wconf 80' lang='lat' dir='ltr'>ventri</span> <span class='ocrx_word' id='word_1_271' title='bbox 810 3411 908 3476; x_wconf 89' lang='lat' dir='ltr'>foede</span> <span class='ocrx_word' id='word_1_272' title='bbox 939 3410 1115 3490; x_wconf 88' lang='lat' dir='ltr'>obediens,</span> <span class='ocrx_word' id='word_1_273' title='bbox 1148 3434 1266 3482; x_wconf 79' lang='lat' dir='ltr'>vecors</span> 
     </span>
     <span class='ocr_line' id='line_1_36' title="bbox 59 3494 1366 3587; baseline 0.007 -32"><span class='ocrx_word' id='word_1_274' title='bbox 59 3497 148 3557; x_wconf 81' lang='lat' dir='ltr'>iuxta</span> <span class='ocrx_word' id='word_1_275' title='bbox 169 3508 266 3582; x_wconf 88' lang='lat' dir='ltr'>atque</span> <span class='ocrx_word' id='word_1_276' title='bbox 287 3501 479 3573; x_wconf 89' lang='lat' dir='ltr'>immemor,</span> <span class='ocrx_word' id='word_1_277' title='bbox 500 3494 702 3587; x_wconf 74' lang='lat' dir='ltr'>pavidusque</span> <span class='ocrx_word' id='word_1_278' title='bbox 722 3499 825 3561; x_wconf 87' lang='lat' dir='ltr'>animi·</span> <span class='ocrx_word' id='word_1_279' title='bbox 845 3507 877 3560; x_wconf 90' lang='lat' dir='ltr'>et</span> <span class='ocrx_word' id='word_1_280' title='bbox 898 3498 1047 3582; x_wconf 83' lang='lat' dir='ltr'>ignavior</span> <span class='ocrx_word' id='word_1_281' title='bbox 1068 3506 1170 3576; x_wconf 91' lang='lat' dir='ltr'>esset,</span> <span class='ocrx_word' id='word_1_282' title='bbox 1190 3500 1268 3584; x_wconf 92' lang='lat' dir='ltr'>ple-</span> <span class='ocrx_word' id='word_1_283' title='bbox 1363 3506 1366 3513; x_wconf 90' lang='lat'>&#39;</span> 
     </span>
     <span class='ocr_line' id='line_1_37' title="bbox 59 3582 1267 3669; baseline 0.006 -29"><span class='ocrx_word' id='word_1_284' title='bbox 59 3600 162 3662; x_wconf 89' lang='lat' dir='ltr'>raque</span> <span class='ocrx_word' id='word_1_285' title='bbox 189 3602 250 3662; x_wconf 89' lang='lat' dir='ltr'>per</span> <span class='ocrx_word' id='word_1_286' title='bbox 278 3582 488 3645; x_wconf 87' lang='lat' dir='ltr'>formidinem</span> <span class='ocrx_word' id='word_1_287' title='bbox 518 3589 628 3653; x_wconf 80' lang='lat' dir='ltr'>tamen</span> <span class='ocrx_word' id='word_1_288' title='bbox 659 3582 789 3669; x_wconf 87' lang='lat' dir='ltr'>egregie</span> <span class='ocrx_word' id='word_1_289' title='bbox 824 3582 1048 3657; x_wconf 82' lang='lat' dir='ltr'>consultabat,</span> <span class='ocrx_word' id='word_1_290' title='bbox 1084 3583 1267 3647; x_wconf 88' lang='lat' dir='ltr'>nobilitatis</span> 
     </span>
     <span class='ocr_line' id='line_1_38' title="bbox 57 3661 1265 3765; baseline 0.003 -43"><span class='ocrx_word' id='word_1_291' title='bbox 57 3661 236 3765; x_wconf 88' lang='lat' dir='ltr'>praecipue</span> <span class='ocrx_word' id='word_1_292' title='bbox 259 3665 425 3738; x_wconf 86' lang='lat' dir='ltr'>consiliis,</span> <span class='ocrx_word' id='word_1_293' title='bbox 451 3672 540 3749; x_wconf 87' lang='lat' dir='ltr'>&#39;quae</span> <span class='ocrx_word' id='word_1_294' title='bbox 570 3674 658 3727; x_wconf 91' lang='lat' dir='ltr'>metu</span> <span class='ocrx_word' id='word_1_295' title='bbox 690 3665 882 3727; x_wconf 87' lang='lat' dir='ltr'>colebatur:</span> <span class='ocrx_word' id='word_1_296' title='bbox 914 3665 1037 3747; x_wconf 91' lang='lat' dir='ltr'>quippe</span> <span class='ocrx_word' id='word_1_297' title='bbox 1066 3664 1265 3728; x_wconf 89' lang='lat' dir='ltr'>stolidorum</span> 
     </span>
     <span class='ocr_line' id='line_1_39' title="bbox 57 3745 1307 3912; baseline 0.003 -19"><span class='ocrx_word' id='word_1_298' title='bbox 57 3745 887 3912; x_wconf 63' lang='lat' dir='ltr'>tt{titttltlttt&#39;t2,”ttt⁰ttt‘“,:”tt</span> <span class='ocrx_word' id='word_1_299' title='bbox 908 3746 1307 3903; x_wconf 49' lang='lat' dir='ltr'>ittarta?</span> 
     </span>
    </p>

    <p class='ocr_par' dir='ltr' id='par_1_10' title="bbox 57 3873 1312 4595">
     <span class='ocr_line' id='line_1_40' title="bbox 727 3873 1147 3905; baseline 0 0"><span class='ocrx_word' id='word_1_300' title='bbox 727 3873 737 3905; x_wconf 68' lang='lat' dir='ltr'>f</span> <span class='ocrx_word' id='word_1_301' title='bbox 1130 3894 1147 3905; x_wconf 84' lang='lat'>..</span> 
     </span>
     <span class='ocr_line' id='line_1_41' title="bbox 57 3910 1270 3997; baseline 0.002 -22"><span class='ocrx_word' id='word_1_302' title='bbox 57 3914 203 3975; x_wconf 86' lang='lat' dir='ltr'>famosae</span> <span class='ocrx_word' id='word_1_303' title='bbox 223 3932 260 3973; x_wconf 90' lang='lat' dir='ltr'>su</span> <span class='ocrx_word' id='word_1_304' title='bbox 286 3910 488 3987; x_wconf 80' lang='lat' dir='ltr'>emtitiones3</span> <span class='ocrx_word' id='word_1_305' title='bbox 510 3910 575 3975; x_wconf 88' lang='lat' dir='ltr'>lata</span> <span class='ocrx_word' id='word_1_306' title='bbox 595 3914 665 3976; x_wconf 90' lang='lat' dir='ltr'>iura</span> <span class='ocrx_word' id='word_1_307' title='bbox 687 3932 784 3997; x_wconf 88' lang='lat' dir='ltr'>quam</span> <span class='ocrx_word' id='word_1_308' title='bbox 805 3912 1088 3987; x_wconf 85' lang='lat' dir='ltr'>commodissima;</span> <span class='ocrx_word' id='word_1_309' title='bbox 1118 3922 1270 3979; x_wconf 88' lang='lat' dir='ltr'>curatum</span> 
     </span>
     <span class='ocr_line' id='line_1_42' title="bbox 57 3992 1269 4079; baseline 0.002 -20"><span class='ocrx_word' id='word_1_310' title='bbox 57 3995 198 4059; x_wconf 86' lang='lat' dir='ltr'>militiae</span> <span class='ocrx_word' id='word_1_311' title='bbox 221 4017 240 4057; x_wconf 92' lang='lat' dir='ltr'>o</span> <span class='ocrx_word' id='word_1_312' title='bbox 276 3995 381 4071; x_wconf 81' lang='lat' dir='ltr'>cium3</span> <span class='ocrx_word' id='word_1_313' title='bbox 405 3996 522 4060; x_wconf 87' lang='lat' dir='ltr'>retenti</span> <span class='ocrx_word' id='word_1_314' title='bbox 545 3996 623 4079; x_wconf 75' lang='lat' dir='ltr'>fines</span> <span class='ocrx_word' id='word_1_315' title='bbox 635 4042 646 4073; x_wconf 86' lang='lat'>,</span> <span class='ocrx_word' id='word_1_316' title='bbox 666 4016 725 4060; x_wconf 88' lang='lat' dir='ltr'>seu</span> <span class='ocrx_word' id='word_1_317' title='bbox 746 3992 813 4057; x_wconf 87' lang='lat' dir='ltr'>duti</span> <span class='ocrx_word' id='word_1_318' title='bbox 836 3994 975 4079; x_wconf 87' lang='lat' dir='ltr'>imperio</span> <span class='ocrx_word' id='word_1_319' title='bbox 997 3994 1166 4071; x_wconf 63' lang='lat' dir='ltr'>Romam</span> <span class='ocrx_word' id='word_1_320' title='bbox 1188 4000 1269 4063; x_wconf 81' lang='lat' dir='ltr'>Me-</span> 
     </span>
     <span class='ocr_line' id='line_1_43' title="bbox 58 4076 1269 4162; baseline 0.004 -23"><span class='ocrx_word' id='word_1_321' title='bbox 58 4080 242 4161; x_wconf 88' lang='lat' dir='ltr'>sopotamia</span> <span class='ocrx_word' id='word_1_322' title='bbox 264 4100 325 4161; x_wconf 89' lang='lat' dir='ltr'>per</span> <span class='ocrx_word' id='word_1_323' title='bbox 348 4080 520 4155; x_wconf 88' lang='lat' dir='ltr'>orientem,</span> <span class='ocrx_word' id='word_1_324' title='bbox 542 4080 673 4143; x_wconf 84' lang='lat' dir='ltr'>Rhenus</span> <span class='ocrx_word' id='word_1_325' title='bbox 687 4078 922 4162; x_wconf 87' lang='lat' dir='ltr'>Danubiusque</span> <span class='ocrx_word' id='word_1_326' title='bbox 934 4076 976 4143; x_wconf 89' lang='lat' dir='ltr'>ad</span> <span class='ocrx_word' id='word_1_327' title='bbox 990 4081 1269 4162; x_wconf 85' lang='lat' dir='ltr'>septemtrionem,</span> 
     </span>
     <span class='ocr_line' id='line_1_44' title="bbox 62 4161 1272 4248; baseline 0.006 -27"><span class='ocrx_word' id='word_1_328' title='bbox 62 4167 97 4221; x_wconf 90' lang='lat' dir='ltr'>et</span> <span class='ocrx_word' id='word_1_329' title='bbox 117 4184 133 4221; x_wconf 86' lang='lat' dir='ltr'>a</span> <span class='ocrx_word' id='word_1_330' title='bbox 155 4162 292 4225; x_wconf 87' lang='lat' dir='ltr'>meridie</span> <span class='ocrx_word' id='word_1_331' title='bbox 324 4164 431 4226; x_wconf 87' lang='lat' dir='ltr'>Mauri</span> <span class='ocrx_word' id='word_1_332' title='bbox 464 4183 628 4225; x_wconf 77' lang='lat' dir='ltr'>accessere</span> <span class='ocrx_word' id='word_1_333' title='bbox 655 4161 857 4248; x_wconf 78' lang='lat' dir='ltr'>provinciis.</span> <span class='ocrx_word' id='word_1_334' title='bbox 889 4161 1005 4237; x_wconf 86' lang='lat' dir='ltr'>demtis</span> <span class='ocrx_word' id='word_1_335' title='bbox 1034 4164 1165 4248; x_wconf 85' lang='lat' dir='ltr'>regibus</span> <span class='ocrx_word' id='word_1_336' title='bbox 1194 4171 1272 4248; x_wconf 90' lang='lat' dir='ltr'>post</span> 
     </span>
     <span class='ocr_line' id='line_1_45' title="bbox 61 4240 1268 4329; baseline 0.003 -24"><span class='ocrx_word' id='word_1_337' title='bbox 61 4240 199 4319; x_wconf 70' lang='lat' dir='ltr'>Iubam,</span> <span class='ocrx_word' id='word_1_338' title='bbox 221 4268 376 4329; x_wconf 87' lang='lat' dir='ltr'>caesaque</span> <span class='ocrx_word' id='word_1_339' title='bbox 396 4242 662 4309; x_wconf 81' lang='lat' dir='ltr'>Musulamiorum</span> <span class='ocrx_word' id='word_1_340' title='bbox 680 4267 813 4320; x_wconf 80' lang='lat' dir='ltr'>mauus3</span> <span class='ocrx_word' id='word_1_341' title='bbox 836 4244 952 4321; x_wconf 89' lang='lat' dir='ltr'>simul,</span> <span class='ocrx_word' id='word_1_342' title='bbox 975 4244 1089 4309; x_wconf 84' lang='lat' dir='ltr'>ultima</span> <span class='ocrx_word' id='word_1_343' title='bbox 1113 4268 1268 4324; x_wconf 85' lang='lat' dir='ltr'>occasus,</span> 
     </span>
     <span class='ocr_line' id='line_1_46' title="bbox 59 4325 1270 4413; baseline 0.007 -26"><span class='ocrx_word' id='word_1_344' title='bbox 59 4325 248 4391; x_wconf 87' lang='lat' dir='ltr'>Britanniae</span> <span class='ocrx_word' id='word_1_345' title='bbox 268 4340 377 4413; x_wconf 88' lang='lat' dir='ltr'>partes</span> <span class='ocrx_word' id='word_1_346' title='bbox 405 4336 559 4391; x_wconf 78' lang='lat' dir='ltr'>contusae</span> <span class='ocrx_word' id='word_1_347' title='bbox 571 4375 580 4407; x_wconf 89' lang='lat'>,</span> <span class='ocrx_word' id='word_1_348' title='bbox 611 4328 829 4413; x_wconf 80' lang='lat' dir='ltr'>quamsolam</span> <span class='ocrx_word' id='word_1_349' title='bbox 851 4326 955 4403; x_wconf 87' lang='lat' dir='ltr'>adiit,</span> <span class='ocrx_word' id='word_1_350' title='bbox 985 4329 1079 4393; x_wconf 91' lang='lat' dir='ltr'>Ostia</span> <span class='ocrx_word' id='word_1_351' title='bbox 1098 4330 1270 4412; x_wconf 85' lang='lat' dir='ltr'>profectus</span> 
     </span>
     <span class='ocr_line' id='line_1_47' title="bbox 60 4408 1312 4495; baseline 0.006 -27"><span class='ocrx_word' id='word_1_352' title='bbox 60 4409 168 4475; x_wconf 71' lang='lat' dir='ltr'>mauri:</span> <span class='ocrx_word' id='word_1_353' title='bbox 190 4434 263 4483; x_wconf 81' lang='lat' dir='ltr'>nam</span> <span class='ocrx_word' id='word_1_354' title='bbox 286 4422 391 4475; x_wconf 85' lang='lat' dir='ltr'>cetera</span> <span class='ocrx_word' id='word_1_355' title='bbox 413 4412 510 4474; x_wconf 87' lang='lat' dir='ltr'>duces</span> <span class='ocrx_word' id='word_1_356' title='bbox 525 4432 691 4476; x_wconf 83' lang='lat' dir='ltr'>curavere.</span> <span class='ocrx_word' id='word_1_357' title='bbox 733 4409 851 4476; x_wconf 84' lang='lat' dir='ltr'>Adbuc</span> <span class='ocrx_word' id='word_1_358' title='bbox 871 4433 1018 4475; x_wconf 81' lang='lat' dir='ltr'>annonae</span> <span class='ocrx_word' id='word_1_359' title='bbox 1039 4413 1161 4495; x_wconf 78' lang='lat' dir='ltr'>egestas</span> <span class='ocrx_word' id='word_1_360' title='bbox 1175 4408 1312 4477; x_wconf 76' lang='lat' dir='ltr'>com-3</span> 
     </span>
     <span class='ocr_line' id='line_1_48' title="bbox 58 4492 1270 4595; baseline 0.002 -40"><span class='ocrx_word' id='word_1_361' title='bbox 58 4494 192 4580; x_wconf 86' lang='lat' dir='ltr'>posita,</span> <span class='ocrx_word' id='word_1_362' title='bbox 215 4517 309 4595; x_wconf 76' lang='lat' dir='ltr'>quam</span> <span class='ocrx_word' id='word_1_363' title='bbox 331 4494 474 4581; x_wconf 83' lang='lat' dir='ltr'>Caligula</span> <span class='ocrx_word' id='word_1_364' title='bbox 497 4493 688 4569; x_wconf 84' lang='lat' dir='ltr'>induxerat,</span> <span class='ocrx_word' id='word_1_365' title='bbox 710 4494 808 4569; x_wconf 91' lang='lat' dir='ltr'>dum,</span> <span class='ocrx_word' id='word_1_366' title='bbox 829 4492 952 4559; x_wconf 86' lang='lat' dir='ltr'>adactis</span> <span class='ocrx_word' id='word_1_367' title='bbox 972 4503 1045 4561; x_wconf 89' lang='lat' dir='ltr'>toto</span> <span class='ocrx_word' id='word_1_368' title='bbox 1069 4494 1150 4563; x_wconf 88' lang='lat' dir='ltr'>orbe</span> <span class='ocrx_word' id='word_1_369' title='bbox 1172 4495 1270 4558; x_wconf 84' lang='lat' dir='ltr'>navi-</span> 
     </span>
    </p>
   </div>
   <div class='ocr_carea' id='block_1_6' title="bbox 59 4575 1282 4685">
    <p class='ocr_par' dir='ltr' id='par_1_11' title="bbox 59 4575 1282 4685">
     <span class='ocr_line' id='line_1_49' title="bbox 59 4575 1282 4685; baseline -0.002 -42"><span class='ocrx_word' id='word_1_370' title='bbox 59 4578 145 4665; x_wconf 81' lang='lat' dir='ltr'>giis,</span> <span class='ocrx_word' id='word_1_371' title='bbox 166 4597 316 4664; x_wconf 73' lang='lat' dir='ltr'>pervium</span> <span class='ocrx_word' id='word_1_372' title='bbox 338 4602 427 4645; x_wconf 88' lang='lat' dir='ltr'>mure</span> <span class='ocrx_word' id='word_1_373' title='bbox 450 4576 588 4655; x_wconf 78' lang='lat' dir='ltr'>theatris</span> <span class='ocrx_word' id='word_1_374' title='bbox 609 4578 828 4685; x_wconf 72' lang='lat' dir='ltr'>curribusque</span> <span class='ocrx_word' id='word_1_375' title='bbox 847 4575 966 4645; x_wconf 63' lang='lat' dir='ltr'>hunno</span> <span class='ocrx_word' id='word_1_376' title='bbox 987 4576 1125 4667; x_wconf 75' lang='lat' dir='ltr'>publico</span> <span class='ocrx_word' id='word_1_377' title='bbox 1146 4575 1282 4643; x_wconf 60' lang='lat' dir='ltr'>efficere</span> 
     </span>
    </p>
   </div>
   <div class='ocr_carea' id='block_1_7' title="bbox 0 0 1430 4958">
    <p class='ocr_par' dir='ltr' id='par_1_12' title="bbox 0 0 1430 4958">
     <span class='ocr_line' id='line_1_50' title="bbox 0 0 1430 4958; baseline 0 0"><span class='ocrx_word' id='word_1_378' title='bbox 0 0 1430 4958; x_wconf 95' lang='lat' dir='ltr'> </span> 
     </span>
    </p>
   </div>
  </div>
 </body>
</html>
