2850 4958
493 283 640 357 LIBER
667 283 917 376 QUARTUS.
1236 286 1307 371 161

69 447 301 528 raminger'is
325 446 463 507 Romam
493 449 620 528 perlata
654 458 713 511 est.
758 448 901 511 Bituitus
929 467 964 511 sc
993 446 1146 517 Domitio
1164 448 1307 524 dedidit,

72 541 193 613 utque
216 533 255 591 ab
279 551 317 592 eo
333 531 478 591 'Romam
499 531 615 592 ductus
639 542 708 606 est,
731 544 910 616 magnaque
924 531 1031 616 gloria
1045 531 1199 595 Consules
1212 535 1309 596 ambo

82 616 397 692 triumphaverunt.
556 648 559 653 ·
1067 642 1071 655 ¹
1132 620 1134 625 ’
1296 654 1298 658 ,

137 698 263 756 XXIII.
299 700 340 759 bb
367 697 488 758 Porcio
513 698 635 759 Catone
654 707 686 758 et
703 699 745 777 Q.
761 699 887 760 Marcio
903 699 990 780 Rege
1006 698 1093 758 Coss.
1108 698 1310 762 DCXXXlIl

75 800 180 841 anuo
204 781 243 840 ab
267 781 358 840 Urbe
385 780 536 855 condita,
565 781 719 843 Narbona
748 783 782 842 in
805 782 909 844 Gallia
931 779 1062 841 colonia
1088 780 1230 843 deducta·
1247 792 1307 846 est.

79 860 214 924 Postea
243 865 278 929 L.
299 862 432 924 Metello
465 866 560 941 etQ.
583 865 693 925 Mucio
716 864 871 926 Scaevola
891 865 980 925 Coss.
1003 863 1044 925 de
1064 863 1224 926 Dalmatia
1245 867 1312 929 tri·-

84 945 294 1024 mmpbatum
316 955 374 1005 est.
1140 958 1145 967 ·

138 1031 262 1088 XXIV.
300 1029 351 1087 Ab
383 1029 477 1089 Urbe
507 1030 638 1091 condita
667 1051 751 1090 anuo
782 1031 977 1091 DCXXXV.
1012 1031 1048 1092 C.
1080 1030 1170 1092 Cato·
1192 1030 1313 1097 Consul

72 1110 280 1173 'Scordiscis
304 1110 417 1171 intulit
436 1110 582 1185 bellum,
607 1113 889 1196 ignominioseque
909 1114 1077 1197 pugnavit.

140 1196 245 1257 XXV.
281 1197 315 1255 C.
341 1193 481 1277 Caecilia
510 1195 644 1256 Metello
678 1205 711 1256 et
732 1197 789 1258 Cn.
814 1198 964 1258 Carbone
987 1199 1075 1260 Coss.
1099 1197 1164 1258 duo
1187 1196 1313 1261 Metelli

77 1276 214 1339 fratres
245 1278 359 1339 eodem
393 1278 463 1349 die,
495 1277 633 1340 alterum
665 1300 704 1340 cx
734 1278 905 1353 Sardinia,
940 1279 1078 1341 alterum
1110 1302 1149 1341 ex
1170 1279 1315 1343 Thracia

69 1362 303 1444 *triumphum
323 1363 761 1446 'egerunmauuciammque
783 1364 905 1424 Romae
927 1373 998 1437 est,
1021 1362 1172 1425 Cimbros
1193 1383 1211 1424 e
1233 1361 1315 1426 Gal-

77 1438 140 1507 lia
165 1445 197 1504 in
219 1445 347 1505 Italiam
370 1445 534 1506 transisse.
1095 1462 1099 1468 ·

72 1586 79 1591 ,
140 1528 263 1589 XXVI.
295 1527 333 1587 P.
357 1527 513 1606 Scipione
544 1529 660 1588 Nasica
689 1536 720 1588 et
740 1528 777 1590 L.
803 1526 980 1606 Calpurnio
1002 1528 1112 1596 Bestia
1136 1530 1225 1591 Coss.
1248 1527 1316 1591 Iu-

86 1630 268 1673 cuaraa
281 1633 318 1682 a,
343 1609 557 1670 Numidarum
580 1611 672 1693 regi,
693 1610 817 1671 bellam
839 1610 963 1673 illatum
988 1619 1053 1685 est,
1076 1612 1162 1695 quod
1182 1611 1317 1673 Adher-

79 1686 205 1755 lsnlem
233 1703 265 1754 et
299 1692 536 1772 Hiempsalem,
570 1694 727 1773 Micipsae
757 1693 863 1766 filios,
886 1694 1004 1753 fratres
1026 1715 1123 1768 suos,
1146 1716 1259 1777 reges,
1282 1702 1318 1756 et

80 1769 137 1838 1².
160 1779 198 1838 R.
223 1779 363 1848 amieos,
387 1777 615 1836 interemisset.
660 1777 776 1836 Missus
797 1775 950 1837 adversus
972 1797 1046 1838 eum
1070 1779 1142 1839 Cos.
1168 1778 1316 1859 Calpur-

82 1860 171 1921 nius
194 1860 320 1932 Bestia,
343 1868 520 1939 corruptus
543 1858 628 1940 regis
649 1860 806 1940 pecunia,
831 1879 945 1940 pacem
967 1880 1041 1920 cum
1063 1882 1102 1922 eo
1124 1861 1317 1945 flagitiosis·-

82 1944 213 2003 -nimam
237 1944 326 2014 tecit,
352 1964 435 2024 quae
456 1965 472 2001 a
494 1943 613 2002 Senatu
637 1942 902 2023 improbataest.
927 1941 1064 2004 ·Postea
1081 1952 1201 2005 eontra
1224 1966 1316 2008 eun·

84 2024 170 2087 dem
188 2073 195 2099 ,
220 2025 401 2108 insequenti
422 2047 527 2098 anno,
551 2025 689 2105 Spurius
709 2024 897 2085 Postumius
914 2024 1051 2086 Albinus
1066 2028 1235 2109 profectus
1253 2037 1314 2092 est·

87 2106 130 2171 Js
154 2131 285 2191 quoqne
306 2130 367 2189 per
386 2110 519 2168 fratrem
543 2107 762 2190 ignominiose
791 2117 905 2168 contra
927 2109 1083 2170 Numidas
1103 2113 1274 2194 pugnavit.

97 2210 101 2215 ·
137 2194 291 2253 XXVII.¹
311 2192 425 2252 Tertio
450 2192 563 2251 missus
586 2182 627 2270 Q.
650 2190 808 2251 Caecilius
831 2191 983 2253 Metellus
1006 2194 1148 2264 Consul,
1178 2196 1316 2258 exerci-

86 2282 168 2336 tum
199 2276 322 2360 ingenti
353 2275 524 2336 severitate
558 2284 590 2335 et
620 2272 846 2335 moderatione
868 2284 1074 2346 correctum,
1106 2298 1207 2360 Qum
1227 2278 1315 2344 nibil

96 2358 134 2421 iu
157 2381 350 2441 quemquam
374 2366 544 2418 cruentum
577 2359 720 2430 faceret,
753 2355 794 2416 a'd
817 2355 1022 2439 disciplinam
1049 2358 1229 2421 Romanam
1251 2384 1318 2423 re·-

95 2440 204 2503 duxit.
247 2441 440 2526 Iugurtham
461 2441 559 2501 variis
581 2439 719 2520 proeliis
739 2440 840 2512 vicit,
865 2439 1055 2519 elephantos
1077 2444 1146 2504 eius
1169 2444 1314 2519 occidit,

92 2524 151 2585 vel
183 2528 289 2606 cepit:
323 2523 455 2602 [multas
488 2524 635 2584 civitates
662 2522 764 2603 ipsius
795 2523 828 2583 in
851 2522 1052 2585 deditionem
1073 2526 1229 2608 accepit]
1272 2527 1316 2591 Et

100 2630 205 2690 quum
238 2610 301 2669 iam
331 2606 419 2666 bello
448 2604 543 2665 finem
573 2604 741 2687 positurus
774 2614 876 2677 esset,
908 2627 1090 2670 successum
1113 2615 1161 2671 est
1182 2608 1213 2671 ei
1234 2631 1252 2671 a
1275 2613 1313 2674 C.

99 2693 225 2754 Mario.
275 2691 307 2750 Is
345 2687 537 2767 Iugurtham
573 2697 605 2748 et
636 2688 824 2761 bocchum,
855 2686 1077 2753 Mauretaniae
1109 2713 1235 2774 regem,
1256 2698 1318 2779 qui

100 2772 263 2833 auxilium
288 2769 466 2847 Iugurthae
488 2771 575 2829 terre
596 2778 769 2848 coeperat,
791 2770 919 2851 pariter
939 2775 1114 2850 superavit.
1139 2775 1318 2859 Aliquantis

99 2865 138 2917 et
161 2855 229 2933 ipse
251 2855 371 2936 oppida
393 2850 566 2912 Numidiae
588 2853 694 2931 cepit,
714 2851 869 2932 belloque
889 2856 1064 2915 terminum
1077 2862 1201 2938 posuit,
1217 2871 1316 2944 capto

69 2934 263 3017 'Iugurtha
294 2959 356 3019 per
386 2937 601 3013 Quaesturam
633 2955 725 2992 suum
756 2932 945 2994 Cornelium
974 2935 1120 3010 Sullam,
1153 2943 1318 3020 ingentem

100 3004 234 3085 virum:
258 3020 406 3080 tradente
427 3017 559 3077 Boccbo
583 3015 797 3098 Iugurtham,
820 3016 876 3096 qui
897 3038 960 3096 pro
985 3026 1121 3078 ecante
1142 3042 1317 3100 pugnares.

100 3114 167 3169 rat.
211 3103 239 3165 A
267 3106 312 3163 Μ.
335 3101 431 3163 Ιυιιὶο
460 3099 592 3172 Silano,
615 3098 740 3181 collega
762 3099 803 3175 Q.
825 3099 972 3175 Metelli,
997 3100 1119 3161 Cimbri
1143 3103 1177 3165 iu
1200 3103 1318 3185 Gallia,

101 3198 175 3251 eta
196 3188 342 3248 Minucio
367 3186 453 3245 Rufo
475 3184 509 3243 in
531 3182 720 3249 Macedonia
742 3181 907 3244 Scordisci
928 3191 961 3242 et
982 3182 1143 3265 Triballi3
1166 3194 1198 3247 et
1211 3210 1230 3249 a
1243 3188 1319 3250 Ser-

99 3272 184 3334 vilio
207 3271 370 3351 Caepione
392 3268 426 3329 in
447 3265 604 3347 Hispania
626 3264 772 3325 Lusitani
793 3264 874 3326 victi
894 3274 989 3340 sunt,
1014 3275 1047 3329 et
1066 3264 1132 3330 duo
1155 3270 1318 3355 triumpbi

101 3355 146 3417 ‹te
167 3354 347 3439 Iugurtha,
379 3350 505 3434 primus
532 3370 593 3430 per
614 3347 782 3426 Metellum
793 3394 803 3422 ,
828 3349 988 3411 secundus
1006 3370 1069 3433 per
1088 3353 1230 3415 Marium
1250 3356 1316 3419 acti

100 3446 192 3500 suut.
234 3436 318 3496 Ante
339 3456 471 3496 curram
492 3441 608 3493 tamen¹
623 3430 722 3492 Marii
743 3431 903 3513 Iugurtha
925 3454 998 3495 cum
1020 3433 1147 3498 duobus
1161 3435 1238 3501 liliis
1251 3437 1317 3501 du-

100 3528 177 3585 etus
194 3528 243 3581 est
260 3526 436 3592 catenatus,
459 3523 492 3578 et
512 3536 589 3579 mox
610 3513 699 3576 iussu
722 3514 871 3578 Consulis
888 3516 923 3577 in
937 3537 1069 3582 carcere
1083 3522 1313 3609 strangulatus.

452 3718 637 3805 LIBER
670 3722 962 3817 QUINTUS.

101 3944 134 4007 1.
156 3868 298 4031 Dum
316 3939 441 4004 bellum
461 3940 496 4001 ln
516 3938 671 4002 Numidia
692 3943 815 4000 contra·
836 3936 1028 4019 Iugurtham
1058 3936 1206 4019 geritur,
1237 3937 1315 4002 tto,

102 4030 193 4093 mani
215 4025 369 4090 Consules
395 4026 441 4084 M.
461 4023 601 4085 Manlius
629 4024 724 4101 etQ.
748 4018 868 4102 Caepio
890 4040 909 4079 a
931 4016 1071 4080 Cimbris
1092 4030 1124 4082 et
1144 4022 1313 4085 Teutoni-

100 4112 188 4186 bus,
211 4120 243 4173 et
264 4106 449 4193 Tigurinis,
473 4114 506 4166 et
526 4105 770 4177 Ambronibus,
803 4120 885 4186 quae
907 4110 999 4162 erant
1021 4102 1258 4167 Germanorum
1280 4110 1314 4167 et

103 4193 278 4257 Gallorum
298 4198 426 4276 gentes,
449 4187 529 4250 vieti
550 4198 624 4251 suut
645 4190 737 4250 iuxta
758 4186 877 4248 flumen
901 4182 1116 4263 Rhodanum
1140 4197 1172 4249 et
1192 4188 1316 4271 ingenti

102 4270 481 4346 internecione-attriti,
506 4272 604 4333 etiam
626 4280 730 4332 castra
750 4290 807 4330 sua
829 4278 861 4331 et
880 4286 1029 4349 magnam
1056 4278 1183 4351 partem
1213 4286 1316 4333 exer-

103 4362 192 4425 eitus
212 4356 438 4441 perdideruat.
483 4354 601 4416 Timor
620 4354 743 4414 Romae
766 4350 896 4431 grandis
916 4350 992 4424 fuit,
1008 4360 1145 4431 quantus
1160 4350 1213 4411 rix
1228 4352 1315 4414 Han·

102 4441 246 4514 nibalis,
267 4448 418 4521 tempore
436 4437 555 4499 Punici
577 4435 678 4509 belli,
700 4453 742 4495 ne
762 4435 882 4495 iterum
905 4431 990 4497 Galli
1006 4434 1141 4495 Romam
1156 4431 1312 4497 redirent.

102 4526 196 4607 Ergo
219 4522 342 4585 Marius
357 4529 435 4606 post
454 4521 626 4582 victoriam
648 4516 874 4601 Iugurthinam
890 4517 1033 4591 secundo
1047 4516 1121 4579 Cos.¹
1138 4525 1184 4578 est
1197 4516 1316 4588 sactus,

104 4608 299 4694 bdtamqus
315 4604 350 4669 a·
368 4611 484 4670 matrs
504 4602 665 4669 ciamu-
676 4608 711 4665 οι
730 4600 901 4667 Teutonas
918 4598 1096 4669 tauream
1112 4608 1177 4664 est.
1202 4596 1334 4663 *tertis

521 4750 525 4755 .
835 4704 877 4753 Μ
