2850 4958
98 268 123 344 d
198 264 201 271 ’
323 325 326 333 -
618 268 816 348 vatum

140 437 230 499 Dum
251 436 286 499 in
306 433 449 498 externis
463 453 602 508 moror,
624 434 726 498 incidi
749 438 783 497 in
803 455 875 497 rem
893 431 1124 508 domesticam,-
1154 432 1315 497 maximi·-

99 540 165 602 que
185 519 309 581 erroris
331 527 364 581 et
383 518 522 580 multum
536 517 774 601 discrepantem
793 528 964 580 auctorum
979 516 1204 598 opinionibus.
1226 519 1315 580 Nam

100 603 260 685 quidam,
296 603 405 664 huius.
423 602 583 683 temporis
613 611 747 677 tractu,
787 598 900 676 aiunt,¹
936 623 954 662 a
983 601 1098 662 Tuscis
1134 604 1319 684 Capuam,

89 685 282 770 ¹Nolamque
324 684 517 758 conditam,
557 695 631 766 aute
667 707 768 747 annos
808 688 878 747 fere
918 685 1145 747 DCCCXXX:
1192 685 1317 766 quibus

101 768 251 852 equidem
282 768 490 831 adsenscrim.
533 767 664 831 SedM.
689 771 769 831 Cato
791 777 950 852 quantum
972 764 1100 831 differt!
1123 769 1181 853 qni
1203 767 1315 843 dicat,

101 855 243 934 Capuam
265 851 304 912 ab
322 852 441 913 eisdem
457 852 570 912 Tuscis
585 850 769 926 conditam,
802 874 839 914 ac
859 853 997 937 subinde
1018 850 1157 927 Nolam3
1186 850 1319 912 stetisse

99 944 208 996 autem
231 937 371 1016 Capuam
383 974 395 1010 ,·
425 942 597 1018 autequam
617 959 635 996 a
656 935 811 998 Romanis
844 944 1036 1018 caperetur,
1065 937 1156 996 annis
1177 935 1318 997 circiter

101 1019 221 1080 CCLX.
264 1019 408 1097 Quodsi
433 1018 477 1079 ita
503 1027 571 1092 est,
594 1040 696 1102 quum
716 1020 780 1081 siut
800 1042 819 1079 a
842 1021 950 1103 Capua
973 1028 1065 1102 captu
1087 1019 1161 1080 anni
1185 1018 1316 1080 ccxha
1348 1044 1349 1053 ¹

100 1112 138 1164 ut
158 1102 290 1164 condita
327 1110 394 1177 est,
426 1101 502 1166 anni
532 1111 608 1162 sunt
634 1105 704 1174 fere
737 1104 780 1163 D.
802 1102 871 1186 Ego
900 1105 999 1186 (pecc
1030 1101 1219 1185 diligentiae
1244 1103 1318 1163 Ca-

99 1187 188 1247 tonis
212 1185 367 1265 dixerim)
386 1185 442 1245 vix
463 1184 681 1261 crediderim,
711 1193 778 1247 tam
805 1194 931 1249 mature
956 1194 1080 1246 tantam
1104 1185 1221 1248 urbem
1237 1193 1319 1248 cr'e-

1 1270 3 1280 ’
99 1270 205 1343 risse,
228 1269 398 1342 floruisse,
421 1267 623 1342 concidisse,
646 1270 873 1331 resurrexisse.

142 1352 238 1414 VIII.
273 1350 495 1413 Clarissimum
522 1350 638 1413 deinde
661 1351 807 1413 omnium
827 1351 990 1414 ludicrum
1013 1358 1197 1425 certamen,
1220 1356 1254 1410 et
1273 1347 1325 1410 ed·

100 1435 302 1499 excitandam
335 1433 488 1517 corporis
519 1435 684 1517 animique
713 1436 869 1496 virtutem
900 1433 1171 1508 efficacissimum,
1195 1432 1319 1515 Olym-

99 1520 234 1602 piorum
256 1519 387 1580 initium
408 1517 545 1591 habuit,
566 1527 735 1583 auctorem
758 1519 906 1600 Iphitum
926 1518 1047 1580 Elium.
1088 1519 1120 1578 Is
1142 1538 1198 1579 eos
1217 1515 1319 1579 ludos

100 1611 345 1684 mercatumque
366 1601 511 1662 instituit
530 1606 609 1662 aule,
626 1622 738 1676 annos,
759 1624 857 1686 quam
876 1611 935 1675 tu,
958 1602 1004 1663 M.
1027 1600 1161 1674 Vinici,
1185 1601 1319 1662 Consu-

98 1685 202 1753 latum
227 1686 349 1759 inires,
380 1683 612 1747 DCCCCXIII.
655 1686 729 1747 Hoc
750 1705 878 1747 sacrum
899 1683 1015 1747 eodem
1035 1683 1112 1746 loco
1135 1684 1317 1745 instituisse

97 1770 207 1833 femur
236 1767 356 1830 abhinc
389 1788 490 1829 annos
524 1769 627 1829 Iermc
649 1769 764 1829 MCCL
793 1767 931 1843 Atreus,
959 1790 1060 1851 quum
1087 1767 1204 1850 Pelopi
1225 1765 1317 1849 patri

68 1852 71 1857 ⁴
99 1854 253 1919 funebres
273 1850 369 1912 ludos
389 1852 523 1911 faceret.
566 1852 641 1929 Quo
665 1850 799 1933 quidem
826 1851 861 1912 in
890 1849 1045 1924 ludicro,
1077 1851 1215 1934 [luctae]
1243 1870 1321 1911 om·-

99 1936 216 2019 nisque
237 1934 365 2017 generis
386 1931 599 1993 certaminum
624 1933 779 1994 Hercules
800 1934 910 1995 victor
934 1935 1069 1995 exstitit.
1102 1934 1186 1994 Tum
1207 1932 1336 1994 Athea

99 2018 152 2079 nis
178 2017 332 2101 perpetui
365 2014 549 2103 Archpntes
579 2037 646 2076 esse
678 2015 866 2091 desierunt,
903 2021 1004 2101 quum
1035 2018 1150 2079 fuisset
1182 2016 1320 2087 ultimus

100 2100 297 2175 Alcmaeon,
322 2107 567 2182 coeperuntque
589 2100 622 2160 in
644 2098 744 2162 denos
766 2121 867 2161 annos
889 2101 1007 2162 creari
1054 2103 1147 2179 Quae
1167 2121 1318 2161 cousue-

102 2185 185 2246 tudo
221 2183 255 2244 in
286 2204 387 2245 annos
416 2182 505 2243 Lxx
534 2181 672 2244 mansit:
711 2206 749 2245 ac
780 2183 897 2245 deiude
927 2184 1041 2245 annuis
1068 2185 1238 2245 commissa
1271 2193 1321 2247 cst

104 2268 349 2352 magistratibus
375 2264 581 2348 Respublica.
625 2266 673 2327 Ex
703 2266 763 2341 iis,
793 2268 849 2350 qui
872 2268 1074 2328 denisanuis
1095 2271 1321 2351 prefuerunt,

102 2353 229 2435 primus
250 2351 315 2412 fuit
338 2349 497 2431 Charops,
519 2348 652 2411 ultimus
671 2349 828 2434 Eryxias:
852 2370 891 2411 ex
913 2351 1038 2424 annuis,
1055 2354 1181 2434 primus
1197 2353 1318 2415 Creon.

145 2434 242 2496 Sexta
275 2433 492 2516 Olympiade,
524 2441 601 2516 post
632 2433 714 2494 duos
744 2441 777 2495 et
804 2434 920 2512 viginti
950 2455 1062 2509 annos,
1086 2457 1183 2518 quam
1212 2436 1320 2517 prima

64 2583 65 2586 Ἴ
105 2518 284 2580 constituta
313 2519 439 2589 lueret,
470 2516 650 2590 Romulus,
682 2518 798 2578 Martis
828 2517 935 2590 filius,
966 2516 1054 2578 ultus
1085 2517 1223 2580 iniurias
1245 2518 1321 2592 avi,

104 2601 243 2662 Romam
274 2600 391 2663 urbem
419 2599 584 2661 Parilibus
611 2601 645 2660 iu
674 2599 799 2662 Palatio
832 2599 1002 2674 condidit3
1033 2623 1138 2686 aquo
1169 2609 1322 2684 tempore

103 2683 223 2745 advos
254 2685 345 2745 Coss.
368 2683 444 2743 anni
475 2691 550 2743 sunt
579 2683 846 2744 DCCLXXXIII.
891 2683 930 2744 Id
958 2693 1163 2769 actumpost
1184 2685 1323 2748 Troiam

106 2777 235 2848 captam
260 2766 351 2828 anuis
375 2765 604 2828 CDXXXVII.
645 2765 685 2827 Id
706 2766 804 2850 gessit
826 2765 1002 2841 Romulus,
1026 2768 1155 2831 adiutus
1175 2768 1325 2852 legioni-a

104 2850 166 2911 bus
185 2851 309 2911 Latinis
331 2848 381 2910 avi
409 2850 471 2911 sui.
514 2849 670 2910 Libenter
698 2849 783 2910 euim
813 2849 885 2925 his,
915 2850 974 2934 qui
1002 2851 1047 2912 ita
1074 2851 1321 2935 prodiderunt,-

105 2934 316 2995 accesserim:
350 2955 452 3016 quum
487 2933 583 2994 aliter
619 2932 751 2994 firmare
782 2934 899 2994 urbem
927 2955 1069 3006 novam,
1108 2947 1174 2996 tam
1203 2934 1323 2996 vicinis

105 3017 320 3091 Veientibus,
343 3016 491 3099 aliisque,
514 3017 661 3077 Etruscis
683 3036 721 3076 ac
741 3015 883 3090 Sabinis,
907 3038 980 3078 oum
1003 3017 1127 3080 imbelli
1149 3027 1181 3078 et
1201 3027 1323 3101 pasto-

106 3100 169 3163 rati
190 3122 288 3162 manu
311 3101 365 3161 rix
389 3102 548 3182 potuerit,
580 3121 775 3182 quamquam
792 3121 879 3174 eam,
901 3099 992 3182 asylo
1014 3101 1101 3162 lhoto
1127 3103 1213 3162 inter
1237 3102 1321 3165 duos

106 3182 219 3258 lucos,
252 3184 353 3246 auxit.
392 3184 460 3245 ‘Hic
483 3192 613 3244 centum
633 3180 784 3244 homines
808 3183 945 3256 electos,
979 3182 1225 3269 appellatosque
1249 3187 1322 3248 Pa·-

107 3274 193 3338 tres,
224 3268 327 3333 instar
348 3268 465 3327 babuit
486 3266 615 3327 consilii
635 3265 912 3347 ,temistanum
933 3265 1093 3348 originem
1117 3291 1234 3331 nomeu
1255 3271 1325 3332 Pa-

107 3350 284 3412 triciorum
297 3349 408 3412 habet.
450 3349 573 3430 Raptus
594 3349 757 3431 virginum
782 3347 977 3413 Sabinarum
998 3353 1079 3395 *ὓ

151 3434 282 3512 [Iugera
307 3434 446 3505 lacuna,
475 3452 540 3513 qua
570 3431 724 3511 absorpto
755 3444 802 3493 art
827 3428 968 3494 distorta
998 3455 1094 3516 torque
1117 3432 1164 3494 od
1180 3456 1324 3512 annum,-

109 3536 172 3599 quo
194 3523 342 3588 Perseus,
365 3536 426 3575 rea:
447 3513 666 3587 Macedoniae,
684 3519 859 3577 uzssetnsest.
892 3517 951 3578 Aa
966 3513 1050 3577 huno
1065 3519 1172 3577 locum
1181 3526 1336 3599 pertines

97 3601 349 3681 flegmaticum,
375 3598 462 3680 quod
482 3596 598 3657 laudat
621 3603 785 3659 Priscian.
824 3604 892 3660 Π.
906 3612 943 3681 71.
967 3622 1055 3684 7oou·
1082 3605 1157 3660 uM.
1185 3603 1328 3680 Vellejus

110 3684 305 3746 paterculus
320 3686 450 3763 pruno:
473 3681 542 3742 Nec
563 3680 669 3742 minus
690 3680 797 3744 clarus
818 3696 859 3746 ee·
875 3689 1069 3770 tempestate
1083 3682 1152 3751 'fuit
1164 3677 1327 3749 Miltiadis

111 3766 218 3841 filius,
242 3765 407 3844 Cimon.”]
752 3820 754 3824 ,
1052 3764 1056 3789 ’

152 3849 211 3911 tx.
245 3852 323 3885 *⁴¹*
346 3869 444 3930 quam
464 3847 620 3909 timuerat
645 3845 768 3922 bostis,
798 3848 931 3932 expetit.
975 3849 1057 3910 Nam
1083 3846 1221 3911 biennio
1239 3848 1323 3913 adeo

112 3932 202 3993 varia
228 3932 361 3992 fortune
393 3951 467 3992 cum
499 3934 587 3996 Coss.
620 3931 830 4003 conflixerat,
872 3941 909 3994 ut
946 3934 1140 4017 plerumque
1170 3934 1328 4017 superior

111 4015 233 4089 fuerit,
250 4025 623 4099 magnamquepartem
645 4014 801 4075 Graeciae
822 4015 856 4076 iu
877 4017 1066 4081 societatem
1087 4038 1176 4077 suam
1195 4017 1326 4101 perdu-

114 4107 213 4159 ceret.
257 4100 346 4176 Quin
378 4098 499 4160 Rhodii
531 4118 682 4179 quoque,
716 4095 894 4161 fidelissimi
926 4100 1220 4176 terassonam,
1253 4111 1326 4164 tum

114 4181 314 4256 subiende,
345 4181 502 4266 speculati
530 4184 719 4256 fortunam,
749 4182 1328 4269 pronioresregispartihus'fuisse

114 4266 175 4326 visi
204 4274 295 4341 sunt3
326 4274 370 4328 eti
389 4287 446 4335 rex
477 4266 635 4327 Eumenes
666 4261 699 4324 in
732 4284 771 4325 eo
801 4265 889 4327 bello
928 4269 1054 4329 medius
1090 4268 1154 4328 fuit
1188 4268 1326 4344 animo,

113 4369 220 4430 neque
240 4349 498 4422 fratris-initiis,
530 4368 637 4429 neque
659 4368 735 4408 suae
755 4351 928 4431 respondit
954 4351 1193 4413 consuetudini.
1239 4350 1325 4413 Tum

113 4433 249 4495 Senatus
262 4464 266 4495 ;
279 4426 487 4516 populusque
515 4430 678 4492 Romanus
700 4429 874 4495 Aemilium
895 4435 1064 4508 Paullum,
1088 4435 1146 4513 qut
1168 4444 1200 4495 et
1221 4436 1326 4497 Prae-

114 4524 224 4578 toret
246 4516 366 4579 Consul
389 4513 669 4593 triumphaverat,
691 4517 798 4579 virum
829 4519 862 4580 in
894 4524 1019 4580 tentum
1036 4519 1255 4587 laudandum.
1288 4516 1326 4580 in

117 4597 437 4684 quantumintelligi
460 4600 567 4683 virtus
586 4607 724 4682 potest,
751 4601 923 4665 Consulem
953 4604 1098 4678 erearit3
1130 4597 1327 4693 liliumeim
