<?xml version="1.0" encoding="UTF-8"?>
<!DOCTYPE html PUBLIC "-//W3C//DTD XHTML 1.0 Transitional//EN"
    "http://www.w3.org/TR/xhtml1/DTD/xhtml1-transitional.dtd">
<html xmlns="http://www.w3.org/1999/xhtml" xml:lang="en" lang="en">
 <head>
  <title>
</title>
<meta http-equiv="Content-Type" content="text/html;charset=utf-8" />
  <meta name='ocr-system' content='tesseract 3.04.00' />
  <meta name='ocr-capabilities' content='ocr_page ocr_carea ocr_par ocr_line ocrx_word'/>
</head>
<body>
  <div class='ocr_page' id='page_1' title='image "./scriptoreshisto00fiedgoog_0074.png"; bbox 0 0 2850 4958; ppageno 0'>
   <div class='ocr_carea' id='block_1_1' title="bbox 457 220 1314 363">
    <p class='ocr_par' dir='ltr' id='par_1_1' title="bbox 457 220 1314 363">
     <span class='ocr_line' id='line_1_1' title="bbox 457 220 1314 363; baseline -0.014 -16"><span class='ocrx_word' id='word_1_1' title='bbox 457 266 919 347; x_wconf 65' lang='lat' dir='ltr'><strong>uasaaoummn.</strong></span> <span class='ocrx_word' id='word_1_2' title='bbox 1260 220 1314 363; x_wconf 63' lang='lat' dir='ltr'><strong>,a</strong></span> 
     </span>
    </p>
   </div>
   <div class='ocr_carea' id='block_1_2' title="bbox 85 428 1323 4605">
    <p class='ocr_par' dir='ltr' id='par_1_2' title="bbox 85 428 1319 2440">
     <span class='ocr_line' id='line_1_2' title="bbox 85 428 1313 513; baseline -0.005 -14"><span class='ocrx_word' id='word_1_3' title='bbox 85 447 121 499; x_wconf 89' lang='lat' dir='ltr'><strong>et</strong></span> <span class='ocrx_word' id='word_1_4' title='bbox 145 435 312 499; x_wconf 82' lang='lat' dir='ltr'><strong>custodias</strong></span> <span class='ocrx_word' id='word_1_5' title='bbox 340 434 442 497; x_wconf 76' lang='lat' dir='ltr'><strong>maris·</strong></span> <span class='ocrx_word' id='word_1_6' title='bbox 468 436 675 512; x_wconf 82' lang='lat' dir='ltr'><strong>praefuerat,</strong></span> <span class='ocrx_word' id='word_1_7' title='bbox 707 456 784 497; x_wconf 89' lang='lat' dir='ltr'><strong>cum</strong></span> <span class='ocrx_word' id='word_1_8' title='bbox 811 433 901 503; x_wconf 84' lang='lat' dir='ltr'><strong>omni</strong></span> <span class='ocrx_word' id='word_1_9' title='bbox 929 432 1109 513; x_wconf 62' lang='lat' dir='ltr'><strong>commissa!</strong></span> <span class='ocrx_word' id='word_1_10' title='bbox 1128 428 1194 492; x_wconf 89' lang='lat' dir='ltr'><strong>sibi</strong></span> <span class='ocrx_word' id='word_1_11' title='bbox 1214 438 1313 513; x_wconf 87' lang='lat' dir='ltr'><strong>parto</strong></span> 
     </span>
     <span class='ocr_line' id='line_1_3' title="bbox 88 514 1315 605; baseline -0.004 -23"><span class='ocrx_word' id='word_1_12' title='bbox 88 520 252 582; x_wconf 87' lang='lat' dir='ltr'><strong>exercitus</strong></span> <span class='ocrx_word' id='word_1_13' title='bbox 285 517 483 601; x_wconf 83' lang='lat' dir='ltr'><strong>naviumque</strong></span> <span class='ocrx_word' id='word_1_14' title='bbox 510 517 586 578; x_wconf 83' lang='lat' dir='ltr'><strong>Sex.</strong></span> <span class='ocrx_word' id='word_1_15' title='bbox 622 518 841 605; x_wconf 87' lang='lat' dir='ltr'><strong>Pompeium,</strong></span> <span class='ocrx_word' id='word_1_16' title='bbox 875 519 934 580; x_wconf 87' lang='lat' dir='ltr'><strong>Cn.</strong></span> <span class='ocrx_word' id='word_1_17' title='bbox 967 514 1077 601; x_wconf 80' lang='lat' dir='ltr'>Magni</span> <span class='ocrx_word' id='word_1_18' title='bbox 1110 515 1231 590; x_wconf 86' lang='lat' dir='ltr'><strong>filium,</strong></span> <span class='ocrx_word' id='word_1_19' title='bbox 1254 514 1315 599; x_wconf 80' lang='lat' dir='ltr'><strong>qui</strong></span> 
     </span>
     <span class='ocr_line' id='line_1_4' title="bbox 92 598 1315 683; baseline -0.002 -18"><span class='ocrx_word' id='word_1_20' title='bbox 92 624 134 665; x_wconf 85' lang='lat' dir='ltr'><strong>ex</strong></span> <span class='ocrx_word' id='word_1_21' title='bbox 155 602 312 683; x_wconf 86' lang='lat' dir='ltr'><strong>Hispania</strong></span> <span class='ocrx_word' id='word_1_22' title='bbox 333 610 521 674; x_wconf 76' lang='lat' dir='ltr'><strong>revertens,</strong></span> <span class='ocrx_word' id='word_1_23' title='bbox 552 600 699 667; x_wconf 86' lang='lat' dir='ltr'><strong>Siciliam</strong></span> <span class='ocrx_word' id='word_1_24' title='bbox 731 604 830 664; x_wconf 86' lang='lat' dir='ltr'><strong>armis</strong></span> <span class='ocrx_word' id='word_1_25' title='bbox 852 610 1090 681; x_wconf 81' lang='lat' dir='ltr'><strong>occupaverat,</strong></span> <span class='ocrx_word' id='word_1_26' title='bbox 1122 600 1218 681; x_wconf 87' lang='lat' dir='ltr'><strong>petit.</strong></span> <span class='ocrx_word' id='word_1_27' title='bbox 1261 598 1315 667; x_wconf 84' lang='lat' dir='ltr'><strong>Ad</strong></span> 
     </span>
     <span class='ocr_line' id='line_1_5' title="bbox 88 683 1313 769; baseline -0.004 -21"><span class='ocrx_word' id='word_1_28' title='bbox 88 707 188 769; x_wconf 87' lang='lat' dir='ltr'><strong>quem</strong></span> <span class='ocrx_word' id='word_1_29' title='bbox 210 694 243 747; x_wconf 93' lang='lat' dir='ltr'><strong>et</strong></span> <span class='ocrx_word' id='word_1_30' title='bbox 264 705 282 745; x_wconf 91' lang='lat' dir='ltr'><strong>e</strong></span> <span class='ocrx_word' id='word_1_31' title='bbox 301 683 466 749; x_wconf 77' lang='lat' dir='ltr'>Brutianis</span> <span class='ocrx_word' id='word_1_32' title='bbox 487 684 602 745; x_wconf 89' lang='lat' dir='ltr'><strong>castris</strong></span> <span class='ocrx_word' id='word_1_33' title='bbox 625 695 658 746; x_wconf 89' lang='lat' dir='ltr'><strong>et</strong></span> <span class='ocrx_word' id='word_1_34' title='bbox 679 708 719 748; x_wconf 83' lang='lat' dir='ltr'><strong>ex</strong></span> <span class='ocrx_word' id='word_1_35' title='bbox 739 684 853 757; x_wconf 87' lang='lat' dir='ltr'><strong>Italia,</strong></span> <span class='ocrx_word' id='word_1_36' title='bbox 883 683 1022 765; x_wconf 88' lang='lat' dir='ltr'><strong>aliisque</strong></span> <span class='ocrx_word' id='word_1_37' title='bbox 1042 692 1208 747; x_wconf 80' lang='lat' dir='ltr'><strong>terrarum</strong></span> <span class='ocrx_word' id='word_1_38' title='bbox 1228 705 1313 764; x_wconf 87' lang='lat' dir='ltr'><strong>par-</strong></span> 
     </span>
     <span class='ocr_line' id='line_1_6' title="bbox 86 767 1312 852; baseline -0.004 -19"><span class='ocrx_word' id='word_1_39' title='bbox 86 771 198 842; x_wconf 89' lang='lat' dir='ltr'><strong>tibus,</strong></span> <span class='ocrx_word' id='word_1_40' title='bbox 230 788 313 852; x_wconf 90' lang='lat' dir='ltr'><strong>quos</strong></span> <span class='ocrx_word' id='word_1_41' title='bbox 344 767 509 850; x_wconf 79' lang='lat' dir='ltr'><strong>praesenti</strong></span> <span class='ocrx_word' id='word_1_42' title='bbox 540 768 690 850; x_wconf 84' lang='lat' dir='ltr'><strong>periculo</strong></span> <span class='ocrx_word' id='word_1_43' title='bbox 722 771 855 833; x_wconf 71' lang='lat' dir='ltr'><strong>Fortuna</strong></span> <span class='ocrx_word' id='word_1_44' title='bbox 884 767 1107 841; x_wconf 83' lang='lat' dir='ltr'><strong>subduxerat,</strong></span> <span class='ocrx_word' id='word_1_45' title='bbox 1129 768 1312 850; x_wconf 68' lang='lat' dir='ltr'><strong>proscripti</strong></span> 
     </span>
     <span class='ocr_line' id='line_1_7' title="bbox 86 850 1314 933; baseline -0.002 -20"><span class='ocrx_word' id='word_1_46' title='bbox 86 851 309 917; x_wconf 83' lang='lat' dir='ltr'><strong>confluebant.</strong></span> <span class='ocrx_word' id='word_1_47' title='bbox 353 850 486 932; x_wconf 79' lang='lat' dir='ltr'><strong>Quippe</strong></span> <span class='ocrx_word' id='word_1_48' title='bbox 508 851 633 914; x_wconf 86' lang='lat' dir='ltr'><strong>nullum</strong></span> <span class='ocrx_word' id='word_1_49' title='bbox 656 852 853 914; x_wconf 79' lang='lat' dir='ltr'><strong>habentibus</strong></span> <span class='ocrx_word' id='word_1_50' title='bbox 868 859 986 912; x_wconf 87' lang='lat' dir='ltr'><strong>statum</strong></span> <span class='ocrx_word' id='word_1_51' title='bbox 1002 852 1144 933; x_wconf 78' lang='lat' dir='ltr'><strong>quilibet</strong></span> <span class='ocrx_word' id='word_1_52' title='bbox 1158 850 1223 911; x_wconf 86' lang='lat' dir='ltr'><strong>dux</strong></span> <span class='ocrx_word' id='word_1_53' title='bbox 1242 858 1314 918; x_wconf 89' lang='lat' dir='ltr'><strong>erat</strong></span> 
     </span>
     <span class='ocr_line' id='line_1_8' title="bbox 85 934 1313 1018; baseline -0.007 -18"><span class='ocrx_word' id='word_1_54' title='bbox 85 937 248 1009; x_wconf 79' lang='lat' dir='ltr'><strong>idoneus3</strong></span> <span class='ocrx_word' id='word_1_55' title='bbox 271 957 371 1017; x_wconf 89' lang='lat' dir='ltr'><strong>quum</strong></span> <span class='ocrx_word' id='word_1_56' title='bbox 393 936 526 997; x_wconf 87' lang='lat' dir='ltr'><strong>fortuna</strong></span> <span class='ocrx_word' id='word_1_57' title='bbox 547 957 615 997; x_wconf 92' lang='lat' dir='ltr'><strong>non</strong></span> <span class='ocrx_word' id='word_1_58' title='bbox 638 935 832 997; x_wconf 81' lang='lat' dir='ltr'><strong>electionem</strong></span> <span class='ocrx_word' id='word_1_59' title='bbox 855 934 967 1008; x_wconf 88' lang='lat' dir='ltr'><strong>daret,</strong></span> <span class='ocrx_word' id='word_1_60' title='bbox 988 936 1177 1018; x_wconf 79' lang='lat' dir='ltr'><strong>perfugium</strong></span> <span class='ocrx_word' id='word_1_61' title='bbox 1199 942 1313 995; x_wconf 63' lang='lat' dir='ltr'><strong>osten-2</strong></span> 
     </span>
     <span class='ocr_line' id='line_1_9' title="bbox 87 1012 1311 1103; baseline -0.002 -19"><span class='ocrx_word' id='word_1_62' title='bbox 87 1021 202 1092; x_wconf 69' lang='lat' dir='ltr'><strong>deret,</strong></span> <span class='ocrx_word' id='word_1_63' title='bbox 220 1018 450 1100; x_wconf 86' lang='lat' dir='ltr'><strong>exitialemque</strong></span> <span class='ocrx_word' id='word_1_64' title='bbox 467 1026 692 1100; x_wconf 78' lang='lat' dir='ltr'><strong>tempestatem</strong></span> <span class='ocrx_word' id='word_1_65' title='bbox 703 1019 905 1103; x_wconf 79' lang='lat' dir='ltr'><strong>fugientibus</strong></span> <span class='ocrx_word' id='word_1_66' title='bbox 915 1012 1013 1079; x_wconf 83' lang='lat' dir='ltr'><strong>elatio</strong></span> <span class='ocrx_word' id='word_1_67' title='bbox 1024 1041 1087 1101; x_wconf 87' lang='lat' dir='ltr'><strong>pro</strong></span> <span class='ocrx_word' id='word_1_68' title='bbox 1098 1027 1200 1099; x_wconf 87' lang='lat' dir='ltr'><strong>portu</strong></span> <span class='ocrx_word' id='word_1_69' title='bbox 1213 1019 1311 1083; x_wconf 87' lang='lat' dir='ltr'><strong>foret.</strong></span> 
     </span>
     <span class='ocr_line' id='line_1_10' title="bbox 88 1100 1311 1177; baseline 0 -12"><span class='ocrx_word' id='word_1_70' title='bbox 88 1132 93 1141; x_wconf 93' lang='lat'>·</span> <span class='ocrx_word' id='word_1_71' title='bbox 129 1103 285 1165; x_wconf 86' lang='lat' dir='ltr'>LXXIII.</span> <span class='ocrx_word' id='word_1_72' title='bbox 316 1101 381 1167; x_wconf 84' lang='lat' dir='ltr'><strong>Hic</strong></span> <span class='ocrx_word' id='word_1_73' title='bbox 403 1100 590 1163; x_wconf 79' lang='lat' dir='ltr'><strong>adolescens</strong></span> <span class='ocrx_word' id='word_1_74' title='bbox 617 1112 688 1164; x_wconf 87' lang='lat' dir='ltr'><strong>erat</strong></span> <span class='ocrx_word' id='word_1_75' title='bbox 708 1103 826 1165; x_wconf 87' lang='lat' dir='ltr'><strong>studiis</strong></span> <span class='ocrx_word' id='word_1_76' title='bbox 846 1101 950 1175; x_wconf 88' lang='lat' dir='ltr'><strong>rudis,</strong></span> <span class='ocrx_word' id='word_1_77' title='bbox 972 1122 1123 1163; x_wconf 89' lang='lat' dir='ltr'><strong>sermone</strong></span> <span class='ocrx_word' id='word_1_78' title='bbox 1137 1100 1311 1177; x_wconf 80' lang='lat' dir='ltr'><strong>barbarus,</strong></span> 
     </span>
     <span class='ocr_line' id='line_1_11' title="bbox 88 1185 1315 1271; baseline -0.002 -22"><span class='ocrx_word' id='word_1_79' title='bbox 88 1186 218 1268; x_wconf 90' lang='lat' dir='ltr'><strong>impetu</strong></span> <span class='ocrx_word' id='word_1_80' title='bbox 239 1195 415 1258; x_wconf 87' lang='lat' dir='ltr'><strong>strenuus,</strong></span> <span class='ocrx_word' id='word_1_81' title='bbox 437 1206 533 1245; x_wconf 90' lang='lat' dir='ltr'><strong>manu</strong></span> <span class='ocrx_word' id='word_1_82' title='bbox 557 1195 729 1268; x_wconf 81' lang='lat' dir='ltr'><strong>promtus,</strong></span> <span class='ocrx_word' id='word_1_83' title='bbox 752 1187 899 1271; x_wconf 81' lang='lat' dir='ltr'><strong>cogitatu</strong></span> <span class='ocrx_word' id='word_1_84' title='bbox 922 1185 1025 1261; x_wconf 90' lang='lat' dir='ltr'><strong>celer,</strong></span> <span class='ocrx_word' id='word_1_85' title='bbox 1049 1185 1113 1246; x_wconf 90' lang='lat' dir='ltr'><strong>fide</strong></span> <span class='ocrx_word' id='word_1_86' title='bbox 1132 1187 1220 1265; x_wconf 87' lang='lat' dir='ltr'><strong>patri</strong></span> <span class='ocrx_word' id='word_1_87' title='bbox 1243 1186 1315 1247; x_wconf 76' lang='lat' dir='ltr'><strong>dis·-</strong></span> 
     </span>
     <span class='ocr_line' id='line_1_12' title="bbox 88 1267 1312 1353; baseline -0.001 -22"><span class='ocrx_word' id='word_1_88' title='bbox 88 1268 299 1342; x_wconf 87' lang='lat' dir='ltr'><strong>simillimus,</strong></span> <span class='ocrx_word' id='word_1_89' title='bbox 327 1267 524 1331; x_wconf 89' lang='lat' dir='ltr'><strong>libertorum</strong></span> <span class='ocrx_word' id='word_1_90' title='bbox 556 1290 692 1331; x_wconf 91' lang='lat' dir='ltr'><strong>suorum</strong></span> <span class='ocrx_word' id='word_1_91' title='bbox 718 1270 881 1343; x_wconf 80' lang='lat' dir='ltr'><strong>libertus,</strong></span> <span class='ocrx_word' id='word_1_92' title='bbox 914 1288 1152 1353; x_wconf 81' lang='lat' dir='ltr'><strong>servorumque</strong></span> <span class='ocrx_word' id='word_1_93' title='bbox 1178 1290 1312 1344; x_wconf 84' lang='lat' dir='ltr'><strong>servus,</strong></span> 
     </span>
     <span class='ocr_line' id='line_1_13' title="bbox 89 1350 1315 1436; baseline 0.001 -22"><span class='ocrx_word' id='word_1_94' title='bbox 89 1352 252 1436; x_wconf 82' lang='lat' dir='ltr'><strong>speciosis</strong></span> <span class='ocrx_word' id='word_1_95' title='bbox 275 1350 442 1423; x_wconf 78' lang='lat' dir='ltr'><strong>inridens,</strong></span> <span class='ocrx_word' id='word_1_96' title='bbox 466 1361 502 1412; x_wconf 89' lang='lat' dir='ltr'><strong>ut</strong></span> <span class='ocrx_word' id='word_1_97' title='bbox 520 1361 662 1434; x_wconf 89' lang='lat' dir='ltr'><strong>pareret·</strong></span> <span class='ocrx_word' id='word_1_98' title='bbox 678 1353 883 1416; x_wconf 81' lang='lat' dir='ltr'><strong>humillimis.</strong></span> <span class='ocrx_word' id='word_1_99' title='bbox 928 1354 1035 1430; x_wconf 86' lang='lat' dir='ltr'><strong>Quem</strong></span> <span class='ocrx_word' id='word_1_100' title='bbox 1054 1354 1208 1426; x_wconf 87' lang='lat' dir='ltr'><strong>Senatus,</strong></span> <span class='ocrx_word' id='word_1_101' title='bbox 1231 1375 1315 1433; x_wconf 80' lang='lat' dir='ltr'><strong>pac·-</strong></span> 
     </span>
     <span class='ocr_line' id='line_1_14' title="bbox 89 1434 1315 1519; baseline -0.001 -22"><span class='ocrx_word' id='word_1_102' title='bbox 89 1457 131 1503; x_wconf 86' lang='lat' dir='ltr'><strong>ae</strong></span> <span class='ocrx_word' id='word_1_103' title='bbox 159 1443 249 1501; x_wconf 86' lang='lat' dir='ltr'><strong>totus</strong></span> <span class='ocrx_word' id='word_1_104' title='bbox 269 1435 377 1503; x_wconf 89' lang='lat' dir='ltr'><strong>adhuc</strong></span> <span class='ocrx_word' id='word_1_105' title='bbox 399 1456 417 1495; x_wconf 89' lang='lat' dir='ltr'><strong>e</strong></span> <span class='ocrx_word' id='word_1_106' title='bbox 437 1434 647 1516; x_wconf 83' lang='lat' dir='ltr'><strong>Pompeianis</strong></span> <span class='ocrx_word' id='word_1_107' title='bbox 668 1447 819 1499; x_wconf 86' lang='lat' dir='ltr'><strong>constans</strong></span> <span class='ocrx_word' id='word_1_108' title='bbox 840 1437 1013 1518; x_wconf 86' lang='lat' dir='ltr'><strong>partibus,</strong></span> <span class='ocrx_word' id='word_1_109' title='bbox 1035 1446 1112 1519; x_wconf 85' lang='lat' dir='ltr'><strong>post</strong></span> <span class='ocrx_word' id='word_1_110' title='bbox 1137 1437 1270 1497; x_wconf 87' lang='lat' dir='ltr'><strong>Antonii</strong></span> <span class='ocrx_word' id='word_1_111' title='bbox 1295 1458 1315 1496; x_wconf 88' lang='lat' dir='ltr'><strong>a</strong></span> 
     </span>
     <span class='ocr_line' id='line_1_15' title="bbox 90 1516 1317 1605; baseline -0.002 -22"><span class='ocrx_word' id='word_1_112' title='bbox 90 1519 222 1601; x_wconf 75' lang='lat' dir='ltr'><strong>Mutine</strong></span> <span class='ocrx_word' id='word_1_113' title='bbox 241 1521 363 1602; x_wconf 78' lang='lat' dir='ltr'><strong>fugam,</strong></span> <span class='ocrx_word' id='word_1_114' title='bbox 388 1516 502 1578; x_wconf 89' lang='lat' dir='ltr'><strong>eodem</strong></span> <span class='ocrx_word' id='word_1_115' title='bbox 524 1519 583 1582; x_wconf 92' lang='lat' dir='ltr'><strong>illo</strong></span> <span class='ocrx_word' id='word_1_116' title='bbox 605 1529 767 1605; x_wconf 89' lang='lat' dir='ltr'><strong>tempore,</strong></span> <span class='ocrx_word' id='word_1_117' title='bbox 790 1541 857 1603; x_wconf 91' lang='lat' dir='ltr'><strong>quo</strong></span> <span class='ocrx_word' id='word_1_118' title='bbox 881 1522 983 1581; x_wconf 89' lang='lat' dir='ltr'><strong>Bruto</strong></span> <span class='ocrx_word' id='word_1_119' title='bbox 1009 1521 1184 1601; x_wconf 86' lang='lat' dir='ltr'><strong>Cassioque</strong></span> <span class='ocrx_word' id='word_1_120' title='bbox 1204 1528 1317 1581; x_wconf 74' lang='lat' dir='ltr'><strong>trans·-</strong></span> 
     </span>
     <span class='ocr_line' id='line_1_16' title="bbox 90 1599 1316 1686; baseline 0.001 -23"><span class='ocrx_word' id='word_1_121' title='bbox 90 1601 235 1673; x_wconf 83' lang='lat' dir='ltr'><strong>mariaas</strong></span> <span class='ocrx_word' id='word_1_122' title='bbox 255 1601 444 1686; x_wconf 85' lang='lat' dir='ltr'><strong>provincias</strong></span> <span class='ocrx_word' id='word_1_123' title='bbox 465 1599 676 1677; x_wconf 87' lang='lat' dir='ltr'><strong>decreverat,</strong></span> <span class='ocrx_word' id='word_1_124' title='bbox 698 1613 889 1664; x_wconf 79' lang='lat' dir='ltr'><strong>revocatum</strong></span> <span class='ocrx_word' id='word_1_125' title='bbox 911 1624 951 1663; x_wconf 85' lang='lat' dir='ltr'><strong>ex</strong></span> <span class='ocrx_word' id='word_1_126' title='bbox 971 1603 1151 1686; x_wconf 88' lang='lat' dir='ltr'><strong>Hispania,</strong></span> <span class='ocrx_word' id='word_1_127' title='bbox 1175 1600 1232 1663; x_wconf 88' lang='lat' dir='ltr'><strong>uhi</strong></span> <span class='ocrx_word' id='word_1_128' title='bbox 1253 1603 1316 1664; x_wconf 89' lang='lat' dir='ltr'><strong>ad·</strong></span> 
     </span>
     <span class='ocr_line' id='line_1_17' title="bbox 91 1681 1316 1767; baseline -0.003 -16"><span class='ocrx_word' id='word_1_129' title='bbox 91 1707 206 1751; x_wconf 80' lang='lat' dir='ltr'><strong>versus</strong></span> <span class='ocrx_word' id='word_1_130' title='bbox 227 1708 301 1748; x_wconf 89' lang='lat' dir='ltr'><strong>eum</strong></span> <span class='ocrx_word' id='word_1_131' title='bbox 324 1681 540 1746; x_wconf 82' lang='lat' dir='ltr'><strong>clarissimum</strong></span> <span class='ocrx_word' id='word_1_132' title='bbox 560 1685 684 1748; x_wconf 89' lang='lat' dir='ltr'><strong>bellum</strong></span> <span class='ocrx_word' id='word_1_133' title='bbox 708 1686 818 1749; x_wconf 90' lang='lat' dir='ltr'><strong>Pollio</strong></span> <span class='ocrx_word' id='word_1_134' title='bbox 842 1687 973 1748; x_wconf 82' lang='lat' dir='ltr'><strong>Asinius</strong></span> <span class='ocrx_word' id='word_1_135' title='bbox 993 1686 1185 1749; x_wconf 88' lang='lat' dir='ltr'><strong>Praetorius</strong></span> <span class='ocrx_word' id='word_1_136' title='bbox 1206 1706 1316 1767; x_wconf 85' lang='lat' dir='ltr'><strong>gesse-</strong></span> 
     </span>
     <span class='ocr_line' id='line_1_18' title="bbox 91 1768 1316 1852; baseline -0.002 -21"><span class='ocrx_word' id='word_1_137' title='bbox 91 1778 166 1844; x_wconf 85' lang='lat' dir='ltr'><strong>rat,</strong></span> <span class='ocrx_word' id='word_1_138' title='bbox 189 1770 224 1831; x_wconf 91' lang='lat' dir='ltr'><strong>in</strong></span> <span class='ocrx_word' id='word_1_139' title='bbox 243 1777 381 1852; x_wconf 88' lang='lat' dir='ltr'><strong>paterna</strong></span> <span class='ocrx_word' id='word_1_140' title='bbox 402 1768 489 1830; x_wconf 88' lang='lat' dir='ltr'><strong>bona</strong></span> <span class='ocrx_word' id='word_1_141' title='bbox 510 1770 720 1842; x_wconf 84' lang='lat' dir='ltr'><strong>restituerat,</strong></span> <span class='ocrx_word' id='word_1_142' title='bbox 743 1777 776 1835; x_wconf 87' lang='lat' dir='ltr'><strong>at</strong></span> <span class='ocrx_word' id='word_1_143' title='bbox 798 1790 875 1830; x_wconf 87' lang='lat' dir='ltr'><strong>orae</strong></span> <span class='ocrx_word' id='word_1_144' title='bbox 897 1770 1081 1831; x_wconf 83' lang='lat' dir='ltr'><strong>maritimae</strong></span> <span class='ocrx_word' id='word_1_145' title='bbox 1098 1769 1316 1851; x_wconf 79' lang='lat' dir='ltr'><strong>praefecerat.</strong></span> 
     </span>
     <span class='ocr_line' id='line_1_19' title="bbox 92 1850 1317 1938; baseline 0.001 -22"><span class='ocrx_word' id='word_1_146' title='bbox 92 1854 126 1917; x_wconf 93' lang='lat' dir='ltr'><strong>Is</strong></span> <span class='ocrx_word' id='word_1_147' title='bbox 147 1860 240 1927; x_wconf 88' lang='lat' dir='ltr'><strong>tum,</strong></span> <span class='ocrx_word' id='word_1_148' title='bbox 263 1861 301 1913; x_wconf 89' lang='lat' dir='ltr'><strong>nt</strong></span> <span class='ocrx_word' id='word_1_149' title='bbox 319 1850 564 1934; x_wconf 82' lang='lat' dir='ltr'><strong>praediximus,</strong></span> <span class='ocrx_word' id='word_1_150' title='bbox 589 1862 749 1934; x_wconf 88' lang='lat' dir='ltr'><strong>occupata</strong></span> <span class='ocrx_word' id='word_1_151' title='bbox 769 1852 905 1927; x_wconf 90' lang='lat' dir='ltr'><strong>Sicilia,</strong></span> <span class='ocrx_word' id='word_1_152' title='bbox 938 1853 1070 1916; x_wconf 76' lang='lat' dir='ltr'><strong>servitia</strong></span> <span class='ocrx_word' id='word_1_153' title='bbox 1090 1852 1317 1938; x_wconf 82' lang='lat' dir='ltr'><strong>fugitivosque</strong></span> 
     </span>
     <span class='ocr_line' id='line_1_20' title="bbox 93 1934 1316 2020; baseline -0.002 -19"><span class='ocrx_word' id='word_1_154' title='bbox 93 1936 128 2001; x_wconf 88' lang='lat' dir='ltr'><strong>iu</strong></span> <span class='ocrx_word' id='word_1_155' title='bbox 149 1956 323 2001; x_wconf 85' lang='lat' dir='ltr'><strong>numerum</strong></span> <span class='ocrx_word' id='word_1_156' title='bbox 344 1936 507 1996; x_wconf 83' lang='lat' dir='ltr'><strong>exercitus</strong></span> <span class='ocrx_word' id='word_1_157' title='bbox 528 1935 579 1996; x_wconf 89' lang='lat' dir='ltr'><strong>sui</strong></span> <span class='ocrx_word' id='word_1_158' title='bbox 601 1937 784 2019; x_wconf 84' lang='lat' dir='ltr'><strong>recipiens,</strong></span> <span class='ocrx_word' id='word_1_159' title='bbox 814 1958 967 2020; x_wconf 84' lang='lat' dir='ltr'><strong>magnum</strong></span> <span class='ocrx_word' id='word_1_160' title='bbox 993 1937 1128 1998; x_wconf 90' lang='lat' dir='ltr'><strong>modum</strong></span> <span class='ocrx_word' id='word_1_161' title='bbox 1149 1934 1316 2018; x_wconf 84' lang='lat' dir='ltr'><strong>legionum</strong></span> 
     </span>
     <span class='ocr_line' id='line_1_21' title="bbox 93 2017 1314 2101; baseline 0.001 -19"><span class='ocrx_word' id='word_1_162' title='bbox 93 2020 265 2083; x_wconf 77' lang='lat' dir='ltr'><strong>effecerats</strong></span> <span class='ocrx_word' id='word_1_163' title='bbox 296 2038 423 2101; x_wconf 85' lang='lat' dir='ltr'><strong>perque</strong></span> <span class='ocrx_word' id='word_1_164' title='bbox 453 2020 601 2080; x_wconf 83' lang='lat' dir='ltr'><strong>Maenam</strong></span> <span class='ocrx_word' id='word_1_165' title='bbox 629 2029 663 2082; x_wconf 87' lang='lat' dir='ltr'><strong>et</strong></span> <span class='ocrx_word' id='word_1_166' title='bbox 691 2022 934 2094; x_wconf 88' lang='lat' dir='ltr'><strong>Menecratem,</strong></span> <span class='ocrx_word' id='word_1_167' title='bbox 965 2028 1122 2100; x_wconf 89' lang='lat' dir='ltr'><strong>paternos</strong></span> <span class='ocrx_word' id='word_1_168' title='bbox 1152 2017 1314 2099; x_wconf 90' lang='lat' dir='ltr'><strong>libertos,</strong></span> 
     </span>
     <span class='ocr_line' id='line_1_22' title="bbox 91 2100 1316 2186; baseline 0 -19"><span class='ocrx_word' id='word_1_169' title='bbox 91 2102 284 2167; x_wconf 79' lang='lat' dir='ltr'><strong>Praefectos</strong></span> <span class='ocrx_word' id='word_1_170' title='bbox 305 2100 477 2174; x_wconf 87' lang='lat' dir='ltr'><strong>classium,</strong></span> <span class='ocrx_word' id='word_1_171' title='bbox 498 2100 684 2165; x_wconf 88' lang='lat' dir='ltr'><strong>latrociniis</strong></span> <span class='ocrx_word' id='word_1_172' title='bbox 704 2125 742 2164; x_wconf 89' lang='lat' dir='ltr'><strong>ae</strong></span> <span class='ocrx_word' id='word_1_173' title='bbox 762 2104 1033 2186; x_wconf 82' lang='lat' dir='ltr'><strong>praedationibus</strong></span> <span class='ocrx_word' id='word_1_174' title='bbox 1049 2105 1201 2166; x_wconf 77' lang='lat' dir='ltr'><strong>infestato</strong></span> <span class='ocrx_word' id='word_1_175' title='bbox 1217 2107 1316 2176; x_wconf 78' lang='lat' dir='ltr'><strong>mari,</strong></span> 
     </span>
     <span class='ocr_line' id='line_1_23' title="bbox 93 2185 1319 2271; baseline 0.002 -23"><span class='ocrx_word' id='word_1_176' title='bbox 93 2185 135 2249; x_wconf 89' lang='lat' dir='ltr'><strong>ad</strong></span> <span class='ocrx_word' id='word_1_177' title='bbox 158 2207 192 2248; x_wconf 92' lang='lat' dir='ltr'><strong>se</strong></span> <span class='ocrx_word' id='word_1_178' title='bbox 220 2185 465 2267; x_wconf 86' lang='lat' dir='ltr'><strong>exercitumque</strong></span> <span class='ocrx_word' id='word_1_179' title='bbox 492 2185 650 2247; x_wconf 91' lang='lat' dir='ltr'><strong>tuendum</strong></span> <span class='ocrx_word' id='word_1_180' title='bbox 680 2195 776 2269; x_wconf 84' lang='lat' dir='ltr'><strong>rapto</strong></span> <span class='ocrx_word' id='word_1_181' title='bbox 810 2188 982 2261; x_wconf 86' lang='lat' dir='ltr'><strong>utebatur,</strong></span> <span class='ocrx_word' id='word_1_182' title='bbox 1016 2210 1118 2271; x_wconf 91' lang='lat' dir='ltr'><strong>quum</strong></span> <span class='ocrx_word' id='word_1_183' title='bbox 1149 2210 1223 2251; x_wconf 89' lang='lat' dir='ltr'><strong>eum</strong></span> <span class='ocrx_word' id='word_1_184' title='bbox 1249 2211 1319 2251; x_wconf 87' lang='lat' dir='ltr'><strong>non</strong></span> 
     </span>
     <span class='ocr_line' id='line_1_24' title="bbox 93 2268 1318 2354; baseline 0 -21"><span class='ocrx_word' id='word_1_185' title='bbox 93 2269 296 2352; x_wconf 88' lang='lat' dir='ltr'><strong>depuderet,</strong></span> <span class='ocrx_word' id='word_1_186' title='bbox 325 2268 525 2329; x_wconf 80' lang='lat' dir='ltr'><strong>vindicatum</strong></span> <span class='ocrx_word' id='word_1_187' title='bbox 549 2270 649 2331; x_wconf 91' lang='lat' dir='ltr'><strong>armis</strong></span> <span class='ocrx_word' id='word_1_188' title='bbox 670 2290 708 2332; x_wconf 90' lang='lat' dir='ltr'><strong>ac</strong></span> <span class='ocrx_word' id='word_1_189' title='bbox 729 2269 830 2333; x_wconf 90' lang='lat' dir='ltr'><strong>ductu</strong></span> <span class='ocrx_word' id='word_1_190' title='bbox 850 2271 956 2354; x_wconf 88' lang='lat' dir='ltr'><strong>patris</strong></span> <span class='ocrx_word' id='word_1_191' title='bbox 977 2273 1028 2334; x_wconf 93' lang='lat' dir='ltr'><strong>sui</strong></span> <span class='ocrx_word' id='word_1_192' title='bbox 1050 2293 1140 2333; x_wconf 90' lang='lat' dir='ltr'><strong>mare</strong></span> <span class='ocrx_word' id='word_1_193' title='bbox 1162 2274 1318 2334; x_wconf 86' lang='lat' dir='ltr'><strong>infestare</strong></span> 
     </span>
     <span class='ocr_line' id='line_1_25' title="bbox 94 2351 896 2440; baseline -0.012 -24"><span class='ocrx_word' id='word_1_194' title='bbox 94 2353 246 2440; x_wconf 91' lang='lat' dir='ltr'><strong>piraticis</strong></span> <span class='ocrx_word' id='word_1_195' title='bbox 266 2351 458 2415; x_wconf 83' lang='lat' dir='ltr'><strong>sceleribus.</strong></span> <span class='ocrx_word' id='word_1_196' title='bbox 891 2428 896 2436; x_wconf 88' lang='lat'><strong>.</strong></span> 
     </span>
    </p>

    <p class='ocr_par' dir='ltr' id='par_1_3' title="bbox 94 2434 1320 3932">
     <span class='ocr_line' id='line_1_26' title="bbox 137 2434 1317 2519; baseline 0.002 -22"><span class='ocrx_word' id='word_1_197' title='bbox 137 2436 289 2504; x_wconf 84' lang='lat' dir='ltr'><strong>LxxJV.</strong></span> <span class='ocrx_word' id='word_1_198' title='bbox 318 2435 445 2498; x_wconf 87' lang='lat' dir='ltr'><strong>Fraetis</strong></span> <span class='ocrx_word' id='word_1_199' title='bbox 480 2435 645 2497; x_wconf 87' lang='lat' dir='ltr'><strong>Brutianis</strong></span> <span class='ocrx_word' id='word_1_200' title='bbox 684 2434 908 2519; x_wconf 81' lang='lat' dir='ltr'><strong>(laesionisque</strong></span> <span class='ocrx_word' id='word_1_201' title='bbox 943 2434 1114 2515; x_wconf 88' lang='lat' dir='ltr'><strong>partibus,</strong></span> <span class='ocrx_word' id='word_1_202' title='bbox 1153 2436 1317 2502; x_wconf 85' lang='lat' dir='ltr'><strong>Antonius</strong></span> 
     </span>
     <span class='ocr_line' id='line_1_27' title="bbox 96 2518 1317 2601; baseline -0.002 -18"><span class='ocrx_word' id='word_1_203' title='bbox 96 2521 330 2583; x_wconf 64' lang='lat' dir='ltr'><strong>mansmarinas</strong></span> <span class='ocrx_word' id='word_1_204' title='bbox 356 2520 508 2580; x_wconf 89' lang='lat' dir='ltr'><strong>obiturus</strong></span> <span class='ocrx_word' id='word_1_205' title='bbox 535 2518 722 2601; x_wconf 83' lang='lat' dir='ltr'><strong>provincias</strong></span> <span class='ocrx_word' id='word_1_206' title='bbox 743 2520 908 2594; x_wconf 76' lang='lat' dir='ltr'><strong>substitit3</strong></span> <span class='ocrx_word' id='word_1_207' title='bbox 931 2520 1050 2580; x_wconf 82' lang='lat' dir='ltr'><strong>Caesar</strong></span> <span class='ocrx_word' id='word_1_208' title='bbox 1071 2521 1104 2581; x_wconf 92' lang='lat' dir='ltr'><strong>in</strong></span> <span class='ocrx_word' id='word_1_209' title='bbox 1126 2520 1257 2581; x_wconf 87' lang='lat' dir='ltr'><strong>Italiam</strong></span> <span class='ocrx_word' id='word_1_210' title='bbox 1282 2543 1317 2587; x_wconf 88' lang='lat' dir='ltr'><strong>se</strong></span> 
     </span>
     <span class='ocr_line' id='line_1_28' title="bbox 97 2601 1318 2687; baseline 0 -22"><span class='ocrx_word' id='word_1_211' title='bbox 97 2604 243 2686; x_wconf 87' lang='lat' dir='ltr'><strong>recepit,</strong></span> <span class='ocrx_word' id='word_1_212' title='bbox 265 2624 401 2684; x_wconf 87' lang='lat' dir='ltr'><strong>eamque</strong></span> <span class='ocrx_word' id='word_1_213' title='bbox 421 2601 519 2687; x_wconf 83' lang='lat' dir='ltr'><strong>longe</strong></span> <span class='ocrx_word' id='word_1_214' title='bbox 541 2624 639 2685; x_wconf 86' lang='lat' dir='ltr'><strong>quam</strong></span> <span class='ocrx_word' id='word_1_215' title='bbox 659 2612 848 2683; x_wconf 86' lang='lat' dir='ltr'><strong>speraverat</strong></span> <span class='ocrx_word' id='word_1_216' title='bbox 870 2602 1157 2669; x_wconf 85' lang='lat' dir='ltr'><strong>tumultuosiorem</strong></span> <span class='ocrx_word' id='word_1_217' title='bbox 1180 2605 1318 2686; x_wconf 88' lang='lat' dir='ltr'><strong>reperit.</strong></span> 
     </span>
     <span class='ocr_line' id='line_1_29' title="bbox 94 2682 1317 2769; baseline 0 -21"><span class='ocrx_word' id='word_1_218' title='bbox 94 2686 230 2769; x_wconf 86' lang='lat' dir='ltr'><strong>Quippe</strong></span> <span class='ocrx_word' id='word_1_219' title='bbox 249 2687 287 2747; x_wconf 88' lang='lat' dir='ltr'><strong>L.</strong></span> <span class='ocrx_word' id='word_1_220' title='bbox 309 2685 472 2746; x_wconf 85' lang='lat' dir='ltr'><strong>Antonius</strong></span> <span class='ocrx_word' id='word_1_221' title='bbox 503 2683 641 2758; x_wconf 88' lang='lat' dir='ltr'><strong>Consul,</strong></span> <span class='ocrx_word' id='word_1_222' title='bbox 665 2686 823 2747; x_wconf 88' lang='lat' dir='ltr'><strong>vitiorum</strong></span> <span class='ocrx_word' id='word_1_223' title='bbox 854 2688 967 2748; x_wconf 86' lang='lat' dir='ltr'><strong>fratris</strong></span> <span class='ocrx_word' id='word_1_224' title='bbox 999 2686 1049 2747; x_wconf 89' lang='lat' dir='ltr'><strong>sui</strong></span> <span class='ocrx_word' id='word_1_225' title='bbox 1078 2708 1237 2758; x_wconf 80' lang='lat' dir='ltr'><strong>corasors,</strong></span> <span class='ocrx_word' id='word_1_226' title='bbox 1259 2682 1317 2749; x_wconf 87' lang='lat' dir='ltr'><strong>sed</strong></span> 
     </span>
     <span class='ocr_line' id='line_1_30' title="bbox 94 2767 1317 2851; baseline 0.002 -19"><span class='ocrx_word' id='word_1_227' title='bbox 94 2770 278 2843; x_wconf 75' lang='lat' dir='ltr'><strong>virtutum,</strong></span> <span class='ocrx_word' id='word_1_228' title='bbox 299 2788 382 2851; x_wconf 89' lang='lat' dir='ltr'><strong>quae</strong></span> <span class='ocrx_word' id='word_1_229' title='bbox 404 2767 569 2829; x_wconf 86' lang='lat' dir='ltr'><strong>interdum</strong></span> <span class='ocrx_word' id='word_1_230' title='bbox 587 2770 621 2829; x_wconf 91' lang='lat' dir='ltr'><strong>in</strong></span> <span class='ocrx_word' id='word_1_231' title='bbox 642 2767 701 2830; x_wconf 91' lang='lat' dir='ltr'><strong>illo</strong></span> <span class='ocrx_word' id='word_1_232' title='bbox 725 2778 839 2843; x_wconf 89' lang='lat' dir='ltr'><strong>erant,</strong></span> <span class='ocrx_word' id='word_1_233' title='bbox 862 2790 997 2851; x_wconf 82' lang='lat' dir='ltr'><strong>expers,</strong></span> <span class='ocrx_word' id='word_1_234' title='bbox 1021 2770 1120 2831; x_wconf 87' lang='lat' dir='ltr'><strong>modo</strong></span> <span class='ocrx_word' id='word_1_235' title='bbox 1143 2772 1239 2851; x_wconf 85' lang='lat' dir='ltr'><strong>apud¹</strong></span> <span class='ocrx_word' id='word_1_236' title='bbox 1252 2795 1317 2834; x_wconf 86' lang='lat' dir='ltr'><strong>ve-</strong></span> 
     </span>
     <span class='ocr_line' id='line_1_31' title="bbox 94 2850 1315 2935; baseline -0.001 -19"><span class='ocrx_word' id='word_1_237' title='bbox 94 2864 231 2917; x_wconf 88' lang='lat' dir='ltr'><strong>teranos</strong></span> <span class='ocrx_word' id='word_1_238' title='bbox 260 2850 450 2912; x_wconf 89' lang='lat' dir='ltr'><strong>criminatus</strong></span> <span class='ocrx_word' id='word_1_239' title='bbox 482 2852 672 2924; x_wconf 87' lang='lat' dir='ltr'><strong>Caesarem,</strong></span> <span class='ocrx_word' id='word_1_240' title='bbox 704 2851 804 2912; x_wconf 91' lang='lat' dir='ltr'><strong>modo</strong></span> <span class='ocrx_word' id='word_1_241' title='bbox 829 2873 901 2925; x_wconf 87' lang='lat' dir='ltr'><strong>eos,</strong></span> <span class='ocrx_word' id='word_1_242' title='bbox 933 2854 990 2934; x_wconf 93' lang='lat' dir='ltr'><strong>qui</strong></span> <span class='ocrx_word' id='word_1_243' title='bbox 1024 2852 1107 2914; x_wconf 87' lang='lat' dir='ltr'><strong>iusta</strong></span> <span class='ocrx_word' id='word_1_244' title='bbox 1135 2855 1315 2935; x_wconf 88' lang='lat' dir='ltr'><strong>[instituta]</strong></span> 
     </span>
     <span class='ocr_line' id='line_1_32' title="bbox 95 2930 1316 3016; baseline -0.002 -18"><span class='ocrx_word' id='word_1_245' title='bbox 95 2935 262 2999; x_wconf 86' lang='lat' dir='ltr'><strong>divisione</strong></span> <span class='ocrx_word' id='word_1_246' title='bbox 290 2930 504 3016; x_wconf 89' lang='lat' dir='ltr'><strong>praediorum</strong></span> <span class='ocrx_word' id='word_1_247' title='bbox 535 2934 777 3015; x_wconf 87' lang='lat' dir='ltr'><strong>nominatisque</strong></span> <span class='ocrx_word' id='word_1_248' title='bbox 809 2933 970 3007; x_wconf 87' lang='lat' dir='ltr'><strong>coloniis,</strong></span> <span class='ocrx_word' id='word_1_249' title='bbox 1000 2956 1096 3016; x_wconf 83' lang='lat' dir='ltr'><strong>agros</strong></span> <span class='ocrx_word' id='word_1_250' title='bbox 1119 2937 1316 3009; x_wconf 89' lang='lat' dir='ltr'><strong>amiserant,</strong></span> 
     </span>
     <span class='ocr_line' id='line_1_33' title="bbox 96 3014 1320 3095; baseline -0.003 -12"><span class='ocrx_word' id='word_1_251' title='bbox 96 3019 138 3083; x_wconf 87' lang='lat' dir='ltr'><strong>ad</strong></span> <span class='ocrx_word' id='word_1_252' title='bbox 166 3040 257 3081; x_wconf 86' lang='lat' dir='ltr'><strong>arma</strong></span> <span class='ocrx_word' id='word_1_253' title='bbox 286 3014 458 3088; x_wconf 81' lang='lat' dir='ltr'><strong>concisus,</strong></span> <span class='ocrx_word' id='word_1_254' title='bbox 490 3034 644 3095; x_wconf 72' lang='lat' dir='ltr'><strong>magnum</strong></span> <span class='ocrx_word' id='word_1_255' title='bbox 673 3015 853 3076; x_wconf 80' lang='lat' dir='ltr'><strong>exercitum</strong></span> <span class='ocrx_word' id='word_1_256' title='bbox 885 3018 1095 3078; x_wconf 68' lang='lat' dir='ltr'><strong>conflaverat.</strong></span> <span class='ocrx_word' id='word_1_257' title='bbox 1136 3018 1185 3079; x_wconf 85' lang='lat' dir='ltr'><strong>Ex</strong></span> <span class='ocrx_word' id='word_1_258' title='bbox 1216 3020 1320 3082; x_wconf 84' lang='lat' dir='ltr'><strong>altera</strong></span> 
     </span>
     <span class='ocr_line' id='line_1_34' title="bbox 96 3097 1319 3189; baseline -0.002 -24"><span class='ocrx_word' id='word_1_259' title='bbox 96 3110 194 3189; x_wconf 88' lang='lat' dir='ltr'><strong>parte</strong></span> <span class='ocrx_word' id='word_1_260' title='bbox 220 3120 306 3163; x_wconf 86' lang='lat' dir='ltr'><strong>uxor</strong></span> <span class='ocrx_word' id='word_1_261' title='bbox 333 3097 471 3160; x_wconf 79' lang='lat' dir='ltr'><strong>Antonii</strong></span> <span class='ocrx_word' id='word_1_262' title='bbox 495 3097 633 3171; x_wconf 80' lang='lat' dir='ltr'><strong>Fulvia,</strong></span> <span class='ocrx_word' id='word_1_263' title='bbox 661 3098 748 3159; x_wconf 88' lang='lat' dir='ltr'><strong>nihil</strong></span> <span class='ocrx_word' id='word_1_264' title='bbox 768 3097 930 3160; x_wconf 85' lang='lat' dir='ltr'><strong>muliebre</strong></span> <span class='ocrx_word' id='word_1_265' title='bbox 956 3109 1090 3183; x_wconf 86' lang='lat' dir='ltr'><strong>practer</strong></span> <span class='ocrx_word' id='word_1_266' title='bbox 1111 3121 1232 3182; x_wconf 89' lang='lat' dir='ltr'><strong>corpus</strong></span> <span class='ocrx_word' id='word_1_267' title='bbox 1254 3124 1319 3183; x_wconf 80' lang='lat' dir='ltr'><strong>ga-</strong></span> 
     </span>
     <span class='ocr_line' id='line_1_35' title="bbox 97 3180 1319 3265; baseline -0.002 -16"><span class='ocrx_word' id='word_1_268' title='bbox 97 3206 195 3260; x_wconf 86' lang='lat' dir='ltr'><strong>rens,</strong></span> <span class='ocrx_word' id='word_1_269' title='bbox 235 3182 344 3246; x_wconf 86' lang='lat' dir='ltr'><strong>omnia</strong></span> <span class='ocrx_word' id='word_1_270' title='bbox 375 3182 474 3245; x_wconf 87' lang='lat' dir='ltr'><strong>armis</strong></span> <span class='ocrx_word' id='word_1_271' title='bbox 506 3181 716 3265; x_wconf 85' lang='lat' dir='ltr'><strong>tumultuque</strong></span> <span class='ocrx_word' id='word_1_272' title='bbox 752 3180 920 3244; x_wconf 84' lang='lat' dir='ltr'><strong>miscebat.</strong></span> <span class='ocrx_word' id='word_1_273' title='bbox 974 3184 1064 3244; x_wconf 87' lang='lat' dir='ltr'><strong>Haec</strong></span> <span class='ocrx_word' id='word_1_274' title='bbox 1093 3182 1173 3245; x_wconf 88' lang='lat' dir='ltr'><strong>belli</strong></span> <span class='ocrx_word' id='word_1_275' title='bbox 1209 3186 1319 3248; x_wconf 88' lang='lat' dir='ltr'><strong>sedem</strong></span> 
     </span>
     <span class='ocr_line' id='line_1_36' title="bbox 97 3264 1315 3349; baseline -0.001 -17"><span class='ocrx_word' id='word_1_276' title='bbox 97 3270 275 3332; x_wconf 88' lang='lat' dir='ltr'><strong>Praeneste</strong></span> <span class='ocrx_word' id='word_1_277' title='bbox 304 3271 455 3348; x_wconf 86' lang='lat' dir='ltr'><strong>ceperat:</strong></span> <span class='ocrx_word' id='word_1_278' title='bbox 489 3264 652 3327; x_wconf 88' lang='lat' dir='ltr'><strong>Antonius</strong></span> <span class='ocrx_word' id='word_1_279' title='bbox 683 3264 796 3347; x_wconf 90' lang='lat' dir='ltr'><strong>pulsus</strong></span> <span class='ocrx_word' id='word_1_280' title='bbox 831 3264 976 3349; x_wconf 84' lang='lat' dir='ltr'><strong>undique</strong></span> <span class='ocrx_word' id='word_1_281' title='bbox 1010 3265 1136 3327; x_wconf 83' lang='lat' dir='ltr'><strong>viribus</strong></span> <span class='ocrx_word' id='word_1_282' title='bbox 1172 3269 1315 3333; x_wconf 86' lang='lat' dir='ltr'><strong>Caesaris</strong></span> 
     </span>
     <span class='ocr_line' id='line_1_37' title="bbox 97 3347 1318 3434; baseline -0.002 -18"><span class='ocrx_word' id='word_1_283' title='bbox 97 3352 269 3416; x_wconf 87' lang='lat' dir='ltr'><strong>Perusiam</strong></span> <span class='ocrx_word' id='word_1_284' title='bbox 290 3370 324 3411; x_wconf 88' lang='lat' dir='ltr'><strong>se</strong></span> <span class='ocrx_word' id='word_1_285' title='bbox 339 3347 541 3410; x_wconf 85' lang='lat' dir='ltr'><strong>contulerat:</strong></span> <span class='ocrx_word' id='word_1_286' title='bbox 564 3348 715 3424; x_wconf 87' lang='lat' dir='ltr'><strong>Plancus,</strong></span> <span class='ocrx_word' id='word_1_287' title='bbox 731 3347 992 3411; x_wconf 86' lang='lat' dir='ltr'><strong>Antonianarum</strong></span> <span class='ocrx_word' id='word_1_288' title='bbox 1007 3348 1141 3413; x_wconf 89' lang='lat' dir='ltr'><strong>adiutor</strong></span> <span class='ocrx_word' id='word_1_289' title='bbox 1153 3356 1318 3434; x_wconf 89' lang='lat' dir='ltr'><strong>partiam,</strong></span> 
     </span>
     <span class='ocr_line' id='line_1_38' title="bbox 98 3432 1319 3519; baseline 0 -19"><span class='ocrx_word' id='word_1_290' title='bbox 98 3458 192 3519; x_wconf 89' lang='lat' dir='ltr'><strong>spem</strong></span> <span class='ocrx_word' id='word_1_291' title='bbox 218 3433 321 3517; x_wconf 81' lang='lat' dir='ltr'><strong>magis</strong></span> <span class='ocrx_word' id='word_1_292' title='bbox 352 3432 539 3495; x_wconf 89' lang='lat' dir='ltr'><strong>ostenderat</strong></span> <span class='ocrx_word' id='word_1_293' title='bbox 571 3433 709 3507; x_wconf 82' lang='lat' dir='ltr'><strong>auxilii,</strong></span> <span class='ocrx_word' id='word_1_294' title='bbox 741 3452 839 3515; x_wconf 88' lang='lat' dir='ltr'><strong>quam</strong></span> <span class='ocrx_word' id='word_1_295' title='bbox 872 3453 968 3515; x_wconf 89' lang='lat' dir='ltr'><strong>opem</strong></span> <span class='ocrx_word' id='word_1_296' title='bbox 998 3432 1127 3495; x_wconf 87' lang='lat' dir='ltr'><strong>ferebat</strong></span> <span class='ocrx_word' id='word_1_297' title='bbox 1157 3434 1319 3499; x_wconf 89' lang='lat' dir='ltr'><strong>Antonio.</strong></span> 
     </span>
     <span class='ocr_line' id='line_1_39' title="bbox 98 3515 1320 3599; baseline 0.001 -17"><span class='ocrx_word' id='word_1_298' title='bbox 98 3522 188 3587; x_wconf 84' lang='lat' dir='ltr'><strong>Usus</strong></span> <span class='ocrx_word' id='word_1_299' title='bbox 210 3518 327 3580; x_wconf 85' lang='lat' dir='ltr'><strong>Caesar</strong></span> <span class='ocrx_word' id='word_1_300' title='bbox 342 3516 470 3577; x_wconf 71' lang='lat' dir='ltr'><strong>virtute</strong></span> <span class='ocrx_word' id='word_1_301' title='bbox 491 3522 525 3576; x_wconf 94' lang='lat' dir='ltr'><strong>et</strong></span> <span class='ocrx_word' id='word_1_302' title='bbox 544 3515 679 3578; x_wconf 85' lang='lat' dir='ltr'><strong>fortuna</strong></span> <span class='ocrx_word' id='word_1_303' title='bbox 700 3536 779 3590; x_wconf 90' lang='lat' dir='ltr'><strong>sua,</strong></span> <span class='ocrx_word' id='word_1_304' title='bbox 801 3515 972 3578; x_wconf 88' lang='lat' dir='ltr'><strong>Perusiam</strong></span> <span class='ocrx_word' id='word_1_305' title='bbox 995 3521 1211 3599; x_wconf 81' lang='lat' dir='ltr'><strong>expugnavit3</strong></span> <span class='ocrx_word' id='word_1_306' title='bbox 1241 3520 1320 3583; x_wconf 84' lang='lat' dir='ltr'><strong>An-</strong></span> 
     </span>
     <span class='ocr_line' id='line_1_40' title="bbox 100 3597 1317 3682; baseline -0.002 -17"><span class='ocrx_word' id='word_1_307' title='bbox 100 3603 232 3665; x_wconf 86' lang='lat' dir='ltr'><strong>tonium</strong></span> <span class='ocrx_word' id='word_1_308' title='bbox 262 3599 456 3662; x_wconf 84' lang='lat' dir='ltr'><strong>inviolatum</strong></span> <span class='ocrx_word' id='word_1_309' title='bbox 486 3597 622 3661; x_wconf 88' lang='lat' dir='ltr'><strong>dimisit.</strong></span> <span class='ocrx_word' id='word_1_310' title='bbox 666 3599 707 3661; x_wconf 95' lang='lat' dir='ltr'><strong>In</strong></span> <span class='ocrx_word' id='word_1_311' title='bbox 737 3598 915 3662; x_wconf 90' lang='lat' dir='ltr'><strong>Perusinos</strong></span> <span class='ocrx_word' id='word_1_312' title='bbox 947 3601 1048 3682; x_wconf 84' lang='lat' dir='ltr'><strong>magis</strong></span> <span class='ocrx_word' id='word_1_313' title='bbox 1081 3603 1131 3661; x_wconf 87' lang='lat' dir='ltr'><strong>ira</strong></span> <span class='ocrx_word' id='word_1_314' title='bbox 1152 3605 1317 3677; x_wconf 88' lang='lat' dir='ltr'><strong>militum,</strong></span> 
     </span>
     <span class='ocr_line' id='line_1_41' title="bbox 103 3682 1319 3769; baseline -0.001 -22"><span class='ocrx_word' id='word_1_315' title='bbox 103 3708 203 3769; x_wconf 84' lang='lat' dir='ltr'><strong>quam</strong></span> <span class='ocrx_word' id='word_1_316' title='bbox 231 3682 587 3747; x_wconf 60' lang='lat' dir='ltr'><strong>voluntate&#39;saevitum</strong></span> <span class='ocrx_word' id='word_1_317' title='bbox 617 3683 720 3744; x_wconf 90' lang='lat' dir='ltr'><strong>ducis.</strong></span> <span class='ocrx_word' id='word_1_318' title='bbox 763 3684 853 3744; x_wconf 90' lang='lat' dir='ltr'><strong>Urbs</strong></span> <span class='ocrx_word' id='word_1_319' title='bbox 884 3685 1035 3756; x_wconf 54' lang='lat' dir='ltr'><strong>incensam,</strong></span> <span class='ocrx_word' id='word_1_320' title='bbox 1069 3683 1162 3747; x_wconf 89' lang='lat' dir='ltr'><strong>euius</strong></span> <span class='ocrx_word' id='word_1_321' title='bbox 1187 3687 1319 3747; x_wconf 89' lang='lat' dir='ltr'><strong>initium</strong></span> 
     </span>
     <span class='ocr_line' id='line_1_42' title="bbox 100 3764 1317 3850; baseline -0.002 -16"><span class='ocrx_word' id='word_1_322' title='bbox 100 3766 247 3834; x_wconf 79' lang='lat' dir='ltr'><strong>incendii</strong></span> <span class='ocrx_word' id='word_1_323' title='bbox 277 3764 444 3850; x_wconf 78' lang='lat' dir='ltr'><strong>principes</strong></span> <span class='ocrx_word' id='word_1_324' title='bbox 473 3767 541 3828; x_wconf 87' lang='lat' dir='ltr'><strong>eius</strong></span> <span class='ocrx_word' id='word_1_325' title='bbox 568 3764 636 3828; x_wconf 90' lang='lat' dir='ltr'><strong>loci</strong></span> <span class='ocrx_word' id='word_1_326' title='bbox 667 3764 747 3827; x_wconf 80' lang='lat' dir='ltr'><strong>fecit</strong></span> <span class='ocrx_word' id='word_1_327' title='bbox 779 3765 1031 3838; x_wconf 68' lang='lat' dir='ltr'><strong>Macedonicus,</strong></span> <span class='ocrx_word' id='word_1_328' title='bbox 1058 3765 1137 3848; x_wconf 93' lang='lat' dir='ltr'><strong>qui,</strong></span> <span class='ocrx_word' id='word_1_329' title='bbox 1168 3767 1317 3831; x_wconf 87' lang='lat' dir='ltr'><strong>subiecto</strong></span> 
     </span>
     <span class='ocr_line' id='line_1_43' title="bbox 100 3840 1315 3932; baseline -0.003 -13"><span class='ocrx_word' id='word_1_330' title='bbox 100 3852 203 3919; x_wconf 85' lang='lat' dir='ltr'><strong>rebus</strong></span> <span class='ocrx_word' id='word_1_331' title='bbox 223 3870 261 3912; x_wconf 86' lang='lat' dir='ltr'><strong>ae</strong></span> <span class='ocrx_word' id='word_1_332' title='bbox 281 3848 453 3932; x_wconf 87' lang='lat' dir='ltr'><strong>penatibus</strong></span> <span class='ocrx_word' id='word_1_333' title='bbox 474 3850 540 3910; x_wconf 89' lang='lat' dir='ltr'><strong>suis</strong></span> <span class='ocrx_word' id='word_1_334' title='bbox 554 3849 635 3932; x_wconf 81' lang='lat' dir='ltr'><strong>igni,</strong></span> <span class='ocrx_word' id='word_1_335' title='bbox 651 3840 840 3909; x_wconf 79' lang='lat' dir='ltr'><strong>transfixum</strong></span> <span class='ocrx_word' id='word_1_336' title='bbox 855 3869 888 3908; x_wconf 89' lang='lat' dir='ltr'><strong>se</strong></span> <span class='ocrx_word' id='word_1_337' title='bbox 902 3847 1011 3931; x_wconf 78' lang='lat' dir='ltr'><strong>gladio</strong></span> <span class='ocrx_word' id='word_1_338' title='bbox 1029 3846 1178 3909; x_wconf 88' lang='lat' dir='ltr'><strong>flammae</strong></span> <span class='ocrx_word' id='word_1_339' title='bbox 1193 3850 1315 3915; x_wconf 87' lang='lat' dir='ltr'><strong>intulit.</strong></span> 
     </span>
    </p>

    <p class='ocr_par' dir='ltr' id='par_1_4' title="bbox 101 3930 1323 4605">
     <span class='ocr_line' id='line_1_44' title="bbox 143 3930 1315 4015; baseline -0.001 -18"><span class='ocrx_word' id='word_1_340' title='bbox 143 3933 277 3997; x_wconf 80' lang='lat' dir='ltr'><strong>Lxxv.</strong></span> <span class='ocrx_word' id='word_1_341' title='bbox 308 3932 375 3992; x_wconf 90' lang='lat' dir='ltr'><strong>Per</strong></span> <span class='ocrx_word' id='word_1_342' title='bbox 406 3930 518 3993; x_wconf 89' lang='lat' dir='ltr'><strong>eadem</strong></span> <span class='ocrx_word' id='word_1_343' title='bbox 544 3940 694 4012; x_wconf 87' lang='lat' dir='ltr'><strong>tempora</strong></span> <span class='ocrx_word' id='word_1_344' title='bbox 724 3937 887 3991; x_wconf 85' lang='lat' dir='ltr'><strong>exarserat</strong></span> <span class='ocrx_word' id='word_1_345' title='bbox 913 3934 947 3992; x_wconf 90' lang='lat' dir='ltr'><strong>in</strong></span> <span class='ocrx_word' id='word_1_346' title='bbox 975 3932 1151 4015; x_wconf 90' lang='lat' dir='ltr'><strong>Campania</strong></span> <span class='ocrx_word' id='word_1_347' title='bbox 1170 3931 1315 4010; x_wconf 89' lang='lat' dir='ltr'><strong>bellum,</strong></span> 
     </span>
     <span class='ocr_line' id='line_1_45' title="bbox 101 4012 1316 4105; baseline -0.004 -22"><span class='ocrx_word' id='word_1_348' title='bbox 101 4017 217 4105; x_wconf 83' lang='lat' dir='ltr'><strong>quod,</strong></span> <span class='ocrx_word' id='word_1_349' title='bbox 248 4017 416 4097; x_wconf 87' lang='lat' dir='ltr'><strong>professus</strong></span> <span class='ocrx_word' id='word_1_350' title='bbox 448 4035 586 4089; x_wconf 87' lang='lat' dir='ltr'><strong>eorum,</strong></span> <span class='ocrx_word' id='word_1_351' title='bbox 615 4015 671 4098; x_wconf 90' lang='lat' dir='ltr'><strong>qui</strong></span> <span class='ocrx_word' id='word_1_352' title='bbox 698 4012 911 4095; x_wconf 84' lang='lat' dir='ltr'><strong>perdiderant</strong></span> <span class='ocrx_word' id='word_1_353' title='bbox 933 4036 1050 4097; x_wconf 81' lang='lat' dir='ltr'><strong>agros,</strong></span> <span class='ocrx_word' id='word_1_354' title='bbox 1072 4016 1316 4098; x_wconf 88' lang='lat' dir='ltr'><strong>patrocinium,</strong></span> 
     </span>
     <span class='ocr_line' id='line_1_46' title="bbox 102 4095 1317 4174; baseline -0.005 -7"><span class='ocrx_word' id='word_1_355' title='bbox 102 4104 214 4167; x_wconf 81' lang='lat' dir='ltr'><strong>ciebat</strong></span> <span class='ocrx_word' id='word_1_356' title='bbox 234 4099 311 4163; x_wconf 85' lang='lat' dir='ltr'><strong>Tib.</strong></span> <span class='ocrx_word' id='word_1_357' title='bbox 335 4096 488 4160; x_wconf 91' lang='lat' dir='ltr'><strong>Claudius</strong></span> <span class='ocrx_word' id='word_1_358' title='bbox 517 4098 629 4171; x_wconf 85' lang='lat' dir='ltr'><strong>Nero,</strong></span> <span class='ocrx_word' id='word_1_359' title='bbox 656 4097 849 4159; x_wconf 90' lang='lat' dir='ltr'><strong>Praetorius</strong></span> <span class='ocrx_word' id='word_1_360' title='bbox 872 4102 904 4156; x_wconf 86' lang='lat' dir='ltr'><strong>et</strong></span> <span class='ocrx_word' id='word_1_361' title='bbox 928 4095 1101 4174; x_wconf 83' lang='lat' dir='ltr'><strong>Pontifex,</strong></span> <span class='ocrx_word' id='word_1_362' title='bbox 1128 4098 1206 4161; x_wconf 84' lang='lat' dir='ltr'><strong>Tib.</strong></span> <span class='ocrx_word' id='word_1_363' title='bbox 1230 4104 1317 4163; x_wconf 86' lang='lat' dir='ltr'><strong>Cae-</strong></span> 
     </span>
     <span class='ocr_line' id='line_1_47' title="bbox 102 4179 1319 4269; baseline -0.005 -17"><span class='ocrx_word' id='word_1_364' title='bbox 102 4188 187 4251; x_wconf 79' lang='lat' dir='ltr'><strong>saris</strong></span> <span class='ocrx_word' id='word_1_365' title='bbox 207 4194 320 4269; x_wconf 89' lang='lat' dir='ltr'><strong>pater,</strong></span> <span class='ocrx_word' id='word_1_366' title='bbox 343 4179 451 4263; x_wconf 73' lang='lat' dir='ltr'><strong>magni</strong></span> <span class='ocrx_word' id='word_1_367' title='bbox 481 4181 533 4242; x_wconf 86' lang='lat' dir='ltr'><strong>vir</strong></span> <span class='ocrx_word' id='word_1_368' title='bbox 553 4181 652 4242; x_wconf 88' lang='lat' dir='ltr'><strong>animi</strong></span> <span class='ocrx_word' id='word_1_369' title='bbox 677 4179 922 4262; x_wconf 87' lang='lat' dir='ltr'><strong>doctissimique</strong></span> <span class='ocrx_word' id='word_1_370' title='bbox 943 4180 1077 4263; x_wconf 82' lang='lat' dir='ltr'><strong>ingenii.</strong></span> <span class='ocrx_word' id='word_1_371' title='bbox 1121 4181 1161 4243; x_wconf 83' lang='lat' dir='ltr'><strong>ld</strong></span> <span class='ocrx_word' id='word_1_372' title='bbox 1187 4205 1319 4267; x_wconf 87' lang='lat' dir='ltr'><strong>quoque</strong></span> 
     </span>
     <span class='ocr_line' id='line_1_48' title="bbox 103 4263 1321 4351; baseline -0.002 -16"><span class='ocrx_word' id='word_1_373' title='bbox 103 4270 249 4351; x_wconf 66' lang='lat' dir='ltr'><strong>adventa</strong></span> <span class='ocrx_word' id='word_1_374' title='bbox 276 4268 422 4329; x_wconf 84' lang='lat' dir='ltr'><strong>Caesaris</strong></span> <span class='ocrx_word' id='word_1_375' title='bbox 450 4263 614 4346; x_wconf 90' lang='lat' dir='ltr'><strong>sepultum</strong></span> <span class='ocrx_word' id='word_1_376' title='bbox 645 4274 742 4348; x_wconf 85' lang='lat' dir='ltr'><strong>atque</strong></span> <span class='ocrx_word' id='word_1_377' title='bbox 763 4264 941 4326; x_wconf 88' lang='lat' dir='ltr'><strong>discussum</strong></span> <span class='ocrx_word' id='word_1_378' title='bbox 963 4272 1020 4325; x_wconf 88' lang='lat' dir='ltr'><strong>est.</strong></span> <span class='ocrx_word' id='word_1_379' title='bbox 1065 4264 1147 4344; x_wconf 89' lang='lat' dir='ltr'><strong>Quis</strong></span> <span class='ocrx_word' id='word_1_380' title='bbox 1167 4267 1321 4333; x_wconf 82' lang='lat' dir='ltr'><strong>fortunae</strong></span> 
     </span>
     <span class='ocr_line' id='line_1_49' title="bbox 102 4347 1320 4433; baseline -0.004 -14"><span class='ocrx_word' id='word_1_381' title='bbox 102 4355 324 4424; x_wconf 88' lang='lat' dir='ltr'><strong>mutationes,</strong></span> <span class='ocrx_word' id='word_1_382' title='bbox 358 4350 431 4433; x_wconf 89' lang='lat' dir='ltr'><strong>quis</strong></span> <span class='ocrx_word' id='word_1_383' title='bbox 462 4347 581 4410; x_wconf 90' lang='lat' dir='ltr'><strong>dubios</strong></span> <span class='ocrx_word' id='word_1_384' title='bbox 608 4369 719 4409; x_wconf 88' lang='lat' dir='ltr'><strong>rerum</strong></span> <span class='ocrx_word' id='word_1_385' title='bbox 750 4348 1083 4429; x_wconf 77' lang='lat' dir='ltr'><strong>humanarumcasus</strong></span> <span class='ocrx_word' id='word_1_386' title='bbox 1106 4347 1184 4410; x_wconf 88' lang='lat' dir='ltr'><strong>satis</strong></span> <span class='ocrx_word' id='word_1_387' title='bbox 1204 4352 1320 4414; x_wconf 88' lang='lat' dir='ltr'><strong>mirari</strong></span> 
     </span>
     <span class='ocr_line' id='line_1_50' title="bbox 103 4429 1321 4525; baseline -0.003 -24"><span class='ocrx_word' id='word_1_388' title='bbox 103 4447 227 4525; x_wconf 66' lang='lat' dir='ltr'><strong>quem?</strong></span> <span class='ocrx_word' id='word_1_389' title='bbox 257 4432 330 4519; x_wconf 86' lang='lat' dir='ltr'><strong>quis</strong></span> <span class='ocrx_word' id='word_1_390' title='bbox 360 4453 429 4496; x_wconf 87' lang='lat' dir='ltr'><strong>non</strong></span> <span class='ocrx_word' id='word_1_391' title='bbox 459 4429 585 4495; x_wconf 81' lang='lat' dir='ltr'><strong>diversa</strong></span> <span class='ocrx_word' id='word_1_392' title='bbox 616 4432 841 4509; x_wconf 85' lang='lat' dir='ltr'><strong>praesentibus</strong></span> <span class='ocrx_word' id='word_1_393' title='bbox 873 4430 1106 4513; x_wconf 86' lang='lat' dir='ltr'><strong>contrariaque</strong></span> <span class='ocrx_word' id='word_1_394' title='bbox 1128 4436 1321 4513; x_wconf 83' lang='lat' dir='ltr'><strong>exspectatis</strong></span> 
     </span>
     <span class='ocr_line' id='line_1_51' title="bbox 105 4512 1323 4605; baseline -0.008 -18"><span class='ocrx_word' id='word_1_395' title='bbox 105 4533 163 4587; x_wconf 80' lang='lat' dir='ltr'><strong>aut</strong></span> <span class='ocrx_word' id='word_1_396' title='bbox 183 4527 305 4605; x_wconf 86' lang='lat' dir='ltr'><strong>speret,</strong></span> <span class='ocrx_word' id='word_1_397' title='bbox 326 4526 383 4579; x_wconf 82' lang='lat' dir='ltr'><strong>aut</strong></span> <span class='ocrx_word' id='word_1_398' title='bbox 403 4516 538 4579; x_wconf 69' lang='lat' dir='ltr'><strong>timeat?</strong></span> <span class='ocrx_word' id='word_1_399' title='bbox 570 4515 661 4576; x_wconf 84' lang='lat' dir='ltr'><strong>Lisia</strong></span> <span class='ocrx_word' id='word_1_400' title='bbox 675 4514 870 4580; x_wconf 87' lang='lat' dir='ltr'><strong>nobilissimi</strong></span> <span class='ocrx_word' id='word_1_401' title='bbox 893 4524 927 4589; x_wconf 86' lang='lat' dir='ltr'><strong>et</strong></span> <span class='ocrx_word' id='word_1_402' title='bbox 946 4512 1118 4577; x_wconf 80' lang='lat' dir='ltr'><strong>fortissimi</strong></span> <span class='ocrx_word' id='word_1_403' title='bbox 1140 4514 1217 4589; x_wconf 87' lang='lat' dir='ltr'><strong>viri,</strong></span> <span class='ocrx_word' id='word_1_404' title='bbox 1236 4520 1323 4578; x_wconf 90' lang='lat' dir='ltr'><strong>Dru-</strong></span> 
     </span>
    </p>
   </div>
   <div class='ocr_carea' id='block_1_3' title="bbox 103 4598 1319 4683">
    <p class='ocr_par' dir='ltr' id='par_1_5' title="bbox 103 4598 1319 4683">
     <span class='ocr_line' id='line_1_52' title="bbox 103 4598 1319 4683; baseline -0.007 -13"><span class='ocrx_word' id='word_1_405' title='bbox 103 4607 135 4671; x_wconf 76' lang='lat' dir='ltr'><strong>si</strong></span> <span class='ocrx_word' id='word_1_406' title='bbox 154 4601 344 4676; x_wconf 78' lang='lat' dir='ltr'><strong>Claudiani,</strong></span> <span class='ocrx_word' id='word_1_407' title='bbox 366 4600 453 4665; x_wconf 78' lang='lat' dir='ltr'><strong>filia.</strong></span> <span class='ocrx_word' id='word_1_408' title='bbox 476 4620 615 4673; x_wconf 77' lang='lat' dir='ltr'><strong>seuere,</strong></span> <span class='ocrx_word' id='word_1_409' title='bbox 646 4598 833 4683; x_wconf 78' lang='lat' dir='ltr'><strong>probitate,</strong></span> <span class='ocrx_word' id='word_1_410' title='bbox 860 4599 969 4663; x_wconf 68' lang='lat' dir='ltr'><strong>forma</strong></span> <span class='ocrx_word' id='word_1_411' title='bbox 991 4598 1209 4659; x_wconf 85' lang='lat' dir='ltr'><strong>Romanarum</strong></span> <span class='ocrx_word' id='word_1_412' title='bbox 1232 4602 1319 4661; x_wconf 79' lang='lat' dir='ltr'><strong>siui-</strong></span> 
     </span>
    </p>
   </div>
   <div class='ocr_carea' id='block_1_4' title="bbox 0 0 1449 4958">
    <p class='ocr_par' dir='ltr' id='par_1_6' title="bbox 0 0 1449 4958">
     <span class='ocr_line' id='line_1_53' title="bbox 0 0 1449 4958; baseline 0 0"><span class='ocrx_word' id='word_1_413' title='bbox 0 0 1449 4958; x_wconf 95' lang='lat' dir='ltr'><strong> </strong></span> 
     </span>
    </p>
   </div>
  </div>
 </body>
</html>
