2850 4958
181 256 255 361 246
452 252 648 363 ananus
675 252 921 332 anamma
946 254 1140 333 noron-
1233 268 1236 273 ·

172 432 252 507 tor,
280 420 456 507 praecipias
487 441 549 504 per
576 418 738 482 maiorum
768 425 1013 486 controversam
1044 421 1261 496 memoriam,
1297 440 1362 505 qaae

172 511 316 592 posteris
335 525 437 589 usqne
457 524 497 564 eo
517 503 624 583 pravis
645 513 705 579 est,
727 513 764 564 ut
783 502 905 584 absque
922 504 1085 567 coa-amani
1103 505 1135 565 in
1152 506 1273 589 impios
1288 508 1363 583 odis,

20 590 27 600 ’
132 614 153 657 s
174 594 265 675 quasi
286 596 499 671 corruptores
522 587 649 669 generis
669 586 936 649 exsecrabiliores
958 589 1033 649 sint.
1078 587 1171 649 Bello
1197 589 1295 671 plane
1314 590 1364 652 im-

174 675 290 760 piger:
322 695 388 756 quo
420 672 454 733 in
484 669 616 746 Quados
645 689 805 753 prospere
833 678 947 754 gesto,
978 671 1205 753 Septembrem
1240 694 1362 735 mansan

129 757 153 821 5
175 757 388 820 Commodum
409 752 638 836 appellaverat.
684 753 834 825 Moenia,
860 753 1000 813 Romana
1024 757 1173 836 potentia
1194 756 1251 816 vix
1274 754 1362 839 digna,

129 840 299 920 dlarandi
330 840 402 902 usui
434 837 586 905 instituit.
629 836 751 897 lmmiti
781 856 917 918 prorsus
943 838 1081 920 feroque
1110 837 1269 921 ingenio,
1299 840 1360 900 adeo

172 924 326 1008 quidem,
351 933 387 985 ut
405 920 622 1004 gladiatores,
650 920 758 1002 specie
778 920 1006 1003 depugnandi,
1032 920 1149 982 crebro
1175 921 1361 982 trucidaret:

128 1029 275 1150 aquum
306 1001 1367 1150 ⁵⁹”·.‘⁰“tt‘1tlfllslitl‘battepllf&textili

118 1240 123 1259 ¹
172 1093 596 1243 fflffldbbiiaosbwrobdre
617 1131 1020 1253 corporis'pngndndique
1041 1179 1110 1230 arte
1135 1114 1318 1251 perfidem,
1335 1172 1368 1235 at

129 1257 281 1401 aiiidio
303 1254 664 1400 “itti“:tlatle
686 1251 1371 1400 ”tfallltafll‘t*blattis

171 1364 260 1486 isitri‘
279 1359 504 1505 ddngremum,
525 1358 575 1480 iti
596 1380 693 1492 colel,
714 1358 845 1481 celatorto
862 1420 1006 1503 pugione
1026 1357 1264 1493 ioniiceretur,
1285 1381 1370 1482 siaa-

170 1527 243 1568 vam
266 1506 423 1579 removit,
446 1512 555 1585 atque,
578 1502 618 1563 sd
639 1502 721 1564 alios
742 1501 1002 1573 formidolosior,
1025 1502 1057 1562 in
1078 1503 1165 1564 feras
1188 1504 1393 1585 belluasque·

128 1589 329 1681 yferociam
358 1591 533 1650 convertit.
586 1586 667 1664 Quis
696 1587 793 1648 rebus
828 1606 928 1669 quum
965 1584 1180 1682 insatiabilem
1218 1589 1371 1672 sanguinis

171 1673 279 1734 cuncti
303 1672 544 1747 horrescerent,
566 1672 780 1731 coniuravere
801 1669 835 1730 in
856 1690 929 1729 euna
944 1686 1082 1729 maxime
1102 1672 1279 1748 prosimus
1292 1672 1373 1753 quis-

169 1777 252 1900 que,
272 1755 407 1853 'quippe
435 1753 651 1817 dominationi
676 1752 757 1814 adeo
789 1752 870 1813 fidus
900 1771 1013 1823 nemo,
1046 1751 1175 1835 ipsique
1207 1754 1370 1854 satellites,

196 1861 248 1899 nm
270 1847 425 1900 incestam
447 1845 584 1897 mentem
607 1857 804 1919 pravamque
821 1843 950 1919 putant,
965 1842 998 1895 et
1012 1833 1231 1897 Commodum
1254 1838 1373 1920 quadem

142 1960 145 1967 ·
170 1923 280 2022 primo
303 1919 504 2019 occultatins·
516 1939 638 1980 veneno
661 1920 827 2019 petivere,
850 1939 934 1978 anno
956 1916 1048 2000 regni
1070 1918 1171 1979 tertio
1192 1920 1267 1981 fere
1287 1932 1404 2005 atque*

128 2000 1376 2182 ⁸fimf?:blllttt‘ftatssttttffztlssffftssttsslssfatt

128 2168 343 2259 plectionis,
373 2189 408 2227 ιιι
437 2167 807 2249 palaestramsperrexit.
851 2167 902 2229 Ibi
923 2186 984 2246 per
1007 2166 1193 2229 ministrum
1218 2172 1371 2255 unguendi

169 2256 259 2332 (nam
280 2252 368 2311 forte
390 2249 416 2310 is
437 2268 570 2332 quoque
589 2270 608 2310 e
629 2248 768 2312 consilio
791 2257 875 2330 erat)
896 2249 1056 2323 faucibus,
1079 2252 1171 2333 quasi
1192 2262 1269 2315 arte
1289 2276 1377 2317 exer·

23 2374 32 2391 .·
131 2336 265 2408 roeitii,
294 2333 504 2395 brachiorum
538 2331 624 2394 nodo
652 2331 790 2395 validius
811 2334 951 2417 pressis,
984 2332 1172 2414 exspiravit.
1220 2338 1378 2417 Quocu-

170 2419 282 2502 gnito,
313 2416 472 2491 Senatus,
505 2416 559 2497 qui
591 2416 633 2475 ob
656 2416 736 2477 festa
758 2419 985 2479 lanuariornm
1008 2417 1161 2499 frequens
1180 2420 1296 2500 primo
1316 2421 1378 2483 luci

172 2509 388 2573 convenerat,
417 2498 513 2560 simul
540 2498 650 2581 plebes
680 2499 808 2563 bostem
835 2504 982 2563 Deorum
1004 2508 1101 2582 atque
1121 2502 1296 2566 hominum
1315 2526 1380 2587 ap-

169 2585 349 2668 pellavere,
373 2582 549 2644 radendum
575 2604 615 2643 nc
636 2601 755 2645 nomen
774 2602 928 2647 sanxere:
952 2584 1189 2670 confestimque
1210 2586 1378 2653 Praefecto

171 2668 258 2739 Urbi
278 2665 399 2729 Publio
420 2664 538 2730 Helvio
590 2665 726 2729 artinaci
747 2667 921 2752 imperium
945 2663 1103 2730 defertur.

578 2844 604 2907 C
625 2843 699 2911 ΛΡ
722 2847 753 2908 U
776 2840 805 2910 Τ
845 2846 973 2912 XVlll.

476 2976 1076 3029 reat.arav1esrnar1nax.

212 3115 277 3179 Hic
297 3112 466 3176 doctrinae
490 3117 594 3179 omnis
615 3135 651 3177 ac
674 3113 819 3176 moribus
842 3113 1084 3197 antiquissimis,
1108 3113 1289 3178 immodice
1309 3135 1383 3201 par-

134 3218 241 3271 ncus,
265 3200 380 3260 Curios
398 3211 591 3283 aequaverat
610 3198 856 3279 Fabriciosque.
898 3197 980 3260 Eum
1004 3199 1134 3271 milites,
1158 3201 1247 3282 quis,
1264 3202 1383 3263 exhau-

175 3294 225 3344 sto
249 3285 312 3344 iam
332 3281 529 3366 perditoque
552 3284 653 3356 orbe,
676 3282 752 3343 satis
772 3283 902 3345 videtur
923 3281 1028 3357 nihil,
1056 3282 1239 3366 impulsore
1263 3284 1380 3359 Didio,

175 3367 272 3429 foede
294 3365 480 3449 iugularere
506 3365 706 3451 octogesimo
729 3366 860 3451 imperii
882 3363 948 3428 die.
1037 3444 1041 3449 Ι

605 3563 631 3626 C
651 3560 680 3624 Α
700 3560 726 3622 Ρ
748 3563 779 3624 U
801 3563 830 3627 Τ
870 3564 961 3628 XIX.

645 3697 753 3743 omres
776 3700 936 3745 sneisane.

218 3830 263 3893 At
282 3830 400 3894 Didius
421 3827 723 3905 salamantinam,
745 3833 847 3894 fretus
868 3832 1095 3915 praetorianis,
1120 3856 1204 3917 quos
1229 3835 1265 3897 in
1286 3831 1374 3896 socie·

141 3966 144 3973 .
178 3921 280 3976 tatem
309 3915 479 4000 promissis
509 3915 842 3999 niagnificentioribns
869 3919 1079 4001 perpulerat,
1112 3940 1150 3980 ex
1179 3921 1377 3999 praefectura

140 3998 315 4081 avigilum
346 4000 386 4062 ad
417 3999 553 4082 insignia
585 3999 767 4061 dominatus
794 4004 966 4082 processit.
1010 4003 1118 4062 Genus
1140 4001 1168 4061 ei
1191 3998 1378 4082 pernobile,

141 4120 146 4131 ·
182 4082 328 4163 iurisque
355 4081 471 4150 urbani
492 4092 658 4163 praestans
680 4082 831 4156 scientim
853 4085 976 4169 quippe
999 4085 1055 4168 qni
1074 4086 1201 4167 primus
1225 4086 1381 4154 edietum,

173 4166 272 4248 ¹quod
292 4164 380 4226 varie
404 4164 634 4249 inconditoque
657 4189 674 4227 a
693 4166 908 4229 Praetoribus
929 4168 1158 4250 premebatur,
1184 4168 1216 4228 in
1240 4169 1383 4230 ordinem

141 4242 162 4305 3
183 4249 415 4330 composuerit.
458 4249 608 4339 Hincque
634 4251 709 4310 satis
736 4262 939 4332 compertum
953 4300 959 4324 ,
990 4250 1193 4313 cohibendae
1217 4246 1383 4332 cupidini,

182 4330 346 4415 ingenium
378 4330 412 4393 ni
442 4332 551 4405 luvet,
584 4334 800 4413 eruditionem
831 4335 1024 4415 imbecillem
1051 4355 1136 4395 esse:
1159 4356 1265 4415 quum
1291 4354 1384 4416 prae-

105 4434 108 4445 ’
183 4422 379 4498 ιερὶοι,,οῑ
402 4437 496 4498 asper
519 4412 669 4497 quidem,
694 4413 815 4478 rectius
839 4416 989 4488 vivendi,
1013 4418 1043 4476 in
1069 4418 1193 4477 facinus
1217 4437 1384 4498 processa-

132 4493 246 4637 6ι]ι·ἰῐ,
276 4497 365 4582 quod
389 4519 475 4560 novo
505 4497 667 4581 supplicio
696 4499 902 4581 plectendbm
933 4499 1088 4561 edlilcrat.
1134 4502 1249 4582 Neque
1283 4510 1384 4560 tamen

175 4580 292 4666 cupito
313 4581 445 4673 potitus
466 4579 538 4647 diu.
562 4581 728 4670 ·Namque
750 4603 856 4660 eum,
875 4583 1016 4668 acceptis
1048 4581 1156 4659 illice,
1187 4606 1273 4670 quae
1294 4581 1383 4644 aeci-
