2850 4958
304 465 323 475 ··
383 435 461 526 ¹Ego
485 441 560 504 nolo
587 444 708 506 oasam
731 460 812 518 esse,

389 524 569 588 Ambulare
586 549 648 609 per
670 530 868 603 Britannos,

387 604 552 708 Scythicos
569 615 647 692 pati
662 613 810 692 pambas.

53 678 190 773 Qtihn!
208 686 396 765 Ηώὶεω
416 699 463 754 sta
483 713 536 755 res
562 690 675 757 ondit:

48 842 53 853 ι
386 780 459 858 Ego
481 797 523 836 rso
538 798 558 837 o
581 776 698 839 Flonss
720 795 808 851 esse,

388 858 571 923 Ambulare
584 881 648 943 per
668 859 840 933 tabernas.

384 946 540 1004 dictitare
557 964 620 1026 per
639 947 801 1025 popinas,

61 1098 64 1103 ¹
103 1100 107 1106 ‚
171 1094 174 1099 ,
206 1094 220 1101 Η
391 1025 516 1101 Calices
532 1026 613 1109 peti
631 1024 807 1087 rotundos:

97 1108 208 1188 Quem
233 1102 401 1185 Annaeum
429 1108 569 1171 Florum
590 1104 757 1171 Charisius
777 1107 1007 1194 grammaticus
1033 1111 1169 1192 po‘dtam
1188 1122 1303 1191 vocat,

53 1196 91 1254 et
121 1212 164 1253 ex
195 1188 267 1270 eias'
289 1190 332 1251 ud
352 1190 556 1255 Hadrianum
576 1190 716 1294 epistola
738 1191 800 1257 lib.
819 1192 848 1255 1.
867 1213 902 1276 p.
923 1186 978 1255 38.
1000 1190 1082 1254 citat
1103 1192 1160 1257 illa
1180 1195 1304 1260 verba:

53 1277 229 1339 Poensats's
249 1270 409 1344 delector,
432 1284 466 1338 et
485 1273 560 1338 eod.
581 1274 643 1338 lib.
662 1298 698 1359 p.
724 1270 794 1339 τιὸ.
815 1276 912 1362 quasi
931 1273 970 1335 de
993 1274 1106 1338 Arabs
1130 1289 1191 1340 aut
1217 1284 1307 1343 Sar·-

54 1370 152 1421 meta
169 1355 349 1437 manubias.
377 1358 533 1422 Nostrum
553 1368 661 1421 autem
682 1359 879 1443 scriptorem
899 1357 1032 1441 poetica
1047 1361 1199 1424 oratione
1212 1385 1308 1427 usum

58 1462 140 1516 esse,
163 1440 238 1525 quis
258 1450 327 1514 est,
350 1443 407 1525 qni
434 1463 503 1503 non
528 1436 787 1505 animadvertat?
826 1439 941 1506 Eidem
963 1440 1138 1525 Epitomae
1159 1447 1308 1513 exLirii

56 1520 275 1603 historiarum
305 1523 402 1587 libris
431 1526 638 1608 conscriptae
657 1516 898 1589 attribuuntur·
943 1524 1090 1626 Propter
1119 1531 1307 1593 oratorium

54 1607 110 1670 'sel
131 1606 244 1708 potius
264 1604 536 1669 declamatorium
558 1606 723 1670 scribendi
744 1630 844 1693 genus
871 1606 905 1671 in
925 1607 1019 1672 Flora
1041 1606 1130 1673 libro
1153 1632 1220 1673 non
1242 1612 1307 1675 hi-

55 1700 186 1767 stoma,
208 1711 292 1774 quse
311 1712 389 1755 rere
409 1680 554 1766 dicitur,
574 1688 631 1753 sed
651 1688 867 1776 panegyricus
888 1691 922 1753 in
942 1692 1103 1777 populum
1126 1690 1308 1758 Romanum

58 1775 164 1837 inesse
183 1796 251 1835 non
272 1782 395 1836 temere
416 1772 593 1837 iudicatur.
637 1774 824 1837 Lactantius
844 1774 906 1838 lib.
929 1776 1009 1851 vn,
1032 1797 1061 1837 c.
1087 1771 1137 1837 15.
1160 1777 1308 1843 instita-.-

55 1857 189 1922 tionum
209 1857 404 1921 Divinarum
433 1878 508 1921 eum
534 1856 752 1942 scriptorem,
799 1857 834 1921 ui
853 1858 1019 1921 Romanae
1040 1858 1133 1922 urbis
1154 1867 1306 1946 tempora

57 1938 95 2005 in
125 1949 248 2003 aetates
278 1939 470 2015 distribuit,
499 1938 656 2003 Senecam
690 1881 845 2027 appellat.
894 1940 960 2004 Sed
990 1941 1090 2004 verba
1119 1940 1261 2007 Senecae
1286 1969 1308 2027 a

50 2018 229 2103 Lactantio
251 2018 346 2084 allata
366 2023 447 2087 licet
465 2023 585 2087 similia
605 2022 671 2085 sint
689 2023 868 2088 verborum
888 2022 995 2099 Flori,
1016 2034 1125 2087 tamen
1146 2028 1211 2089 non
1232 2035 1308 2107 sunt

60 2106 252 2183 eadem,.et
268 2102 412 2169 Senecae
432 2104 552 2170 divisio
583 2105 695 2190 paullo
717 2106 781 2171 alia
803 2117 853 2191 est
871 2117 971 2191 atque
990 2107 1083 2169 Flori
1106 2110 1140 2169 in
1161 2111 1306 2199 prologp

59 2186 232 2254 historiae.
274 2191 394 2251 Iulium
412 2191 557 2265 Florum,
579 2190 636 2274 qui
657 2188 860 2255 declamator
880 2194 940 2256 sub
963 2188 1110 2254 Tiberio¹
1124 2189 1219 2269 vixit,
1240 2218 1309 2257 nc.-

59 2274 165 2338 minat
183 2276 230 2336 M.
251 2271 373 2335 Seneca
393 2272 428 2334 in
451 2274 662 2337 controvers.
681 2272 788 2336 XXV.
814 2271 1018 2360 eundemque
1048 2274 1178 2336 Fabius
1192 2278 1309 2361 Quin,-

58 2358 213 2423 ctilianus
232 2345 294 2419 lib.
315 2350 358 2421 X.
381 2378 453 2441 cup.
475 2353 508 2420 5.
531 2356 634 2418 mirae
659 2357 832 2433 facundiae
859 2358 968 2422 virum
996 2356 1079 2421 dicit
1106 2360 1227 2422 Iulium
1248 2366 1308 2425 Se-

58 2440 209 2505 cundum.
242 2438 345 2501 -Altus
363 2441 481 2503 Florus
507 2440 567 2503 sub
594 2439 728 2503 Nerone
748 2440 852 2517 vixit,
881 2441 924 2505 de
949 2462 1016 2525 quo
1038 2439 1198 2506 Arrianus
1218 2445 1308 2525 Dias.

56 2522 264 2609 Epicteteor.
284 2522 344 2587 lib.
364 2523 393 2586 Ι.
415 2544 487 2604 cap.
507 2542 539 2585 s.
582 2522 713 2603 Diversi
733 2533 842 2587 tamen
864 2524 912 2587 illi
936 2548 954 2586 a
975 2533 1090 2586 nostro
1112 2522 1215 2589 Floro
1239 2549 1308 2591 esse

10 2672 12 2677 .
56 2609 225 2673 videntur.
255 2607 362 2670 Huius
380 2606 539 2673 hahemus
557 2608 728 2689 Epsi‘omen
741 2607 780 2669 de
788 2611 893 2693 gestis
917 2616 1143 2671 Romanorum
1162 2611 1231 2673 sive
1250 2636 1310 2673 re-

57 2715 133 2755 rum
153 2698 379 2771 Romanarum
398 2689 500 2753 libros
519 2694 582 2753 IV.
606 2689 647 2753 ab
668 2690 762 2753 Urbe
784 2691 917 2755 condita
938 2689 1105 2775 usquead
1126 2691 1197 2755 lani
1219 2703 1310 2757 tem-

57 2774 154 2862 plum
172 2773 281 2856 prima
300 2773 372 2834 rice
391 2770 536 2835 clausum
556 2772 616 2835 sub
638 2771 785 2858 Augusto
809 2774 1037 2859 imperatore3
1071 2773 1162 2858 quod
1182 2778 1308 2855 factum

59 2880 129 2925 esse
151 2864 278 2919 constat
297 2876 332 2935 p.
353 2855 396 2918 U.
419 2876 449 2917 c,
466 2850 546 2955 7⁵5·
588 2854 681 2919 l’lori
703 2867 883 2939 perpetuus
913 2858 1063 2920 imitator
1086 2867 1136 2919 est
1157 2860 1308 2921 lornan-

59 2942 116 3006 des
136 2938 207 3003 sive
227 2938 396 3011 Iordanes,
418 2959 478 3023 qus
491 2934 620 3000 saeculo
635 2937 697 2999 Vl.
713 2936 754 3000 de
775 2942 873 3004 rebus
888 2940 1011 3003 Geticis
1031 2939 1181 3020 scripsit;
1204 2943 1309 3004 multa

60 3028 160 3090 etiam
180 3022 371 3087 Fseculium
391 3021 426 3085 iu
449 3018 627 3099 Chronico,
650 3029 684 3081 et
703 3019 825 3087 Iulium
852 3021 980 3085 Celsum
1001 3022 1069 3085 sire
1090 3024 1145 3087 Fr.
1162 3024 1309 3088 Petras·-

11 3152 14 3159 ·
60 3107 212 3173 chamin
233 3105 319 3168 Hist.
342 3102 420 3167 Iulii
451 3102 597 3167 Caesaris
620 3112 773 3166 enostro
794 3105 940 3167 hausisse
960 3116 1111 3188 apparet.
1151 3105 1200 3169 Ex
1222 3108 1307 3191 Iusti
1381 3132 1387 3143 ¹

59 3190 165 3275 Lipsii
186 3190 310 3252 iudicio
333 3188 453 3251 Florus
474 3184 677 3268 composite,
700 3185 838 3263 diserte,
861 3187 1027 3273 eleganter
1046 3190 1198 3276 scripsit3
1224 3192 1307 3256 sub-

11 3264 15 3287 '
58 3277 182 3340 tilitate
203 3273 335 3358 quidem
355 3280 389 3335 et
409 3271 572 3335 brevitate
593 3269 760 3333 interdum
779 3272 881 3348 mira3
903 3271 1138 3337 sententiarum
1160 3277 1306 3358 quibua.

61 3360 136 3423 dam
162 3358 331 3442 gemmulis
362 3376 436 3418 cum
467 3354 591 3417 iudicio
626 3353 766 3416 insertis.
817 3353 862 3419 Et
892 3355 1032 3418 loannes
1062 3357 1307 3426 Freinshemius

59 3439 260 3507 historicum
290 3448 441 3501 nostrum
472 3436 650 3500 artificiosa
678 3436 861 3515 brevitate,
898 3439 1044 3525 puritate
1077 3452 1111 3504 et
1146 3442 1307 3522 elegantia

60 3524 243 3599 sermonis,
266 3524 500 3587 sententiarum
523 3521 672 3585 acumine
692 3528 726 3585 ct
745 3523 894 3605 pondere
913 3523 990 3587 satis
1013 3527 1309 3592 commendabilem

56 3608 243 3697 praedicat.
288 3606 347 3668 Cui
368 3604 547 3683 laudiaco
567 3604 665 3688 plane
684 3605 905 3670 -adseuserim
948 3606 1104 3668 Severum
1136 3630 1308 3675 censorem

57 3699 177 3757 nactus
208 3698 257 3754 est
284 3689 404 3752 Florus
434 3686 486 3752 lo.
520 3686 642 3771 Georg.
675 3689 853 3751 Graeviunt
880 3688 917 3752 in
941 3688 1152 3751 Praefatione
1176 3694 1309 3760 adeius

60 3775 254 3848 editionem,
277 3772 333 3857 qui
356 3772 457 3834 multa
478 3772 513 3834 in
526 3771 630 3832 Floro
652 3773 700 3833 ait
719 3771 839 3856 passim
861 3791 1050 3848 occurrere,
1072 3794 1156 3853 quae
1173 3777 1309 3843 minime

60 3861 172 3924 ferent
201 3878 295 3920 aures
328 3863 448 3918 teretes
470 3863 504 3917 et
522 3854 716 3938 religiosae3
745 3862 865 3916 ettam
885 3855 921 3915 in
941 3857 1132 3930 sententiis,
1153 3879 1252 3942 qnam
1272 3862 1309 3926 in

61 3942 174 4007 verbis
202 3962 270 4005 esse
299 3940 404 4003 multa
433 3936 620 4015 κακόζηλα,
648 3938 784 4007 insana,
805 3938 1011 4022 preponebat.
1054 3940 1152 4005 Ultra
1172 3943 1309 4008 modum

62 4027 153 4091 enim
173 4023 244 4089 eius
269 4032 346 4087 sunt
367 4018 593 4107 hyperbolae,
614 4028 652 4083 ut
672 4022 710 4095 1,
737 4019 787 4093 13,
812 4043 863 4107 17.
877 4020 930 4101 ιΠ,
954 4043 1005 4107 17,
1030 4043 1080 4085 rs.
1111 4022 1175 4099 IV,
1201 4049 1251 4098 11,
1273 4024 1307 4091 5.

58 4107 126 4186 ΠΙ,
151 4131 214 4183 ro,¹
229 4128 278 4194 19.
300 4104 335 4181 5,
358 4108 476 4194 19.11‚
498 4102 531 4180 6,
553 4102 606 4185 Ι14.
629 4101 672 4185 (si
693 4101 826 4187 quidem
847 4100 941 4165 locus
962 4112 1010 4167 est
1030 4107 1217 4191 genuinus.)
1236 4109 1310 4179 Pu-

59 4194 133 4257 tide
155 4193 253 4257 stiam
284 4210 528 4275 nonnumquam
557 4186 778 4251 eruditionem
805 4193 947 4250 ostentat
977 4196 1009 4249 et
1037 4212 1106 4253 non
1126 4212 1186 4254 suo
1207 4192 1307 4275 loco,

59 4287 100 4341 ut
119 4278 152 4350 1,
176 4298 226 4363 17,
243 4273 281 4338 ,6.
304 4274 414 4357 (locus
435 4283 484 4339 est
504 4270 636 4351 dubius)
657 4272 703 4347 11,
725 4290 757 4344 e,
782 4272 854 4347 14,
868 4270 980 4351 inepte
1000 4269 1088 4335 dicta
1108 4281 1245 4359 etquae
1265 4277 1307 4339 ab

63 4358 236 4425 emendate
256 4358 463 4441 loquentium
491 4354 726 4418 consuetudine
753 4353 858 4417 aliena
888 4360 984 4429 sunt·,
1017 4356 1080 4419 alia
1107 4378 1212 4440 porro
1242 4376 1311 4421 non

65 4447 238 4509 oberrata
268 4444 432 4521 temporis
455 4439 586 4503 ratione
610 4448 809 4512 narrantur,
841 4434 903 4498 alia
937 4436 1155 4517 omittuntur,
1185 4462 1268 4517 onae
1289 4462 1309 4499 a

63 4527 192 4591 lectore
214 4544 308 4601 aegre
329 4524 567 4591 desiderantur.
598 4519 664 4583 Sed
683 4522 829 4604 singulos
848 4519 952 4597 locos,
975 4520 1010 4584 in
1032 4521 1151 4605 quibua
1170 4526 1310 4601 Florum

66 4629 218 4695 peccasse
246 4608 391 4687 dicunt„
405 4606 542 4694 longum
562 4614 613 4673 est
631 4603 688 4687 bic
708 4624 912 4672 enumerare.
955 4604 1122 4671 Monuisse
1151 4607 1320 4675 inficiata

836 4709 856 4752 e
