2850 4958
172 286 250 367 290
440 242 444 267 '
495 247 1069 355 .sr1rotss.·esr.·4s.··47.
1115 186 1150 365 J:¹

168 427 373 501 meminisse,
386 442 485 489 'nova
506 446 595 487 arma
618 420 793 497 meditari,
822 420 944 505 fingere
963 436 1041 481 cera
1059 434 1120 479 scu
1136 413 1224 479 Ilum
1245 414 1370 479 slmubs

170 532 249 587 era,
272 508 454 595 prudenter
474 509 522 571 uti
544 507 646 581 lucis,
668 506 894 587 temporibus,
914 520 1082 565 sermosm:
1112 507 1225 582 atque,
1250 509 1289 561 ut
1307 501 1371 563 bre·

170 597 258 659 riter
277 592 491 666 concludam,
519 592 546 652 si
569 592 599 652 ei
621 590 727 653 foedis
749 587 957 658 homiuibus,
984 585 1056 666 quis
1078 602 1150 645 sese
1171 586 1269 666 quasi
1292 582 1371 644 fidis-
1417 596 1419 655 j

134 746 139 751 ,
170 680 261 742 simis
281 675 607 761 prudentissimisque
628 672 772 741 dederat,
794 692 919 743 carere,
940 676 998 729 aut
1015 666 1170 749 probatis
1185 665 1373 750 eruditisque
1418 690 1420 707 ¹

170 760 394 825 naonitcribus¹
414 760 462 821 uti
483 758 640 829 licuisset,
663 756 826 839 perfectus
847 750 936 815 haud
956 750 1056 813 dubie
1076 750 1241 832 princeps
1261 751 1375 813 enituis-
1417 772 1420 797 ¹

170 852 230 907 set.
272 844 378 905 Huius
409 851 559 923 tempore
586 841 716 902 Firmus
745 838 832 921 apud
859 834 1096 899 Mauretaniam
1122 842 1270 917 regnum
1297 837 1373 896 iasa·
1417 864 1420 885 ι

128 867 269 998 ddum,
300 925 528 1011 exstinguitur.
574 923 821 986 Valentinianus
844 919 930 1003 apud
952 917 1209 1002 bergentionem
1234 917 1374 1001 legationi

56 1034 66 1049 ³
171 1007 366 1089 Quadorum
399 1007 621 1090 respondens,
656 1026 741 1069 anuo
772 1005 844 1067 sesi
875 1004 991 1087 quinto
1025 1010 1057 1063 et
1088 1001 1373 1084 quinquagesimo,

110 1116 150 1183 .9
172 1094 296 1174 impetu
319 1094 505 1175 sanguinis,
528 1112 609 1153 voce
629 1092 760 1163 amlsso,
782 1106 876 1151 sensu
897 1089 1035 1169 integer,
1059 1084 1257 1165 exspiravit.
1289 1085 1374 1163 Quod

172 1176 306 1260 quidem
326 1175 577 1258 intemperantia
605 1174 692 1245 cibi,
721 1193 759 1234 ac
779 1172 969 1242 saturitate,
991 1190 1055 1251 qua
1077 1176 1172 1229 artus
1194 1166 1375 1242 diffuderat,

131 1258 328 1325 reaccidissc
346 1257 458 1340 plures
479 1258 634 1319 retulere.
676 1257 792 1338 Itaque
812 1276 852 1317 eo
875 1260 1030 1324 mortuo,
1054 1250 1311 1313 Valentinianus
1329 1253 1376 1313 ad·

172 1340 239 1405 bue
269 1342 496 1426 quadriennis,
526 1349 661 1402 auctore
684 1337 820 1422 Equitio
841 1358 880 1399 ac
907 1333 1107 1397 Merobaude
1130 1354 1149 1394 e
1172 1337 1375 1422 propinquo,
1414 1348 1420 1385 Ι

112 1496 116 1501 ,
171 1424 232 1493 abi
252 1446 328 1491 cum
348 1434 453 1490 matre
472 1428 601 1498 tuerat,
622 1421 910 1497 allatus,-creatm
932 1426 981 1481 est
999 1417 1202 1501 Imperator.
1376 1472 1380 1483 ,
1415 1430 1420 1468 1

548 1621 776 1685 CAPUT
816 1620 936 1681 XLVI.

475 1759 636 1801 VALEM
669 1758 716 1799 Η
748 1754 1010 1801 ΗΟΒΟΗῊ.

212 1890 334 1955 Valens
358 1911 421 1952 una
443 1911 517 1951 cum
540 1888 791 1963 Valentiniano,
815 1910 968 1975 germane
987 1908 1059 1958 suo,
1082 1884 1123 1949 de
1145 1907 1216 1968 quo
1243 1885 1378 1961 diximus,

132 1996 154 2040 u
176 1974 324 2061 regnarit
351 1994 451 2036 aranos
481 1972 660 2047 tredecim,
694 1994 815 2034 menses
847 1975 1003 2057 quiaque.
1049 1972 1110 2032 IIie
1144 1966 1289 2045 Valens,
1317 1958 1379 2031 cuia

176 2058 295 2119 Gothis
318 2055 513 2118 lacrimabili
543 2054 632 2138 bello
665 2057 857 2129 commisso,
881 2057 1007 2140 sagittis
1026 2054 1156 2117 saucius
1179 2053 1217 2113 in
1241 2052 1376 2115 casadess

174 2149 329 2223 portatur
350 2137 519 2198 vilissima:
544 2138 601 2199 ubi
623 2139 926 2217 supervenientibus
950 2139 1083 2212 Gothis,
1108 2136 1250 2219 ignique
1270 2159 1374 2219 suppo·
1412 2156 1415 2211 ξ

134 2222 261 2297 3sito,
295 2221 443 2281 incendio
472 2229 697 2282 concrematus
725 2230 783 2284 est.
827 2224 865 2282 ln
893 2246 959 2307 quo
988 2222 1160 2306 probanda
1182 2222 1270 2283 haee
1291 2224 1373 2283 fuere.

175 2306 253 2369 Fuit
283 2303 526 2387 possessoribus
558 2303 729 2366 consultor
750 2306 875 2367 bonus:
909 2319 1034 2369 mutare
1057 2305 1181 2367 iudices
1207 2306 1333 2367 rarius:
1353 2302 1381 2364 in

177 2391 299 2450 amieos
331 2386 433 2447 fadus:
474 2386 570 2449 irasci
600 2388 669 2448 sine
699 2409 784 2449 noxa
817 2410 854 2450 ae
884 2389 1031 2473 periculo
1063 2389 1283 2470 cuiusquam:
1314 2407 1383 2447 sane

135 2470 268 2551 daalde
298 2468 442 2533 timidus.
490 2470 593 2537 Huius
623 2473 828 2554 temporibus
854 2473 1041 2557 Procopius
1061 2468 1275 2556 tyrannidem
1292 2473 1383 2534 inra-

179 2555 257 2619 dcns
279 2554 507 2641 exstinguitur.
735 2568 738 2577 ·

587 2734 813 2798 CAPUT
854 2737 991 2798 XLVII.

507 2870 751 2914 ostrianus
784 2874 832 2915 nu
863 2873 1077 2915 MAXIMUS·

221 3003 417 3081 Gratianus,
439 3003 566 3083 genitus
586 3002 719 3077 Sirmii,
753 3005 927 3086 imperavit
949 3025 1023 3064 eum
1044 3012 1139 3087 patre
1159 3002 1388 3066 Valentiniano

182 3097 393 3161 anuescente,
417 3086 485 3147 dies
508 3089 859 3171 octogintaquinque,
883 3110 956 3150 curn
976 3094 1097 3168 patruo
1120 3097 1154 3149 et
1177 3090 1287 3150 fratre
1310 3098 1388 3158 trcs3

182 3193 256 3231 cum
279 3170 392 3231 eodem
414 3172 516 3232 fratre
539 3193 575 3232 ac
598 3172 788 3233 'l'berzlosio
813 3181 973 3253 quatuor,
997 3171 1102 3231 ethis
1123 3172 1282 3233 omnibus
1305 3191 1391 3232 acce·

139 3252 276 3314 edente
307 3251 469 3327 Arcadio,
504 3276 626 3316 arienses
657 3277 721 3316 sss.
766 3255 827 3315 llic
853 3256 939 3334 apud
962 3254 1213 3335 Argentariam,
1239 3255 1391 3339 oppidum
1419 3260 1422 3285 ¹

139 3335 327 3409 scrattiae,
361 3338 492 3417 triginta
523 3338 778 3399 Alamannorum
810 3339 910 3399 millia
943 3339 976 3397 in
1005 3337 1093 3400 bello
1122 3342 1294 3400 exstinxit.
1337 3340 1391 3397 llic

182 3442 282 3499 quum
304 3422 605 3495 animadvertisset,
630 3424 804 3483 Thraciam
830 3423 1030 3501 Daciamqne
1054 3430 1221 3503 tanaquam
1245 3422 1393 3507 genitales

183 3510 288 3562 terras
319 3504 561 3581 possidentibus
593 3506 711 3567 Gothis
742 3505 961 3586 Taifalisque,
996 3515 1093 3584 atque
1125 3508 1217 3566 omni
1251 3504 1391 3588 pernicie

182 3586 401 3647 atrocioribus
424 3589 551 3648 lluuaais
572 3600 604 3649 ct
624 3589 754 3659 Alanis,
778 3597 957 3648 extremum
975 3587 1159 3669 periculum
1184 3589 1312 3651 instare
1331 3609 1393 3648 no-
1420 3660 1422 3667 Ι

182 3671 263 3741 mini
285 3669 453 3745 llonsan03
485 3674 590 3732 accito
614 3673 653 3731 ab
677 3672 831 3751 Hispania
855 3670 1067 3745 Theodosio,
1101 3673 1231 3734 curretis
1253 3671 1388 3736 ferventia

183 3752 266 3826 bais,
300 3753 428 3837 degenti
456 3777 575 3816 annum
596 3777 614 3814 a
636 3755 802 3818 tricesimo
828 3757 983 3828 tertium,
1007 3755 1182 3835 imperium
1206 3756 1390 3819 committit.

143 3834 165 3911 4
186 3837 262 3896 Fuit
282 3847 389 3899 autem
411 3839 584 3899 Gratianus
606 3838 726 3900 litteris
753 3838 840 3899 baud
862 3838 1074 3901 mediocriter
1095 3839 1287 3901 institutus:
1319 3856 1387 3898 car-

186 3941 258 3979 men
288 3922 415 3994 facere,
454 3931 568 3983 ornate
598 3922 710 4005 loqui,
750 3923 913 4004 explicare
948 3923 1188 3984 controversias
1228 3926 1390 3985 rhetorum

183 4023 298 4076 more,
329 4004 414 4066 nibil
435 4005 523 4066 alind
545 4005 598 4066 ‹lie
619 4016 784 4087 noctuque
806 4027 921 4089 agere,
947 4028 1043 4088 quam
1064 4006 1200 4087 spiculis
1224 4001 1390 4074 meditari,

187 4108 392 4169 summaeque
419 4088 595 4170 voluptatis
626 4090 819 4170 divinaeque
841 4091 920 4150 artis
942 4088 1077 4150 credere
1101 4091 1204 4152 scrire
1228 4093 1390 4153 destinata.

144 4161 308 4229 5Parcus
340 4171 405 4231 eibi
435 4175 622 4253 somnique3
657 4183 689 4235 et
718 4175 783 4234 vini
817 4195 854 4234 ac
883 4174 1031 4233 bbnlmas
1051 4174 1181 4246 victor,
1206 4175 1389 4251 cunctisque

186 4253 300 4311 suisset
326 4253 440 4334 plenus
467 4255 580 4328 bonis,
611 4257 636 4315 si
661 4256 701 4317 ad
723 4256 979 4338 cognoscendam
1003 4257 1215 4325 Reipublicae
1239 4256 1390 4342 gerendae

186 4337 353 4396 selemiam
386 4340 527 4399 tissimum
560 4338 764 4411 intendisset,
798 4364 814 4399 a
844 4362 906 4421 qua
934 4361 1041 4421 prope
1062 4341 1185 4401 alienus
1207 4366 1277 4404 non
1299 4338 1388 4401 modo

143 4415 163 4478 6
185 4419 369 4492 voluntate,
391 4423 446 4481 sed
468 4425 562 4482 etiaim
586 4424 743 4483 exercitio
766 4423 839 4482 suit.
884 4424 964 4482 Nam
988 4424 1065 4484 duna
1087 4427 1270 4486 exercitum
1293 4423 1391 4505 negli-

186 4512 300 4586 geret,
324 4511 355 4561 et
376 4528 498 4583 psincus
521 4527 557 4562 vx
580 4506 710 4573 Alanis,
734 4528 815 4586 sparos
838 4507 959 4588 ingenti
986 4529 1067 4567 auro
1093 4508 1133 4566 ad
1155 4530 1190 4568 se
1213 4508 1390 4571 transtule-

136 4662 144 4671 ἱ
185 4596 254 4659 rat,
287 4588 464 4649 anteferret
493 4590 594 4652 soteri
622 4611 658 4651 ac
688 4591 835 4651 Rurssano
860 4590 974 4662 militi,
1005 4582 1156 4678 adeoque
1176 4592 1391 4657 barbarorum
