2850 4958
15 268 46 325 X

16 426 111 503 Quae
131 412 283 503 huiusce
309 408 365 475 itis
384 410 498 488 serbe,
521 412 674 481 oratione
695 413 765 495 obli
830 434 963 519 „quum
983 415 1110 495 dicunt,
1125 437 1164 481 ex
1190 436 1279 487 res·.

15 518 74 574 sa,
96 498 234 561 sirecte
262 429 375 581 eiiaqui
401 496 569 573 volueris,
606 496 651 560 ite
673 500 747 591 iere
766 436 998 567 ddistatsenda
1026 510 1120 565 sunt:
1185 526 1264 584 um,

16 580 160 645 Anchisa
189 576 414 657 coniicieute,
456 580 546 643 illam
576 601 645 645 esse
681 584 887 649 miseriarum
921 585 1112 672 errorisque
1142 585 1263 664 finem,

16 666 126 729 seroie
157 662 255 726 etiam
276 663 401 727 iaciens
428 662 607 749 (gravida),
630 688 728 751 quern
749 688 850 752 qaum
874 690 893 733 e
911 669 987 733 navi
1008 669 1264 754 produxissent,

16 756 56 813 ut
76 768 148 809 eam
169 746 400 821 immolarent,
420 768 455 809 se
475 746 703 813 ministrorum
723 750 874 815 inanibus
895 751 1041 839 eripuit,
1063 762 1097 816 et
1115 752 1261 829 Aeneas,

15 830 230 906 recordatus,
262 830 353 917 quod
379 830 555 917 aliquando
577 832 609 895 ei
629 844 822 918 responsum
844 844 948 911 esset,
975 837 1052 900 urbi
1072 834 1263 900 condendae

15 912 262 999 quadrupedem
281 914 367 989 iore,
389 937 464 978 cum
484 913 668 979 simulacris
687 922 837 983 Deorum
859 920 1034 985 Penatium
1053 928 1261 1004 prosecutae,

15 997 465 1165 arteriae
485 999 681 1171 reta
699 998 871 1151 aaa
1149 1004 1261 1079 m

55 1182 137 1247 Aur.
160 1182 281 1247 Victor
301 1180 343 1245 de
363 1184 456 1248 Viris
481 1183 532 1247 ill.
554 1204 585 1250 c.
608 1186 656 1253 11.
677 1182 711 1269 ς.
733 1180 767 1252 5.
787 1200 825 1257 ut
844 1189 991 1253 omnibus
1009 1190 1129 1270 nuptiis
1146 1189 1265 1251 Talas-

12 1268 58 1330 sii
77 1289 191 1329 nomen
215 1279 401 1332 uocaretur.
442 1266 557 1350 Vulgo
582 1274 799 1337 invocaretur.
844 1271 950 1337 codd.
981 1271 1074 1335 Leid.
1096 1272 1125 1332 I.
1154 1272 1261 1336 Pelet.

13 1352 61 1413 11.
83 1349 274 1413 Hauniensis
295 1358 329 1413 et
348 1350 452 1415 editio
473 1354 629 1438 princeps
655 1356 848 1440 Rnesingeri
873 1356 998 1419 hebent
1018 1363 1183 1439 receptam
1203 1355 1262 1417 le-

12 1435 178 1509 ctionem,
199 1454 285 1518 quae
304 1454 343 1499 re
364 1435 434 1519 ipae
455 1435 681 1514 confirmatur,
702 1460 770 1503 non
791 1438 878 1503 euim
899 1438 1090 1511 invocetur,
1111 1437 1168 1498 sed
1189 1437 1262 1500 ite-

14 1526 109 1581 ratur
128 1527 161 1579 et
185 1536 283 1599 saepe
301 1528 441 1595 vocatur
468 1512 607 1584 Talassii
626 1542 759 1586 nomen.
791 1523 841 1585 cf.
866 1522 938 1586 Iit.
959 1522 998 1597 1,
1027 1544 1060 1608 9.
1089 1520 1261 1588 Plutarch.

13 1600 49 1663 in
68 1602 164 1663 Rom.
188 1602 317 1665 cxv.
346 1603 460 1667 Lectio
482 1609 660 1667 iteraretur
682 1628 747 1690 pro
769 1603 1045 1691 glossa·hahenda
1076 1613 1145 1677 est,
1178 1627 1263 1688 quae

13 1682 55 1747 ed
75 1682 256 1771 marginem
276 1686 358 1751 Cod.
382 1686 488 1749 Palat.
512 1684 636 1771 scriptu
657 1699 773 1752 exstat.
816 1692 923 1753 Huius
944 1696 1096 1768 receptae
1109 1686 1263 1751 lectionie

13 1778 183 1831 auctorem
200 1768 318 1831 lubens
337 1771 475 1833 nomino
495 1770 720 1845 Seebodium,
741 1771 849 1833 virum
872 1772 913 1832 de
933 1769 1030 1831 bonis
1050 1768 1172 1832 litteris
1194 1772 1261 1834 iis-

11 1872 76 1934 que
96 1850 319 1936 propagandis
339 1853 635 1929 merentissimunr,
663 1852 755 1915 cuius
788 1852 1095 1926 observationibus,
1118 1875 1198 1935 quae
1226 1857 1262 1918 iu

11 1937 156 1997 Censura
177 1934 316 1997 duarum
338 1934 414 1999 edd.
434 1935 518 1997 Aur.
551 1932 700 1999 Victoris
732 1932 837 1999 edidit
866 1939 974 2017 (Krit.
998 1936 1086 1997 Bibl.
1101 1939 1175 2018 sair
1203 1940 1265 2005 das

9 2016 134 2081 Schul-
155 2017 225 2080 und
250 2016 562 2081 Ueterrichtswescn.
582 2024 624 2081 B.
651 2024 700 2081 II.
723 2024 768 2081 11.
800 2024 863 2083 IV.
890 2024 956 2081 No.
979 2040 1028 2082 10.
1049 2019 1279 2098 Ha'ldeslrez'rn,

13 2100 107 2190 1819.
122 2126 158 2187 p.
180 2100 242 2190 928
256 2104 345 2186 sqq.)
364 2122 564 2185 magnopere
577 2122 630 2164 me
644 2103 793 2165 adiutum
807 2122 887 2176 esse,
901 2109 997 2187 grato
1013 2103 1122 2166 animo
1138 2106 1258 2168 fateor.

51 2203 179 2269 Eodem
199 2205 348 2267 Victoris
368 2204 458 2266 libro
480 2225 553 2287 cap.
576 2202 701 2267 xxm.
723 2204 752 2289 ς.
767 2202 801 2267 5.
822 2202 997 2287 leguntur:
1019 2208 1143 2286 Legati
1153 2210 1263 2265 Deum·

9 2292 165 2435 5:21qu
185 2287 417 2374 Epidaurium)
436 2284 583 2352 vehentes
598 2292 736 2351 Anticum
755 2286 904 2371 prefecti
919 2297 1011 2348 sunt.-
1032 2290 1090 2351 ubi
1101 2310 1162 2366 per
1183 2310 1262 2347 ma-

64 2380 134 2437 iam
152 2378 254 2436 naara
268 2376 384 2453 anguis
400 2376 592 2444 promittam
609 2372 801 2453 Aesculapii
803 2378 931 2452 sanum
950 2375 1059 2451 pontt.
1095 2366 1180 2432 Edd.
1196 2370 1261 2431 ha-

10 2455 93 2519 hent
111 2459 281 2519 mollitiem
300 2477 357 2517 seu
377 2454 563 2528 moltitiem,
580 2454 779 2538 quod-idem
801 2474 839 2514 ac
860 2453 1133 2536 tranquillitatem
1154 2448 1260 2536 signi-

12 2538 114 2603 ficare
144 2540 271 2603 dicunt.
310 2536 376 2600 Sed
401 2536 479 2599 looo
511 2539 539 2600 Ι.
565 2538 712 2601 Caesaris
739 2535 921 2612 adductus,
953 2534 1013 2620 qui
1034 2546 1137 2599 exstat
1157 2537 1200 2597 de
1220 2540 1279 2599 B.·

10 2624 54 2687 G.
77 2624 151 2698 ΙΙΙ,
176 2622 225 2686 15.
256 2634 353 2684 tanta
371 2621 479 2683 sabito
499 2624 645 2684 malacia
665 2635 698 2683 et
718 2623 941 2706 tranquillitas
961 2624 1092 2681 restitit
1106 2654 1148 2668 —
1169 2620 1280 2683 illam-

9 2728 126 2770 vocem
146 2706 233 2769 iuter
251 2704 547 2788 scriptorie‘rerba
568 2726 696 2788 ponere
714 2725 783 2766 nou
804 2702 965 2766 dubitavi.
999 2702 1059 2763 Est
1076 2704 1161 2763 enim
1183 2726 1260 2763 ma-

8 2789 101 2851 lacia
125 2790 263 2853 verbum
291 2786 466 2873 proprium
491 2787 615 2850 dehac
636 2808 694 2862 re,
716 2784 1256 2871 quaelatinoflustrudicuntur‚

11 2895 124 2959 quum,
147 2882 185 2934 ut
204 2875 318 2934 Festus
338 2873 406 2945 uit,
427 2875 463 2934 in
481 2874 707 2951 marifluetus
725 2894 790 2933 nors
808 2883 997 2944 mouentur,
1018 2892 1115 2955 quum
1139 2872 1262 2930 Gracci

11 2954 180 3044 natoriae
197 2966 325 3021 uocant.
368 2957 462 3017 Hune
480 2954 647 3038 Sulpicius
666 2955 809 3017 Severus
827 2950 960 3036 mttog.
983 2953 1012 3026 1,
1033 2955 1067 3030 4.
1090 2960 1127 3012 ut
1144 2954 1256 3010 -Grae-

11 3060 69 3103 cas
88 3039 179 3102 vocis
198 3040 265 3103 rim
286 3039 506 3120 exprimeret,
529 3038 699 3100 mollitiem
719 3042 822 3099 marat·
841 3037 1051 3117 nuncupavit.
1095 3031 1200 3092 Etiam
1220 3032 1256 3093 in

12 3124 156 3185 Caesarie
176 3122 200 3186 l.
222 3123 246 3185 Ι.
269 3122 373 3185 codex
396 3121 562 3184 Leidensis
583 3122 612 3182 1.
627 3121 737 3183 -laabet
754 3120 926 3191 mollitr'er;
949 3117 1004 3176 a'lii
1029 3118 1105 3174 Mea.
1122 3124 1155 3174 et
1168 3114 1252 3178 Edd.

10 3208 145 3269 mals'ciu
166 3215 199 3268 et
219 3206 349 3268 malian
370 3206 491 3285 inepte.
534 3204 681 3286 Propter
699 3204 891 3267 litterarum
905 3208 939 3260 et
959 3198 1031 3259 soni
1055 3195 1258 3261 similitudi-

9 3310 86 3351 nem
110 3287 245 3351 malacia
277 3298 312 3350 et
340 3286 496 3351 mollities
526 3286 624 3348 facile
654 3284 849 3349 commutari
875 3289 1069 3365 potuerunt.
1110 3282 1257 3345 Librarii

11 3381 69 3434 eut
88 3373 255 3434 notiorem
276 3372 342 3432 sihi
360 3392 475 3433 rocem
497 3370 532 3431 in
553 3379 645 3431 textu
666 3375 902 3457 reposuerunt,
935 3362 1056 3427 autad
1074 3367 1256 3447 marginem

10 3454 277 3538 adscripserunt,
308 3453 394 3516 unde
426 3455 514 3515 inter
544 3452 718 3536 scriptoris
748 3450 849 3514 rerba
870 3458 918 3511 eet
937 3449 1058 3533 posita.
1101 3450 1257 3511 Fortasse

9 3538 109 3601 etiam
129 3541 231 3600 maris
251 3538 296 3601 alt
313 3537 419 3600 aliena
441 3558 538 3599 mauu
557 3538 748 3619 profectum
769 3541 830 3595 est.

52 3638 179 3703 Eodem
195 3637 287 3704 libro
308 3660 385 3723 cap.
401 3638 558 3700 XXXIII.
580 3638 644 3721 Peg.
666 3634 726 3697 M!
745 3632 814 3697 sive
837 3637 976 3716 Manius,
990 3620 1254 3721 ‚quod'consuas

10 3742 212 3809 praenomen
242 3731 293 3787 eet
319 3722 412 3785 Curii
434 3722 595 3794 Dentati,
612 3728 651 3781 ut
674 3716 709 3780 itt
729 3717 834 3782 Fastis
855 3728 888 3781 et
911 3721 1028 3782 ceteris
1050 3720 1134 3780 Hist.
1158 3718 1253 3797 Rom.

13 3806 236 3871 monumentis·
253 3805 366 3870 videre
385 3805 474 3868 licet.
517 3804 687 3866 Librarius
708 3803 820 3886 p'otius
848 3800 931 3865 mihi
956 3824 1082 3866 errasse
1100 3801 1254 3875 videtur,

11 3912 109 3976 quam
132 3892 273 3966 Victor,
295 3888 352 3952 cei
370 3888 437 3951 hoe
457 3894 580 3951 nomen·
595 3896 722 3959 notum·
736 3906 805 3950 esse
825 3882 959 3961 detuit,
983 3882 1017 3949 iia
1037 3887 1153 3970 quotis
1167 3885 1253 3947 s'cri·

9 3984 194 4059 ptore,·ex
215 3996 286 4059 quo·
308 3994 366 4035 sua
390 3970 752 4057 excerpsit','ohrilam.·
852 3994 867 4051 χ·
993 4002 996 4007 ·

53 4058 135 4149 Aur.
151 4072 284 4145 'Victor
305 4072 347 4137 de
371 4075 563 4147 Caesaribus
588 4068 661 4159 cap.
693 4074 720 4135 Ι.
752 4071 838 4159 Η.
864 4073 972 4134 Mores
991 4076 1060 4135 ciro
1075 4060 1257 4153 (Augusto)

8 4160 125 4225 aratos
136 4158 308 4244 lepidique3
318 4161 496 4245 flagrante
513 4150 605 4235 iared
620 4156 746 4218 eludare
764 4159 911 4233 luxuria,
933 4154 1142 4238 ludorumque
1162 4162 1257 4237 cupi-

11 4240 89 4303 AEne
103 4244 256 4327 aleasque
277 4243 324 4303 ad
344 4262 507 4319 summum
535 4240 795 4323 intemperantia.
838 4241 945 4301 lintea
965 4246 1129 4322 postrema
1155 4239 1253 4299 verba

11 4345 164 4408 perverse
183 4314 391 4410 ie'g'ebmtur':
417 4334 473 4407 at¹
497 4348 515 4383 e
527 4324 577 4384 ad
591 4346 736 4393 sumnum
757 4326 1014 4407 intemperentia.
1037 4320 1266 4401 scribendum¹

10 4418 105 4492 putat
135 4410 254 4493 Carpus
284 4398 436 4489 Ba'rtlius'
461 4430 496 4485 an
519 4400 822 4483 'Observattoaibus
846 4418 864 4467 a
887 4427 939 4467 me
962 4402 1058 4467 editis
1079 4428 1154 4490 pag.
1181 4398 1252 4475 148.

9 4492 164 4577 oleaeque
182 4490 228 4551 ad
245 4490 688 4573 'crimmumsipt'empsrantim
714 4489 804 4573 quod
830 4488 981 4575 equidem
1006 4490 1129 4571 recepi.
1162 4484 1256 4543 Sum·

11 4594 99 4637 mum
125 4568 387 4661 driman,.‹1'uod
410 4574 559 4663 riu'g'usto
585 4574 687 4639 obiici
712 4582 845 4660 poterat
869 4594 908 4659 ex
934 4592 1026 4649 vero,
1048 4573 1136 4635 aleae
1156 4567 1258 4632 luisse
