2850 4958
1308 194 1352 271 ἓ.

107 265 183 341 eos
372 278 375 283 ·
549 256 716 387 ,00000
738 236 859 337 nun

107 422 299 486 vulueravit.
341 421 521 484 Percussus·
574 422 683 484 uidem
703 444 722 483 a
742 419 900 485 militibus
930 423 1104 487 0οο100000
1124 430 1193 496 est·,
1227 422 1308 485 Caius

107 507 312 580 vulneratus,
334 525 481 568 reversus
502 505 536 566 iu
549 443 816 588 (Syrum-obiit.
858 503 981 567 Parthi·
994 503 1036 565 ad
1057 505 1334 568 satisfactionem*

105 599 173 651 1000
193 590 323 652 audacis
351 588 503 663 admissi,
535 589 665 652 obsides
692 597 771 650 tunc
796 588 941 671 primum
972 589 1174 655 Octaviano,
1191 591 1309 650 Caesari

106 673 276 747 dederunt,
300 682 333 736 et
353 681 466 754 erepta
488 671 547 733 sub
570 674 683 734 Crasso
705 671 795 754 signa
815 671 1010 733 retulerunt.
1052 670 1197 735 Pacatis.
1213 672 1312 755 genti-

57 754 64 763 ’
104 757 165 823 1)υο
188 757 354 830 00100110,
383 755 546 841 Augustus
574 757 691 819 Caesar
711 756 810 817 etiam
830 755 989 817 Indorum
1009 754 1218 840 legationem
1238 756 1310 839 pri-

106 861 274 903 musaeus
300 842 337 903 it.

146 924 218 985 XX.
248 863 357 997 Nbro,
379 944 478 1007 00000
497 922 723 1004 turpissimum
742 920 981 1000 Imperatorem
1000 920 1150 983 Romana
1167 929 1216 982 est
1230 941 1312 1004 passa

102 1007 311 1090 respublica,
333 1008 441 1069 amisit
460 1006 629 1067 Armeniae
644 1005 752 1066 duas..
779 1007 864 1066 Tum
884 1005 1048 1065 Romanae
1070 1004 1222 1089 legiones
1239 1006 1314 1067 duae
1350 1028 1352 1043 ¹

103 1093 164 1153 sub
187 1092 299 1174 iugum
319 1113 338 1150 a
357 1090 489 1152 Parthis
511 1089 636 1162 missae,
659 1099 806 1152 extremo
823 1087 984 1149 dedecore
997 1088 1142 1150 Romani
1158 1091 1315 1151 exercitus

104 1184 304 1235 sacramenta
333 1173 519 1234 foedarunt.
562 1173 738 1249 Traianus,
770 1172 827 1257 qui
840 1174 925 1253 ’0001
946 1176 1131 1254 Augustum
1154 1172 1316 1234 Romanae

103 1257 306 1340 reipublicae
325 1257 430 1317 movit
448 1257 602 1331 lacertos,
625 1255 811 1319 Armeniam
831 1254 958 1338 recepit
977 1254 1167 1317 aParthis:
1191 1255 1316 1317 sublato

105 1337 306 1414 diademate,
330 1340 401 1423 regi
422 1340 595 1403 Armeniae
615 1342 750 1405 maioris
771 1360 908 1422 regnum
928 1338 1059 1401 ademit.
1103 1339 1245 1401 Albanis
1267 1361 1316 1400 re-

103 1443 178 1506 gem
200 1424 309 1485 dedit:
343 1422 480 1499 Iberos,
509 1423 739 1507 Bosporanus,
772 1422 934 1496 Colchos,
968 1423 1003 1484 in
1032 1421 1131 1485 fidem
1155 1423 1316 1484 Romanae
1348 1464 1352 1477 .

106 1507 242 1571 ditionis
263 1507 408 1589 accepit:
436 1507 665 1569 osroenorum
685 1506 759 1569 1000
781 1515 814 1568 01
834 1505 979 1567 Arabum
1001 1506 1195 1589 occupavit.
1239 1507 1319 1566 Cor·
1350 1524 1352 1529 ·

105 1589 709 1652 (1000000111100000000100010110011.
752 1587 989 1661 Antemusium,
1011 1591 1164 1670 opimam
1178 1588 1319 1652 Persidis
1350 1636 1352 1645 .

104 1674 284 1757 regionem,
306 1671 551 1758 Seleucismque
574 1682 606 1734 et
628 1671 870 1756 Ctesiphontem
892 1691 929 1731 00
946 1672 1166 1754 babyloniam
1183 1672 1318 1754 accepit,
1350 1688 1352 1731 :

42 1766 71 1819 0
105 1765 139 1819 et
160 1758 285 1829 tenuit·,
317 1777 418 1839 usque
448 1758 489 1818 ad
510 1756 625 1818 Indiae
646 1757 724 1819 fines
746 1766 823 1839 post
843 1753 1064 1817 Alexandrum
1084 1759 1242 1818 accessit.
1283 1756 1317 1816 In

103 1841 188 1901 mari
209 1841 312 1902 rubro
336 1839 468 1902 classem
490 1840 644 1903 instituit.
684 1840 876 1901 Provincias
896 1839 975 1900 fecit
996 1839 1202 1914 Armeniam,
1222 1840 1319 1922 Assy-

19 1944 21 1948 ·
92 1923 209 1998 Ι01000,
232 1932 264 1985 01
281 1924 569 2005 Mesopotamiam,
592 1945 674 2006 quae
696 1925 782 1985 inter
804 1921 973 2004 Tigridem
993 1932 1095 2006 atque,
1113 1922 1318 2007 Euphratem

104 2006 187 2078 sita,
211 2005 343 2087 irriguis
367 2006 526 2079 amnibus,
551 2008 652 2068 instar
672 2005 825 2089 Aegypti,
847 2004 1074 2067 foecundatur.
1115 2008 1318 2070 Hadrianum

126 2088 231 2149 loriae
252 2089 384 2149 Traiani
405 2097 531 2149 certum
554 2098 602 2149 est
623 2088 788 2161 inuidisse,
811 2089 868 2171 qui
885 2089 915 2149 01
936 2089 1089 2169 successit¹
1111 2090 1148 2151 in
1166 2091 1314 2173 imperio.

103 2110 170 2232 ilio
196 2178 313 2252 sponte
338 2171 477 2251 0000010
506 2170 654 2232 deductis
677 2171 894 2243 exercitibus,
916 2171 1129 2248 Armeniam,
1155 2176 1316 2254 Mesopo-

105 2252 259 2328 tamiam,
293 2261 325 2313 et
354 2252 520 2334 Assyriam
551 2256 733 2329 concessit,
765 2265 799 2317 01
827 2257 915 2319 10100
935 2254 1098 2317 Romanos
1124 2265 1160 2318 et
1180 2257 1318 2319 Parthos

105 2335 250 2400 medium
270 2335 471 2418 Euphratem
494 2357 560 2399 esse
581 2339 699 2400 voluit.
1216 2374 1219 2379 ·

145 2419 237 2483 XXI.
267 2419 425 2481 Antonini
450 2419 537 2493 duo,
561 2423 689 2484 Marcus
711 2431 745 2484 01
767 2421 894 2497 Verus,
927 2418 983 2483 ille
1003 2441 1110 2495 socer,
1136 2422 1196 2485 hic
1209 2444 1314 2506 gener,

104 2506 232 2586 pariter
261 2502 419 2588 Augusti,
453 2504 627 2584 imperium
657 2506 769 2579 erbis,
801 2513 936 2589 aequata
964 2504 1110 2585 primum
1135 2515 1314 2587 potestate,

106 2594 292 2649 tenuerunt.
334 2584 399 2646 Sed
421 2607 460 2646 ex
480 2589 531 2650 his
553 2589 736 2650 Antoninus
758 2589 870 2650 iunior
891 2587 932 2648 ad
954 2588 1204 2668 expeditionem
1229 2591 1317 2651 Par-

106 2669 228 2731 thicum
248 2672 416 2753 profectus
438 2680 505 2731 est:
529 2671 695 2755 multaque
714 2683 746 2734 et
767 2672 909 2754 ingentia
929 2671 1081 2732 adversus
1103 2673 1226 2734 Persas
1248 2673 1318 2734 feli-

109 2753 193 2813 citer
223 2755 331 2836 gessit.
382 2751 583 2831 Seleuciam,
615 2756 766 2836 Assyriae
798 2755 933 2828 urbem,
966 2776 1039 2815 cum
1069 2756 1318 2840 quadringentis

106 2835 251 2896 millibus
279 2835 423 2896 hostium
456 2838 564 2918 cepit:
596 2838 719 2922 ingenti
750 2837 855 2922 gloria
886 2836 926 2898 de
945 2838 1078 2900 Parthis
1101 2861 1181 2902 cum
1204 2861 1315 2902 000000

105 2919 332 3000 triumphavit.
374 2918 549 2999 Septimius
570 2920 728 2996 Severus,
760 2922 889 2982 natione
909 2920 1010 2995 Afer,
1038 2924 1226 2984 acerrimus
1248 2925 1317 2984 Im-

105 3012 259 3083 perator,
280 3002 421 3063 Parthos
445 3004 664 3066 strenuissime
685 3005 784 3078 vicit,
816 3003 1001 3066 Adiabenos
1027 3004 1171 3080 delevit,
1195 3006 1315 3070 Arabas

12 3104 18 3111 ’
106 3086 281 3147 1010010000
303 3085 446 3147 obtinuit
468 3088 654 3166 [obtrivit],
678 3099 711 3150 et
723 3087 877 3149 Arabiam
891 3088 1096 3170 provinciam
1111 3092 1206 3152 fecit.
1239 3092 1316 3152 Huic

108 3169 302 3252 cognomina
323 3189 362 3229 ax
381 3170 531 3232 victoriis
551 3173 696 3254 quaesita
720 3181 814 3246 sunt3
841 3193 914 3230 nam
934 3171 1136 3240 Parthicus,
1168 3174 1314 3236 Adiabe-

106 3255 199 3313 nicus
210 3298 219 3326 ,
243 3261 274 3312 et
295 3250 452 3314 Arabicus
475 3263 522 3315 est
543 3256 801 3337 cognominatus.
845 3254 1029 3316 Antoninus
1050 3257 1238 3331 Bassianus,
1262 3279 1315 3319 co·

107 3344 282 3415 gnomento
305 3335 488 3408 Caracalla,
512 3337 596 3399 filius
617 3339 728 3400 Severi
754 3339 988 3421 Imperatoris,
1013 3339 1262 3421 expeditionem
1285 3341 1311 3399 iu

107 3418 222 3479 Persas
242 3438 379 3499 parans,
404 3419 436 3480 iu
459 3419 609 3483 Osroene
629 3422 716 3506 apud
736 3423 889 3485 Edessam
912 3443 1056 3505 propera
1077 3433 1191 3486 morte
1213 3425 1311 3495 obiit,

110 3510 143 3563 et
162 3500 284 3561 ibidem
305 3502 448 3583 sepultus
470 3512 527 3566 001.

147 3583 255 3644 XXII.
289 3583 441 3646 Aurelius
462 3585 655 3658 Alexander,
678 3586 770 3668 quasi
790 3588 858 3648 fato
874 3586 1016 3669 quodam
1031 3587 1065 3649 10
1080 3589 1220 3652 exitium
1236 3590 1311 3650 Per-

107 3667 193 3729 sicae
213 3669 316 3750 gentis
335 3676 439 3742 natus,
462 3671 585 3731 iuvenis
607 3669 782 3731 admodum
801 3671 939 3732 Romani
962 3671 1184 3753 gubernacula
1207 3694 1311 3735 susce-

107 3751 159 3833 pit
180 3751 320 3833 imperii.
356 3751 430 3831 Ipse
450 3754 623 3815 Persarum
643 3775 753 3837 regem
773 3755 1011 3817 nobilissimum
1025 3755 1158 3817 Xerxen
1174 3756 1311 3839 gloriose

107 3834 199 3895 vicit.
243 3835 304 3894 Hic
336 3831 517 3898 Alexander
546 3838 743 3899 scriniorum
773 3840 963 3921 magistrum
992 3837 1108 3899 habuit
1137 3841 1307 3921 Ulpianum

109 3916 385 3978 iurisconsultum.
428 3924 478 3982 De
499 3920 606 3983 Persis
636 3942 756 4003 pompa
785 3920 954 4003 spectabili
976 3919 1207 4004 triumphavit.
1248 3918 1305 3981 Sub

110 3998 277 4060 Gordiano
299 3999 444 4081 Augusto
468 4024 506 4066 ex
528 4005 702 4067 iuventutis
726 4001 844 4066 fiducia
865 4002 1056 4067 rebellantes
1086 4006 1230 4075 Parthi,
1255 4005 1309 4064 iu·-

109 4083 259 4165 geutibus
279 4086 415 4163 proeliis
436 4089 563 4158 contusi
584 4098 676 4150 sunt:
709 4088 801 4170 isque
822 4088 862 4149 de
881 4086 1015 4151 Perside
1037 4089 1170 4151 rediens
1192 4091 1310 4158 vietor,

108 4165 224 4227 fraude
245 4165 414 4250 Philippi,
436 4173 493 4254 qui
514 4171 700 4234 Praefectus
721 4172 892 4253 praetorio
917 4169 1089 4246 eluserat,
1113 4173 1245 4234 occisus
1260 4181 1311 4232 est.

109 4248 232 4309 Milites
253 4250 282 4310 01
303 4252 463 4314 tumulum
485 4255 517 4314 in
539 4255 691 4327 vicesimo
714 4254 867 4315 milliario
884 4278 901 4315 a
917 4255 1061 4316 Circesso
1086 4265 1211 4330 castro,
1229 4252 1310 4339 quud
1347 4310 1352 4339 s

111 4340 142 4392 et
163 4353 247 4393 nunc
270 4342 382 4408 exstat,
406 4326 665 4409 aedificaverunt,
689 4347 786 4419 atque
808 4338 973 4420 exsequias
998 4339 1066 4400 eius
1090 4339 1233 4402 Romam
1247 4359 1314 4400 cum

108 4417 247 4476 maxima
269 4419 486 4479 venerationis
508 4422 689 4482 reverentia
711 4421 926 4484 deduxerunt.

8 4572 12 4579 Ι
150 4499 273 4559 XXllI.
298 4500 492 4577 1101001001,
516 4503 645 4566 10100011
668 4503 840 4586 001001010,
863 4508 1029 4567 fortunam
1048 4504 1162 4567 taedet
1181 4511 1311 4569 referre.

6 4624 19 4657 ·.
109 4582 141 4644 Is
164 4602 237 4643 cum
259 4583 406 4647 Gallione
429 4589 570 4671 suscepit
591 4586 781 4672 imperium:
805 4587 861 4652 sed
881 4588 967 4652 10000
992 4589 1168 4666 exereitus,
1193 4589 1316 4653 Gallie-
