2850 4958
453 272 725 379 msanou.
753 278 916 379 man
1258 280 1307 407 c

88 473 190 553 atquo
208 449 324 552 agendi
344 464 469 539 scieus3
492 464 590 530 simul
610 482 691 529 sero
714 466 839 555 aliquid
860 484 899 530 ex
919 490 941 531 u
984 469 1054 531 otio
1076 470 1202 535 remitti
1223 493 1307 555 pos-

89 558 161 627 set,
193 554 264 614 otio
295 570 333 613 ac
363 549 514 613 mollitiis
545 570 649 633 paens
679 546 765 613 ultra
784 550 939 614 feminam
986 570 1083 615 aens:
1109 577 1175 615 uon
1198 555 1305 621 minus

91 635 238 719 Agrippa
260 634 389 697 Caesari
412 652 528 707 carus,
555 631 612 696 sed
643 632 750 696 minus
770 632 953 696 honoratus
975 635 1114 720 (quippe
1134 638 1218 700 vixit
1238 662 1306 702 an-

39 779 41 789 ,
89 720 176 801 gusti
204 718 287 779 clavi
314 738 417 801 paene
448 722 654 796 contentus)·,
682 736 743 779 nec
764 717 894 779 minora
917 716 1073 803 consequi
1093 722 1225 803 potuit,
1249 724 1307 787 sed

88 816 156 864 nou
183 808 250 861 tam
277 798 479 885 concupivit.
522 796 586 861 Hic
617 800 801 881 speculatus
826 810 874 863 est
903 822 965 884 per
984 822 1141 864 summam
1162 806 1307 889 quietem

39 949 42 955 ,
88 906 127 947 ac
150 882 444 947 dissimulationem
465 882 657 967 praecipitis
679 882 816 947 consilia
839 882 986 961 iuvenis,
1016 894 1049 948 et
1074 886 1157 949 mira
1180 889 1309 953 celeri-

85 976 155 1031 tate
181 968 338 1052 nullaque
363 968 616 1052 perturbatione
648 974 705 1029 aut
729 986 842 1029 rerum
870 977 926 1029 aut
952 967 1124 1031 bominum
1147 993 1305 1054 oppresso

39 1116 45 1128 ,
86 1050 237 1136 Lepido,
269 1053 410 1113 immane
430 1052 508 1113 novi
531 1070 569 1113 ac
589 1051 809 1114 resurrecturi
830 1048 910 1113 belli
933 1050 1038 1115 civilis
1059 1055 1212 1118 restinxit
1233 1058 1310 1133 ini-¹

86 1136 184 1197 tium.
228 1136 271 1195 Et
292 1134 349 1195 ille
376 1131 508 1217 quidem
535 1133 620 1195 male
646 1132 873 1197 consultorum
895 1152 1017 1217 poenas
1040 1137 1189 1201 exsolvit.
1231 1139 1308 1205 sie-

88 1227 212 1301 quetur
232 1214 419 1301 praedictae
445 1218 507 1278 iarn
529 1214 685 1293 Antistii,
707 1214 847 1281 Servilia
868 1215 984 1301 Lepidi
1007 1240 1109 1294 uxor,
1133 1245 1216 1307 quae
1230 1226 1310 1294 vivo,

88 1302 158 1386 igni
195 1301 375 1391 slesaruto,
412 1308 655 1384 praematuram
686 1312 828 1364 mortem
863 1298 1043 1365 immortali
1080 1304 1223 1371 nominis
1257 1308 1308 1373 sui

39 1434 41 1440 ,
88 1384 239 1471 pensavit
260 1383 430 1445 memoria.
772 1400 775 1405 '

130 1468 309 1529 LXXXIX.
343 1468 461 1528 Caesar
488 1471 595 1528 autem
619 1485 767 1529 reversas
799 1465 832 1529 ia
864 1464 995 1531 Italiam
1025 1474 1122 1555 atque
1158 1474 1308 1550 Urbem,

89 1576 157 1637 quo
181 1570 342 1625 occursu,
366 1568 432 1633 quo
453 1548 567 1610 farore
590 1550 735 1611 omnium
756 1550 941 1627 laominum,
963 1552 1131 1629 aetatium,
1155 1554 1311 1619 ordinum

91 1644 246 1719 exceptus
269 1629 332 1707 sit,
357 1651 441 1716 quae
462 1628 700 1717 magnificentia
722 1631 968 1717 triumphorum
992 1634 1080 1711 eius,
1128 1660 1188 1700 uae
1208 1641 1312 1702 fuerit

91 1733 284 1791 munerum,
309 1738 350 1778 ne
371 1719 405 1793 iu
427 1717 538 1797 operis
561 1714 694 1799 quidem
715 1713 791 1800 iusti
814 1715 963 1791 materia,
984 1656 1223 1783 nedumqlauius
1243 1728 1312 1787 tam

91 1804 207 1875 recisi,
229 1798 327 1883 'digne
349 1796 488 1883 exprimi
510 1804 633 1881 potest.
673 1796 767 1862 Nihil
787 1796 905 1864 deinde
926 1810 1042 1884 optare
1063 1826 1081 1865 a
1101 1802 1175 1866 Diis
1195 1805 1312 1867 homi-

92 1902 170 1959 ues,
192 1879 278 1961 nibil
300 1880 356 1945 Dii
377 1881 567 1946 bominibus
588 1887 756 1966 praestare
776 1895 929 1966 possuut3
953 1878 1038 1947 nihii
1059 1898 1138 1950 voto
1160 1888 1309 1973 concipi,

91 1970 178 2047 nihil
205 1964 363 2029 felicitate
394 1963 636 2041 consummari,
668 1964 758 2049 quod
779 1986 846 2029 non
868 1968 1049 2052 Augustus,
1071 1978 1148 2053 post
1166 1972 1312 2035 reditum

91 2052 124 2113 in
156 2052 300 2124 Urbem,
333 2048 546 2133 Reipublicae
575 2044 768 2133 populoque
795 2051 944 2113 licmano
978 2048 1206 2138 terrarumque
1235 2057 1311 2118 orbi

91 2131 395 2220 repraesentaverit.
439 2130 548 2195 Finita
570 2134 726 2209 vicesimo
750 2153 833 2196 anno
857 2133 942 2197 bella
965 2132 1085 2211 civilia,
1107 2138 1232 2221 sepulta
1252 2162 1312 2201 ex-

92 2227 205 2293 ternat
238 2228 389 2280 revocata
417 2234 502 2298 pax,
535 2218 661 2301 sopitus
683 2214 808 2301 ubique
830 2236 998 2280 armorum
1021 2220 1135 2295 furor,
1158 2224 1311 2285 restituta

92 2304 140 2365 sis
161 2302 302 2385 legibus,
327 2295 457 2363 iudiciis
478 2302 669 2373 auctoritas,
692 2298 825 2362 Senatui
846 2298 1018 2377 maiestas3
1042 2298 1217 2387 imperium
1238 2330 1312 2367 ma-

93 2388 290 2467 gistratuum
320 2385 359 2446 ad
391 2384 567 2467 pristinum
587 2384 767 2459 ¹redactum
797 2384 953 2460 modum}
982 2389 1208 2450 tantummodo
1233 2398 1309 2451 octo

93 2463 310 2553 Praetoribus
331 2468 438 2530 allecti
461 2469 549 2550 slew,
572 2465 680 2551 prisca
702 2466 757 2528 illa
780 2471 812 2528 et
830 2464 962 2553 antiqua
977 2465 1190 2551 Reipublicae
1204 2472 1313 2533 forma

67 2588 72 2598 ·
95 2559 260 2617 revocata.
304 2546 415 2613 Rediit
436 2552 542 2613 cultus
563 2550 672 2636 agris,
698 2545 797 2611 sacris
817 2550 945 2626 honus,
978 2550 1132 2615 severitas
1156 2554 1312 2616 bomini-

94 2638 178 2710 bus,
212 2643 300 2697 certa
333 2634 452 2717 cuique
479 2650 591 2697 rerum
624 2656 755 2695 suarum
788 2632 974 2717 possessi03
1005 2631 1092 2719 leges
1124 2638 1313 2701 emendatae

93 2722 245 2792 utiliter,
267 2719 352 2779 latae
373 2718 571 2792 salubriter3
596 2716 732 2780 Senatus
753 2716 822 2779 sine
844 2720 1021 2801 asperitate
1039 2742 1099 2781 nec
1121 2718 1191 2783 sine
1212 2743 1312 2785 seve-

92 2800 195 2869 ritate
214 2801 348 2879 lectur,¹
362 2801 529 2883 principles
549 2799 637 2876 riri,
658 2797 902 2884 triumphisque
921 2807 952 2864 et
973 2798 1180 2884 amplissimis
1200 2804 1316 2868 bono-

93 2890 189 2952 ribus
220 2882 348 2947 functi,
380 2884 514 2943 hortatu
545 2883 732 2966 Principis,
766 2882 810 2943 ad¹
838 2884 1016 2947 ornandam
1048 2882 1175 2947 Urbem
1210 2888 1316 2951 illecti

94 2978 181 3034 tunt.
220 2964 413 3029 Consulatus
435 2965 662 3027 tantummodo
684 2978 787 3048 tssque
809 2964 849 3026 ad
871 2961 1092 3043 undecimum,
1115 2989 1212 3050 quem
1231 2993 1318 3029 eon-

94 3050 259 3122 tinuaret,
286 3047 398 3133 quum
422 3064 518 3130 saepe
551 3048 701 3111 obnitens
732 3059 966 3129 repugnasset,
998 3046 1170 3134 impetrari
1192 3052 1318 3131 potuit.

96 3139 181 3201 Nam
202 3134 427 3207 Dictaturam,
460 3132 796 3217 quampertinaciter
818 3126 846 3193 ei
870 3128 1039 3197 deferebat
1064 3131 1226 3214 populus,
1249 3136 1317 3197 tam

96 3209 286 3285 constanter
305 3217 440 3299 repulit.
484 3215 573 3278 Bella
596 3216 656 3277 sub
679 3216 885 3297 imperatore
906 3223 1016 3293 gesta,
1037 3223 1238 3299 pacatusque
1262 3219 1318 3281 vi-

95 3302 213 3369 ctoriis
242 3292 406 3363 terrarum
437 3300 550 3372 orbis,
577 3308 610 3361 et
638 3302 691 3360 tot
722 3306 813 3358 extra
846 3293 976 3360 Italiam
1010 3297 1167 3386 domique
1194 3322 1314 3383 opera,

98 3408 197 3449 omne
218 3386 287 3447 aevi
311 3386 360 3465 sui
381 3385 523 3467 spatium
545 3379 766 3466 impensurum
791 3382 824 3441 in
843 3380 877 3443 id
899 3380 1004 3444 solum
1021 3403 1103 3467 opus
1117 3382 1317 3469 scriptorem

94 3466 246 3554 fatigent.
288 3460 356 3530 No's
378 3460 538 3529 memores
562 3458 795 3547 protessionis',
818 3465 1001 3528 universam
1023 3465 1197 3553 imaginem
1218 3469 1318 3553 priuff·

94 3556 223 3638 cipatus
245 3552 314 3614 eius
337 3540 442 3614 oculis
463 3550 644 3634 animisque
665 3548 874 3611 subiecimus.
907 3548 911 3555 “
1311 3540 1316 3555 “

138 3636 208 3699 XC.
230 3630 395 3717 Sepultls,
419 3643 455 3694 ut
474 3630 826 3715 praediximus‚·'l)ellis
848 3632 1012 3704 civilibus,
1035 3630 1316 3697 coalescentibusa

96 3736 165 3807 qne
183 3708 399 3802 Reipublicae
414 3717 590 3799 membris,
613 3724 646 3778 et
667 3724 776 3779 extera
798 3715 919 3788 coiere,
943 3735 1026 3799 quae
1046 3720 1113 3775 tam
1134 3712 1232 3797 longa
1255 3738 1318 3799 anf

95 3798 216 3867 norum
246 3796 582 3864 sarteallaceraseras.
627 3796 808 3869 Dalmatia,
831 3797 948 3881 viginti
980 3804 1012 3861 et
1032 3794 1190 3858 ducentos
1211 3818 1313 3860 annos

97 3880 254 3961 rebellis,
287 3886 328 3947 ad
359 3893 479 3947 certam
513 3883 752 3945 confessionem
779 3888 894 3962 pacata
908 3889 978 3957 2est
1004 3880 1147 3963 imperii.
1191 3879 1312 3960 Alpes,

97 3973 178 4035 ieris
199 3966 389 4052 ¹inultisque
421 3966 611 4028 nationibus
644 3966 810 4037 celebres,
841 3960 1059 4047 perdomitae.
1113 3960 1313 4045 Hispaniae,

97 4052 185 4119 nunc
205 4048 309 4135 ipsius
327 4050 533 4136 praesentia,
555 4070 643 4111 nune
664 4047 843 4132 Agrippae,
864 4048 977 4128 (quem
999 4066 1101 4129 usque
1124 4047 1156 4108 in
1178 4048 1317 4111 tertium

98 4136 335 4211 Consulatum,
366 4144 399 4198 et
424 4153 505 4197 mox
532 4132 707 4219 collegium
728 4126 938 4193 Tribuuitiae
955 4129 1147 4213 potestatis,
1170 4130 1317 4193 amicitia

97 4221 268 4305 Principis
290 4224 454 4303 erexerat)
474 4216 580 4279 multo
600 4216 760 4301 varioque
781 4216 888 4276 Marte
906 4222 1052 4296 pacatae.
1084 4210 1123 4274 lu
1138 4234 1217 4298 quas
1231 4236 1319 4299 pro-¹

96 4307 224 4371 vincias
243 4326 343 4388 Qum
365 4302 475 4375 initio,
499 4300 656 4383 Scipione
677 4308 711 4363 et
730 4296 928 4383 Sempronio
949 4296 1063 4383 Longo
1081 4296 1183 4369 Coss,
1205 4301 1318 4380 primo

97 4388 187 4455 suno
209 4387 342 4451 secundi
364 4384 475 4469 [belli]
496 4385 637 4461 Punici,
658 4383 779 4446 abhinc
801 4400 902 4444 anuos
924 4380 1022 4455 CCL,
1054 4376 1194 4442 Romani
1217 4404 1320 4447 exer-

98 4476 185 4539 citus
205 4472 296 4535 missi
320 4478 442 4544 essent,
464 4469 547 4549 duce
569 4464 628 4531 Cn.
649 4466 818 4551 Scipione,
843 4463 990 4529 Africani
1011 4471 1154 4549 patruo,
1178 4487 1239 4549 per
1254 4492 1321 4530 an-

98 4580 161 4629 nos
183 4558 237 4621 CC
258 4557 292 4619 iu
319 4550 371 4619 bis
401 4553 506 4617 multo
534 4561 716 4639 mutuoque
747 4549 793 4616 ita
826 4556 996 4625 certatum¹
1015 4554 1065 4611 est
1087 4550 1264 4635 sanguine,
1286 4556 1327 4616 ut

101 4642 228 4721 mimis}
246 4634 523 4744 popqlffltofflani
545 4634 803 4733 imperatoribus
824 4632 1100 4721 exercitibusque,
1122 4654 1217 4716 saepe
1239 4658 1333 4701 ean0

850 4748 871 4813 7
