2850 4958
839 64 889 159 ..e

101 258 185 343 διο·
412 290 427 355 ‚¹
455 248 680 353 nassam-
704 222 955 355 consinus
1005 348 1009 357 ,

101 422 228 485 vexillis
258 418 415 485 Antenori
442 433 476 485 et
505 425 631 485 Aeneae
659 423 790 500 fuisset,
822 425 890 486 sine
914 421 1053 509 quadam
1071 417 1123 486 rei
1145 423 1307 485 memoria

100 503 189 567 haud
210 505 480 586 praetereundum
500 506 667 581 arbitror,
688 507 746 568 sed
766 529 840 571 cum
861 506 1004 591 Virgilio
1032 516 1148 568 nostro
1176 507 1305 568 instan-

101 587 190 662 dum,
214 588 270 651 ubi
291 590 331 650 de
353 591 517 651 Antenore
538 590 585 650 sic
606 590 779 671 profatur:
811 599 849 651 et
868 589 979 674 genti
1005 610 1152 651 nomeu
1174 589 1306 663 dedit,

101 670 135 732 id
157 680 225 745 est,
255 679 425 756 utramque
445 681 593 755 gentem,
625 671 757 735 Italicos
780 672 906 734 scilicet
925 682 957 733 et
975 670 1166 755 Phrygios,
1190 672 1246 754 qui
1269 693 1305 733 ea

100 752 309 814 incoluerunt
330 754 424 827 loca,
457 754 640 829 Troianos,
672 754 742 829 vel,
772 763 810 816 ut
829 754 885 816 alii
907 753 1062 829 tradunt,
1084 754 1303 816 Antenoridas

100 837 325 919 cognominari
345 837 479 913 statuit3
511 856 697 921 armaque
723 837 840 910 fixit,
871 836 939 898 hoe
960 846 1024 910 est,
1047 836 1083 898 in
1101 837 1239 918 templis
1252 847 1311 897 sr-'

98 940 150 978 ma
172 928 204 980 et
225 919 347 1002 insigne
372 941 539 981 armorum
559 920 736 1002 suspendit.
779 920 861 981 Nam
885 928 962 1002 post
981 928 1127 981 exactam
1154 918 1306 980 militiam

99 999 294 1083 laboresque
326 1003 479 1077 militiae,
514 1023 585 1064 mos
615 1003 794 1085 antiquitus
815 1002 900 1075 fuit,
931 1003 965 1062 in
996 1005 1148 1065 Deorum
1180 1001 1308 1082 templis

99 1084 295 1165 suspendere
315 1103 426 1145 arma:
456 1080 552 1149 ideo
580 1104 685 1147 arma
712 1085 810 1145 fixit
840 1084 976 1145 Troia.
1021 1084 1124 1145 Troia
1140 1084 1206 1144 fuit
1219 1084 1308 1145 inter

99 1187 187 1226 arma
209 1166 338 1247 templis
365 1166 467 1240 atIixa,
494 1186 660 1229 armorum
674 1166 829 1248 insigne:
854 1167 942 1250 quod
964 1166 1114 1228 nonnulli
1138 1166 1307 1227 adserunt.

99 1247 202 1309 Troia
229 1270 301 1309 nam
328 1271 367 1311 ue
397 1249 493 1330 vulgo
524 1248 638 1311 Italics
661 1250 838 1331 Latineque
857 1250 999 1331 scropha
1018 1248 1070 1310 vel
1091 1270 1147 1310 sus
1171 1248 1309 1311 dicitur.

100 1331 161 1393 Cui
180 1272 340 1393 vocatuio
362 1330 495 1394 licentia
516 1332 566 1393 sui
587 1331 696 1393 allusit
718 1341 837 1414 poeta:
859 1333 949 1415 quod
971 1330 1109 1405 animal,
1136 1332 1215 1414 qnia
1240 1332 1306 1394 eius

98 1435 217 1475 nomen
240 1414 313 1475 urbi
337 1415 456 1477 Troiae
478 1415 698 1496 congruebat,
726 1436 826 1475 aureo
848 1415 967 1476 vexillo
990 1415 1114 1499 insigne
1137 1436 1307 1489 armorum

97 1497 212 1556 statuit
238 1497 403 1571 Antenor,
432 1497 597 1559 absumtae
627 1499 719 1560 urbis
749 1497 871 1559 Troiae
901 1497 1069 1559 memoria.
1122 1495 1252 1558 Verum
1275 1499 1306 1558 in

98 1579 195 1662 gestis
226 1579 373 1653 Aeneae,
406 1578 468 1640 alia
500 1579 682 1645 evidentior
704 1580 814 1655 ratio,
846 1601 907 1641 cur
933 1581 998 1654 ita,
1027 1576 1135 1647 videri
1157 1580 1303 1664 poterit,

99 1683 203 1745 qnare
224 1662 433 1746 progredior.

138 1745 214 1804 XII.
247 1744 387 1818 Aeneas,
416 1745 530 1807 eodem
560 1744 678 1806 itinere
696 1766 758 1826 per
778 1744 979 1806 Graecorum
1002 1765 1075 1805 oras
1096 1742 1302 1806 Achaicum.

98 1848 163 1908 que
184 1828 304 1888 fretum
330 1829 472 1901 delatus,
502 1829 534 1889 in
556 1826 658 1909 Epiro
687 1827 800 1888 revisit
824 1826 1002 1899 Helenum,
1025 1827 1112 1887 inter
1135 1826 1303 1908 Argolicas

97 1910 196 1971 urbes
229 1908 365 1972 dominii
396 1911 552 1971 ditionem
582 1919 754 1971 tenentem.
796 1909 915 1970 Narrat
935 1909 1091 1982 historia,
1113 1907 1301 1990 Pyrrhum,

98 1990 237 2053 Achillis
259 1992 382 2064 tilium,
405 1992 507 2052 deleta
531 1994 651 2065 Troia,
673 1991 943 2064 Andromachen,
969 1991 1121 2052 Hectoris
1140 1993 1300 2074 quondam

97 2095 255 2145 uxorem,
289 2084 320 2135 et
354 2074 530 2146 Helenum,
564 2075 686 2134 Priami
712 2073 832 2144 filium,
864 2074 997 2136 servitio
1018 2076 1135 2135 ‘secum
1164 2075 1299 2134 duxisse.

99 2157 180 2216 Indo
202 2175 299 2234 quum
322 2156 384 2215 sibi
408 2157 615 2216 matrimonio
638 2155 787 2235 iungeret
811 2155 1041 2229 Hermionem,
1065 2157 1207 2217 Menelai
1235 2156 1299 2216 fiti-

99 2261 173 2310 am,
209 2236 334 2299 Heleno,
362 2238 609 2299 Andromachen
632 2238 742 2298 tradit.
785 2239 861 2317 Mox
886 2240 926 2299 ab
949 2240 1065 2300 Oreste
1088 2240 1298 2311 interfectus,

99 2321 176 2404 <juia
197 2319 266 2378 sino
288 2320 382 2401 prole
405 2321 549 2394 interiit,
582 2323 614 2382 in
637 2341 736 2404 regno
759 2320 939 2402 praesidem
964 2322 1098 2403 reliquit
1123 2321 1297 2393 Helenum3

100 2414 135 2465 nt
173 2401 290 2460 ibidem
334 2404 446 2478 Maro,
483 2404 540 2475 ubi
574 2405 615 2466 de
649 2425 683 2465 se
717 2402 840 2467 Aeneas
874 2404 915 2466 ad
948 2404 1113 2467 Didonem
1151 2407 1297 2487 profatur

101 2491 184 2568 [Aen.
198 2507 243 2562 111.
258 2489 351 2565 28s.]1
755 2505 756 2508 ’
1176 2502 1181 2511 “

183 2607 222 2618 -
240 2607 277 2617 -
299 2576 388 2632 ineat
408 2572 542 2629 erantne
562 2579 611 2627 tot
632 2570 724 2630 urbes
969 2619 972 2623 f

184 2654 375 2734 Argolicas,
398 2650 710 2734 assediosqnesugam
730 2653 866 2713 tenuisse
880 2673 941 2731 per
960 2647 1076 2713 hostes.

17 2760 20 2765 ·
100 2736 144 2800 Et
163 2737 260 2820 paulo
282 2743 357 2812 post
378 2736 426 2805 tib.
453 2736 549 2814 294·]:

110 2876 113 2883 ,
185 2825 248 2878 Hic
269 2817 459 2877 irzcredrhs‘ls's
481 2813 700 2890 rernmsamo
721 2826 858 2896 occupat
881 2835 997 2885 aures,

184 2898 371 2962 Priamiden
391 2900 544 2958 Helenam
571 2900 688 2957 Gratas
708 2921 845 2980 regnare
861 2921 921 2979 per
942 2897 1050 2968 nrbes,

183 2990 223 3044 Et
241 2987 352 3063 potrio
377 2977 618 3041 Arsdronmelren
640 2984 755 3039 aterum
777 2985 903 3040 cessasse
923 2986 1056 3040 saarim.

101 3066 134 3128 Is
155 3067 316 3136 Helenus,
340 3065 465 3123 Aeneae
488 3065 596 3123 futura
617 3063 829 3141 praedicens,
852 3062 993 3124 monitus
1022 3063 1185 3142 interpres
1208 3065 1298 3122 Deo-

103 3173 175 3213 rum
207 3150 352 3229 profatus
384 3148 510 3221 fuerat,
543 3145 591 3206 ihi
619 3147 729 3206 locum
760 3146 845 3208 sedis
876 3145 906 3206 ei
936 3147 1009 3205 fore
1030 3155 1062 3203 et
1083 3144 1227 3225 quietis,
1249 3146 1300 3204 ubi

103 3232 197 3292 Italia
221 3235 306 3293 iuxta
330 3228 484 3311 Tybridis
504 3229 591 3311 ripas
610 3228 797 3311 scropham,
819 3250 875 3291 seu
896 3248 983 3289 suem
1000 3228 1133 3308 triginta
1151 3236 1300 3288 natorum

103 3318 195 3379 foetu
217 3315 372 3375 iacentem
394 3311 536 3385 videret,
556 3319 594 3373 ut
611 3313 705 3377 Maro
728 3312 760 3373 in
782 3311 881 3375 tertio
915 3312 961 3392 [v.
985 3310 1077 3390 388]‚
1101 3310 1143 3371 ad
1164 3309 1302 3374 Aeneam

104 3396 233 3459 locutus
255 3395 414 3456 Helenus:

186 3483 284 3559 Signo
304 3479 366 3536 tibi
382 3477 504 3536 dicam.-
525 3488 561 3537 tn
582 3476 712 3538 condita
732 3484 835 3535 mente
855 3485 971 3536 teneto.

192 3566 294 3640 Quam
318 3560 378 3618 n‘bi
395 3560 534 3619 sollicito
551 3562 669 3619 secreti
687 3559 889 3636 adflnminis
909 3558 1027 3619 rendam

186 3647 343 3706 Littorez's
362 3645 472 3722 ingens
491 3646 617 3705 sbventa
636 3639 692 3701 sub
713 3641 838 3700 ilicibus
854 3663 907 3701 stas

193 3730 341 3806 Trz'gr'ma
362 3723 630 3802 capitumfoetus
650 3726 748 3782 enrico
767 3722 906 3785 iacebit:

189 3811 328 3869 belocus
348 3807 436 3866 urbis
456 3810 533 3864 erit:
554 3809 677 3888 requies
696 3826 735 3864 ea
755 3817 847 3866 certo
869 3805 1028 3864 laborum.

94 3900 97 3907 ’
147 3893 239 3952 XIII.
273 3890 395 3950 Aeneas
415 3888 491 3948 hinc
513 3887 698 3962 discedens,
721 3896 753 3947 et
773 3897 913 3950 extrema
936 3888 1048 3946 Italiae
1067 3887 1213 3964 vadens,
1237 3891 1299 3951 cir-

109 3986 292 4037 cumvectus
321 3995 382 4055 per
411 3970 554 4032 Siciliam
585 3993 692 4031 senem
717 3970 878 4033 Anchisen
909 3979 1032 4052 patrem
1063 3973 1184 4033 anrisit.
1233 3971 1302 4032 Inde

109 4081 170 4143 per
189 4059 332 4118 Inferum
353 4077 441 4116 maro.
463 4053 518 4113 diu
540 4055 690 4116 fluctibus
711 4074 749 4113 ex
771 4054 883 4135 iniquo
907 4053 1012 4114 sidere
1032 4063 1177 4128 vexatus,
1195 4059 1305 4116 Afrum

108 4145 215 4207 tenuit
234 4141 336 4199 littus.
378 4139 455 4196 Mox
475 4145 589 4216 pacato
617 4156 759 4218 aequore
780 4135 820 4196 ad
842 4135 968 4196 ltaliam
988 4145 1156 4210 revectus,
1183 4137 1307 4220 appulit

111 4225 240 4284 Tiberis
263 4222 358 4282 ostio.
402 4221 454 4279 Ibi
475 4229 551 4278 tunc
571 4218 725 4299 temporis
747 4219 879 4279 Latinus
901 4238 968 4289 rex,
990 4218 1092 4279 Fauni
1113 4221 1214 4293 filius,
1232 4243 1306 4299 gen-

111 4308 198 4367 tibus
220 4301 445 4384 imperitabat:
469 4303 522 4381 qui
546 4300 584 4360 ad
606 4303 653 4361 rei
676 4323 777 4360 novae
802 4301 975 4365 tumultum
999 4303 1141 4375 excitus,
1172 4314 1212 4363 ut
1234 4306 1305 4364 Tito

110 4388 203 4451 Livio
225 4387 347 4468 placet,
372 4385 403 4445 in
427 4385 522 4444 armis
547 4384 673 4443 obviam
694 4386 813 4463 prrgit.
855 4384 936 4443 inde
962 4383 1130 4465 colloquio
1154 4389 1306 4466 utrinque

108 4473 232 4555 pacatis
264 4469 397 4540 animis,
431 4466 504 4526 <isici
527 4467 670 4526 Troiano
698 4467 816 4540 filiam,
841 4490 934 4548 quam
959 4466 1088 4540 Turno,
1112 4467 1307 4537 Rutulorum

110 4556 199 4639 regi,
221 4552 328 4634 primo
351 4550 570 4628 desponsarat,
594 4548 801 4609 matrim‘nio
825 4549 945 4624 iannit,
967 4549 1130 4625 Lauiniam
1188 4552 1306 4614 Aeneas

43 4677 48 4688 ·
112 4638 278 4702 conditum
302 4632 459 4716 oppidum
482 4654 519 4691 ex
540 4631 650 4692 uxoris
670 4630 801 4694 nomine
822 4633 988 4695 Lavinium
1011 4633 1164 4714 appellat.
