2850 4958
169 275 243 351 s00
515 354 519 365 ,
618 261 920 344 -srxrsaun

167 435 306 517 Apionis
336 434 420 515 regis
451 430 590 493 arbitrio
621 451 729 513 sumus
760 429 917 492 adsecuti.
972 426 1145 513 Aegyptus
1182 425 1294 489 omnis
1322 425 1365 488 sul

169 519 281 579 amicis
302 517 433 599 regibus
453 517 581 585 fuerat,
607 514 668 575 sed
687 515 773 575 ricta
794 535 868 574 cum
888 511 1032 574 Antonio
1057 512 1263 590 Cleopatra,
1295 529 1363 590 pro·

20 632 22 639 ·
52 608 55 613 '
168 601 294 663 vinciae
313 602 453 661 formam
484 597 654 658 Octaviani
677 598 821 658 Caesaris
842 595 978 678 Augusti
1001 596 1214 675 temporibus
1235 593 1362 673 accepit:

89 759 92 763 .
169 693 202 746 et
221 685 363 766 primum
384 681 471 764 apud
491 679 728 742 Alexandrinos
750 679 919 742 Cornelius
933 677 1044 741 Gallus
1066 680 1257 760 [Romanus
1271 677 1363 759 iudex]

168 764 416 829 administravit.
876 788 879 803 ¹

211 840 304 911 XlV.
336 849 402 911 Per
422 844 562 908 confinia
587 844 816 909 Armeniarum
837 845 979 930 primum
1000 847 1060 908 sub
1083 846 1121 906 L.
1144 841 1286 905 Lucullo
1303 841 1367 903 lio-

167 952 261 993 muna
281 941 370 994 trans
391 931 536 992 Taurum
556 929 646 1010 sigua
668 930 851 991 transmissa
871 936 956 990 sunt.
999 926 1182 1010 Phylarcbi
1205 926 1368 988 Saraceno-

168 1034 244 1076 rum
274 1017 309 1077 iu
339 1017 488 1076 Osroiine
518 1013 661 1093 superati
693 1033 827 1074 cessere.
871 1013 910 1074 In
932 1011 1171 1094 Mesopotamia
1204 1009 1367 1071 abeodem

170 1096 309 1162 Lucullo
339 1097 462 1160 Nisibis
494 1105 588 1177 capta
619 1102 678 1155 est.
721 1095 838 1158 Postea
868 1116 930 1178 per
955 1095 1152 1179 Pompeium
1175 1093 1287 1155 eadem
1308 1091 1369 1154 loca

168 1182 267 1242 armis
288 1181 421 1243 obtenta
442 1188 536 1241 suut:
559 1178 692 1258 Syriae,
714 1177 899 1252 Phoenice,
921 1178 1008 1241 bello
1032 1200 1050 1239 a
1072 1178 1241 1259 Tigrane,
1265 1176 1369 1236 Arme⁴

167 1263 301 1328 nicrum
332 1284 428 1348 rege,
460 1271 622 1343 receptae.
671 1261 794 1325 Arabes
824 1271 857 1323 et
884 1262 997 1324 ludaei
1027 1261 1061 1323 iu
1089 1259 1279 1322 Palaestina
1304 1258 1369 1318 victi

169 1356 256 1409 sunt.
298 1346 349 1408 Ad
371 1355 551 1424 extremum
571 1345 630 1405 sub
652 1341 795 1407 Traiano
816 1346 995 1429 principe,¹
1011 1345 1080 1427 regi
1102 1343 1245 1407 maioris
1265 1340 1370 1402 Arme-

168 1429 244 1491 niae
266 1429 413 1492 diadema
434 1427 685 1512 sublatumvest‚
718 1437 751 1489 et
770 1448 832 1510 per
853 1429 1028 1490 Traianum
1052 1426 1234 1499 Armenia,
1267 1427 1369 1486 Meso-

168 1516 332 1594 potamia,
365 1512 495 1594 Assyria
529 1520 561 1572 et
592 1509 712 1570 Arabia
743 1512 933 1592 provinciae
962 1513 1065 1573 factae
1094 1517 1194 1582 sunt·,
1228 1507 1369 1572 salimes

171 1595 350 1658 Orientalis
378 1617 476 1678 supra
508 1595 613 1676 ripam
644 1593 785 1656 fluminis
815 1594 958 1677 Trigidis
990 1595 1191 1655 constitutus
1218 1600 1276 1653 est.
1318 1590 1370 1653 Sed

168 1676 373 1755 Hadrianus,
405 1679 462 1761 qui
494 1676 648 1739 successit
679 1677 842 1750 Traiano,
884 1677 1030 1740 invidens
1060 1677 1189 1761 gloriae
1228 1674 1370 1748 Traiani,

79 1758 121 1848 (-
167 1771 286 1841 sponte
306 1785 362 1826 sua
382 1762 589 1833 Armeniam,
613 1760 882 1841 Mesopotamiam
905 1770 937 1821 et
960 1761 1121 1843 Assyriam
1145 1758 1310 1820 reddidit:
1339 1779 1373 1818 ac

169 1844 314 1908 medium
344 1849 430 1908 inter
458 1844 573 1905 Persas
602 1853 634 1903 et
661 1844 822 1905 Romanos
847 1843 1048 1925 Euphratem
1067 1864 1135 1906 esse
1155 1842 1279 1905 voluit.
1316 1839 1373 1902 Sed

167 1937 283 2008 postea
303 1931 362 1991 sub
386 1929 562 1989 Antoninis
584 1927 733 1999 duobus,
763 1929 875 1989 Marco
898 1936 930 1988 et
953 1927 1064 2001 Vero,
1093 1935 1126 1987 et
1146 1925 1275 1986 Severo
1294 1924 1373 1985 Per-

168 2011 297 2086 tinace,
329 2014 511 2092 ceterisque
542 2009 747 2090 principibus
777 2011 951 2085 Romanis,
983 2011 1039 2092 qui
1062 2010 1223 2071 adversus
1243 2007 1372 2068 Parthos

170 2103 285 2152 eventu
307 2096 397 2154 vario
421 2093 638 2162 dimicarunt,
669 2099 783 2172 quater
805 2094 939 2167 amissa,
973 2102 1087 2174 quater
1108 2101 1247 2176 recepta
1270 2094 1371 2152 Meso-

168 2177 313 2256 potamia
335 2185 403 2238 est:
436 2196 474 2236 ac
495 2173 694 2235 Diocletiani
717 2176 942 2255 temporibus,
974 2176 1068 2237 victis
1087 2176 1202 2260 prima
1224 2194 1368 2259 congret-

168 2255 261 2318 sione
281 2259 454 2328 Romanis,
482 2256 624 2318 secundo
650 2267 757 2318 autem
782 2258 938 2320 conflictu
959 2269 1111 2341 superato
1135 2278 1220 2343 rege
1240 2259 1370 2329 Narseo,

169 2359 273 2401 uxore
294 2343 361 2404 eius
382 2364 420 2404 ac
440 2341 567 2401 filiabus
589 2341 712 2416 captis,
737 2347 769 2402 et
791 2363 865 2403 cum
887 2364 1009 2405 summa
1030 2341 1218 2425 pudicitiae
1238 2339 1376 2403 custodia

86 2453 89 2460 ·
170 2428 362 2497 reservatis,
384 2446 464 2506 pace
485 2425 592 2496 facta,
620 2425 854 2505 Mesopotamia
876 2436 924 2488 est
944 2426 1115 2488 restituta:
1148 2432 1186 2486 et
1211 2445 1305 2507 supra
1324 2423 1378 2483 ri·

169 2509 412 2592 pam-Tigridis
433 2507 526 2568 limes
548 2516 597 2568 est
616 2506 819 2582 refirmatus,
842 2508 887 2570 ita
910 2517 946 2570 ut
966 2509 1111 2592 quiaque
1130 2509 1379 2590 gentiumtrans

171 2589 340 2669 Tigridem
371 2593 623 2654 constitutarum
646 2589 806 2651 ditionem
827 2592 1093 2673 adsequeremurt
1126 2614 1217 2673 quae
1237 2589 1378 2653 conditio

169 2673 313 2736 foederis
336 2677 369 2736 in
390 2686 515 2755 tempus
530 2675 612 2744 ,Divi
637 2673 817 2735 Constantii
840 2686 1029 2737 conservata
1053 2675 1199 2736 durarit.

194 2757 287 2824 ¹XV.
317 2758 393 2819 Scio
419 2780 523 2829 nunc,
557 2756 677 2817 inclute
708 2757 887 2837 Princeps,
919 2780 984 2841 quo
1008 2768 1062 2818 tua
1090 2769 1208 2841 vergat
1235 2757 1378 2820 intentio.

169 2837 321 2921 Requiris
341 2843 511 2924 profecto,
532 2841 661 2921 quoties
684 2839 885 2920 Babyloniae
907 2853 941 2903 et
960 2843 1186 2903 Romanorum
1209 2864 1301 2904 arma
1318 2839 1380 2901 col·

168 2918 233 2980 lata
256 2924 340 2998 sint,
373 2933 405 2984 et
425 2923 542 3005 quibus
565 2923 689 2983 viribus
711 2924 838 3007 sagittis
859 2923 926 3005 pila
948 2924 1190 2987 contenderint.
1237 2926 1378 2986 Breviter

172 3017 304 3068 eventus
336 3005 531 3068 enumerabo
564 3005 737 3066 bellorum.
782 3007 886 3069 Furto
910 3007 1020 3069 hostes
1052 3008 1084 3068 iu
1106 3009 1224 3090 paucis
1246 3001 1377 3070 invenies

172 3109 239 3149 esse
259 3090 415 3161 laetatos,
437 3109 512 3162 vera
536 3096 643 3149 autem
664 3090 786 3150 virtute
808 3111 936 3171 semper
957 3093 1119 3152 Romanos
1140 3093 1309 3174 probabis
1333 3111 1378 3148 ex-

171 3173 290 3234 stitisse
320 3174 474 3234 victores.
520 3171 667 3232 Primum
697 3194 714 3232 a
740 3173 776 3232 L.
809 3174 898 3236 Sulla
922 3173 1125 3237 Proconsule
1158 3175 1302 3236 Arsaces
1333 3192 1377 3234 rex

104 3254 111 3304 ἐ
168 3254 389 3330 Parthorum,
414 3258 508 3315 missa
530 3254 710 3330 legatione,
734 3256 911 3318 amicitiam
932 3257 1048 3340 populi
1070 3259 1212 3319 Romani
1237 3258 1375 3340 rogavit,

36 3367 39 3375 ¹
148 3354 208 3397 *ac
232 3341 361 3401 meruit.
404 3339 440 3399 L.
465 3339 617 3399 Lucullus
640 3338 887 3414 Mithridatem,
920 3362 1020 3424 regno
1043 3341 1141 3401 Ponti
1166 3335 1376 3413 exutum,ad

169 3420 356 3482 Armeniam
379 3429 567 3500 persecutus
589 3431 646 3481 est.
693 3422 887 3502 Tigranem,
911 3422 1143 3485 Armeniorum
1165 3446 1292 3508 regem,
1316 3441 1375 3483 cum

168 3515 290 3579 septem
313 3505 456 3566 millibus
478 3504 661 3588 quingentis
684 3504 891 3579 clibanariis,
927 3515 959 3566 et
985 3517 1114 3568 centum
1135 3507 1258 3592 viginti
1281 3507 1374 3583 sagit-

169 3588 351 3660 tariorum,
384 3590 452 3670 ipse
485 3610 558 3648 cum
591 3588 756 3663 decem-et
779 3597 854 3648 octo
880 3589 1024 3652 millibus
1044 3593 1275 3655 Romanorum
1295 3589 1371 3651 vicit.

170 3670 425 3748 Tigranocerta,
448 3672 619 3730 maximam
643 3669 816 3731 Armeniae
838 3672 1026 3748 civitatem,
1054 3676 1266 3756 expugnavit.
1309 3674 1370 3733 Ma·

171 3753 306 3826 deiram,
332 3757 473 3837 opimam
496 3754 726 3813 Armeniorum
750 3755 938 3838 regionem,
969 3758 1132 3819 obtinuit:
1161 3780 1227 3841 per
1248 3757 1372 3818 Melite·

176 3859 250 3895 nam
272 3839 311 3900 ad
325 3837 591 3916 Mesopotamiam
609 3835 794 3897 descendit:
818 3839 847 3898 N
851 3840 958 3900 isibim
974 3863 1046 3902 cum
1062 3843 1164 3903 fratre
1180 3845 1272 3928 regis
1285 3837 1368 3920 cepit.

177 3919 326 3984 Tendere
348 3923 382 3984 iu
402 3923 517 3983 Persas
538 3929 688 4000 paratus,
712 3935 929 3983 successorem
950 3925 1086 4007 accepit.
1177 3945 1181 3949 ·

217 4004 308 4067 XVI.
349 4007 406 4067 Cu.
429 4003 605 4084 Pompeius
635 4013 787 4085 expertae
822 4007 1010 4081 felicitatis,
1042 4006 1082 4068 ad
1118 4004 1370 4069 Mithridaticum

175 4085 298 4149 bellum
319 4090 453 4161 missus,
476 4085 702 4147 Mithridatem
726 4088 758 4147 in
779 4086 1076 4153 Armenia‘miuore
1089 4100 1190 4153 nocte
1206 4091 1370 4174 adgressus,

174 4172 304 4248 proelio
327 4172 513 4255 superauit,¹
539 4171 638 4230 caesis
671 4169 797 4231 duobus
820 4181 852 4232 et
873 4173 1086 4256 quadraginta
1107 4175 1257 4235 millibus
1278 4171 1371 4235 hosti-

174 4271 249 4326 um,
274 4265 378 4318 castra
402 4256 469 4315 eius
493 4254 619 4314 invasit.
664 4253 870 4315 Mithridates
894 4257 978 4317 enim
1001 4278 1075 4319 cum
1090 4280 1195 4318 uxore
1213 4267 1246 4317 et
1260 4258 1371 4319 duobus

20 4413 23 4420 .
173 4339 348 4402 comitibus
379 4339 413 4400 in
443 4341 627 4419 bosporum
654 4337 758 4414 fugit:
793 4338 838 4397 ibi
868 4337 1094 4415 desperatione
1117 4363 1229 4403 rerum
1253 4357 1370 4402 suarum

53 4439 87 4471 ιΔ
172 4440 330 4484 venenum
350 4423 480 4494 hausit,
514 4442 613 4502 quum
635 4441 750 4501 parum
773 4430 883 4497 ageret
905 4424 951 4483 vis
973 4426 1106 4497 veneni,
1131 4447 1147 4483 a
1171 4425 1279 4487 milite
1300 4444 1369 4490 suo,

172 4513 208 4560 nt
230 4508 319 4566 ferro
341 4514 590 4585 percuteretur,
624 4503 820 4579 impetravit.
866 4506 1041 4589 Pompeius
1064 4507 1295 4569 auxiliatorem
1318 4503 1372 4566 Ml-

58 4610 64 4623 =
171 4585 324 4653 thridatis
348 4591 543 4674 Tigranem,
569 4587 799 4655 Armeniorum
822 4609 952 4670 regem,
974 4601 1165 4672 persecutus
1188 4601 1256 4656 est:
1282 4591 1332 4653 ille
1346 4604 1372 4646 tt
