2850 4958
96 257 146 339 58
592 252 789 329 vetum

97 418 310 503 Reipublicae
334 425 564 505 terrarumque
578 418 655 481 orbi
674 421 740 484 lata
760 418 967 483 conditorem
981 430 1318 505 conseruatoremque

98 504 236 567 Romani
258 503 412 565 nominis.
452 502 585 583 Sprevit
606 502 717 589 itaque
738 501 889 567 coelestis
910 505 1035 567 animus
1059 504 1202 585 hunnus
1226 526 1318 567 con-

99 588 192 660 silia3
216 593 248 648 et
268 607 342 647 cum
362 585 513 669 periculo
535 586 649 671 potius
670 609 811 661 summa,
838 610 935 671 quam
955 596 1028 651 tuto
1048 588 1188 651 humilia
1199 632 1209 662 ,
1231 609 1323 669 pro-

98 671 212 758 posuit
233 689 266 730 se
291 670 338 743 ui,
359 669 540 753 maluitque
560 670 720 734 avunculo
740 680 773 732 et
795 671 923 732 Caesari
943 669 983 733 de
1004 694 1050 746 se,
1072 695 1171 756 quam
1191 670 1320 735 vitrico

99 752 251 825 credere3
268 690 447 830 dictitans,
469 753 563 833 nefas
586 778 669 831 esse,
725 777 766 815 uo
787 758 914 815 nemim
941 757 1075 819 Caesari
1096 754 1213 837 digmus
1237 766 1324 817 esset

98 841 204 910 rusus,
227 842 430 918 semetipsum
448 836 513 899 sibi
529 837 635 903 uideri
654 777 829 921 iudignum.
868 838 965 899 Hunc
986 838 1139 920 protinus
1151 838 1325 901 Antonius

101 918 222 982 Consul
245 919 387 1003 superbe
402 921 481 984 cxci
507 920 551 994 ir,
575 924 694 1005 (neque
716 924 743 983 is
766 928 836 984 erat
857 929 1058 995 contemtus,
1088 920 1144 982 sed
1170 926 1325 999 metus3)

98 1004 219 1086 vixque
249 1003 389 1065 admisso
421 1004 455 1069 in
482 942 705 1086 iompetanos
728 1005 847 1069 hortos
876 1003 1034 1087 loquendi
1056 1026 1166 1065 seeum
1186 1013 1323 1086 tempus

99 1087 211 1150 dedit:
235 1108 313 1149 mox
335 1087 454 1162 etiam,
476 1086 567 1149 velut
587 1087 715 1149 insidiis
736 1087 804 1148 eius
825 1088 947 1171 petitus
959 1132 967 1160 ,
990 1086 1124 1149 sceleste
1146 1088 1326 1150 insimula-

100 1193 138 1234 re
159 1171 293 1254 eoepit;
321 1169 355 1231 in
377 1192 445 1255 quo
465 1171 612 1253 turpiter
633 1170 833 1252 deprebensa
856 1171 925 1231 eius
946 1171 1070 1231 vanitas
1093 1178 1151 1231 est.
1196 1172 1329 1253 Aperte

101 1252 220 1316 deinde
239 1253 375 1314 Antonii
397 1276 435 1318 ec
454 1253 647 1319 Dolabellae
670 1253 845 1319 Consulum
867 1252 908 1314 ad
928 1254 1099 1316 nefandam
1122 1254 1328 1315 dominatio-

99 1359 175 1398 nem
197 1338 308 1418 erupit
327 1338 434 1404 furor.
475 1338 542 1403 HS.
565 1338 685 1421 septies
709 1336 852 1409 millies,
875 1335 1062 1419 depositum
1084 1359 1103 1396 a
1126 1338 1162 1399 C.
1183 1338 1327 1411 Caesare

101 1420 142 1481 ad
163 1421 276 1482 aedem
299 1419 400 1503 Opis,
424 1428 621 1505 occupatum
647 1422 688 1483 ab
709 1419 872 1483 Antonio:
897 1429 1047 1482 actorum
1071 1419 1238 1495 eiusdem,
1263 1420 1326 1481 in·-

101 1504 197 1566 sertis
227 1502 339 1577 falsis,
370 1504 624 1588 civitatibusque
650 1506 671 1540 ⁴¹
687 1507 741 1541 Η
772 1504 922 1584 corrupti
945 1504 1197 1566 commentarii:
1222 1512 1325 1587 atque

103 1588 212 1649 omnia
241 1586 352 1669 pretio
383 1597 526 1665 tentata,
557 1584 718 1651 vendente
751 1584 1000 1666 Rempublicam
1032 1586 1182 1649 Consule.
1229 1586 1325 1649 Idem

100 1671 308 1755 prouinciam
327 1672 369 1731 D.
393 1673 496 1735 Bruto
517 1668 686 1756 designato
711 1670 843 1733 Consuli
869 1671 1054 1744 decretam,
1088 1670 1234 1732 Galliam
1258 1691 1326 1732 oc-
1370 1664 1372 1671 ’

102 1776 224 1835 cupane
254 1753 395 1821 statuitt·
410 1752 584 1817 Dolabella
616 1755 847 1817 transmarinas
877 1753 1023 1815 decrevit
1047 1752 1122 1814 sibi.
1165 1755 1328 1837 Interque

100 1837 298 1900 naturaliter
321 1836 577 1911 dissimillimos,
608 1858 646 1898 ac
668 1836 794 1899 diversa
824 1836 971 1898 volentes
996 1836 1163 1897 erescebat
1185 1834 1326 1901 odiums

104 1941 209 2003 eoque
230 1922 266 1983 C.
290 1920 407 1981 Caesar
432 1920 557 1982 iuvenis
586 1918 789 2003 quotidianis
818 1917 954 1980 Antonii
979 1920 1155 2001 petebatur
1180 1919 1326 1985 insidiis.

143 2003 229 2065 LXI.
259 2002 431 2083 Torpebat
455 2022 612 2085 oppressa
634 2000 861 2065 dominatione
891 2000 1027 2063 Antonii
1058 2001 1192 2076 civitas,
1227 2002 1327 2065 indi·-

148 2086 215 2147 atio
239 2094 272 2148 et
293 2083 392 2147 dolor
418 2084 584 2160 omnibus,
602 2085 651 2148 vis
669 2084 711 2146 ad
731 2084 948 2149 resistendum
968 2085 1051 2147 nulli
1074 2085 1202 2148 aderat:
1224 2108 1330 2171 quum

135 2215 141 2228 .
166 2171 298 2242 Caesar,
320 2168 411 2230 XIX.
437 2192 557 2230 annum
580 2169 764 2253 ingressus,
789 2168 872 2229 mira
895 2189 1008 2243 ausus,
1034 2191 1219 2231 acsumma
1244 2191 1331 2231 con-

104 2262 254 2327 secutus,
279 2254 410 2333 privato
437 2252 602 2325 oonsilio,
629 2253 790 2315 maiorem
809 2252 930 2315 Sen'atu
953 2273 1016 2336 pro
1046 2252 1228 2335 Republica
1255 2254 1331 2315 ani-

104 2359 194 2407 mum
216 2331 347 2397 babuit.
387 2335 603 2419 Primumque
628 2356 647 2394 a
672 2335 816 2409 Calatia,
848 2358 926 2398 mox
957 2359 975 2397 a
1003 2335 1164 2411 Casilino,
1190 2345 1331 2397 vetera-

105 2442 167 2481 nos
195 2419 315 2481 excivit
337 2428 513 2501 paternos:
547 2439 691 2502 quorum
720 2417 905 2501 exemplum
935 2419 1037 2481 secuti
1063 2418 1143 2494 alii,
1175 2419 1271 2479 brevi
1296 2421 1330 2485 in

104 2503 248 2565 formam
271 2503 348 2566 iusti
373 2504 485 2566 coiere
510 2501 683 2565 exereitus.
727 2502 807 2563 Mox
831 2525 932 2586 quum
950 2501 1113 2563 Antonius
1130 2503 1331 2565 occurrisset

107 2584 288 2662 exercitui,
319 2608 417 2671 quem
443 2608 483 2647 ex
514 2584 745 2647 transmarinis
771 2586 954 2668 provinciis
978 2585 1191 2650 Brundisium
1214 2587 1330 2647 venire

107 2671 266 2742 iusserat,
297 2666 384 2753 legio
416 2669 536 2731 Martia
557 2675 591 2730 et
612 2669 757 2745 Quarta,
791 2670 923 2751 cognita
947 2675 980 2730 et
1000 2669 1137 2731 Senatus
1158 2668 1331 2735 voluntate

108 2760 141 2814 et
161 2752 245 2813 tanti
267 2751 393 2814 iuvenis
416 2750 550 2825 indole,
577 2750 714 2813 sublatis
735 2749 835 2833 signis
857 2751 1089 2823 adCaesarem
1114 2775 1147 2814 se
1170 2752 1330 2815 contule-

107 2843 196 2898 runt.
240 2834 325 2899 Eum
344 2835 502 2911 Senatus,
524 2836 727 2897 honoratum
749 2835 894 2917 equestri
915 2842 1032 2909 statua,
1057 2857 1140 2917 quae
1162 2835 1332 2919 hodieque

108 2919 143 2981 in
164 2918 292 2983 Rostris
312 2916 421 3002 posita
443 2926 581 2982 aetatem
603 2919 673 2980 eius
694 2917 859 2999 scriptura
881 2917 1015 2990 indicat,
1038 2921 1107 2999 (qui
1129 2919 1242 2979 honor
1259 2941 1327 2985 non

109 3000 188 3077 alii,
218 3023 281 3084 per
313 3004 390 3066 CCC
421 3024 542 3078 annos,
574 3022 672 3082 quam
701 3001 740 3062 L.
761 3000 871 3062 Sullae
902 3009 935 3063 et
967 3001 1025 3075 Cn.
1047 3002 1208 3085 Pompeio
1237 3011 1271 3063 et
1291 3002 1328 3063 C.

110 3084 240 3151 Caesari
261 3087 459 3172 contigerat)
478 3098 542 3170 pro
564 3086 726 3146 Praetore
738 3129 746 3157 ,
770 3106 834 3145 una
856 3104 930 3144 eum
954 3084 1042 3146 Coss.
1060 3084 1229 3170 disignatis
1244 3084 1332 3151 Hir-

109 3170 160 3232 tio
186 3180 218 3232 et
238 3171 364 3243 Pansa,
385 3170 507 3231 bellum
531 3191 606 3232 cum
626 3165 773 3229 Antonio
796 3186 911 3245 gerere
933 3164 1038 3236 iusiut.
1081 3166 1119 3228 Id
1142 3168 1181 3228 ab
1206 3189 1246 3229 eo
1271 3191 1333 3231 an..

110 3274 191 3315 uum
211 3263 325 3339 agente
346 3251 557 3326 vicesimum,
580 3249 759 3312 fortissime
780 3251 870 3309 circa
891 3248 1050 3310 Mutinam
1066 3249 1332 3316 ad111inistratum

108 3344 179 3398 est:
212 3346 249 3397 et
265 3340 308 3398 D.
330 3337 450 3403 Brutus
481 3334 655 3400 obsidione
675 3329 852 3392 liberatus:
886 3330 1049 3392 Antonius
1070 3335 1161 3414 turpi
1183 3356 1221 3394 ac
1242 3334 1333 3397 nuda

111 3421 190 3501 fuga
219 3427 352 3479 coactus
385 3415 534 3477 deserere
565 3414 712 3475 Italiam:
748 3411 925 3481 Consulum
946 3422 1053 3476 autem
1076 3417 1160 3479 alter
1180 3416 1216 3479 in
1237 3416 1332 3492 acie,

113 3502 197 3563 alter
217 3508 295 3579 post
314 3520 436 3580 paucos
458 3498 527 3560 dies
552 3517 592 3559 ex
612 3495 746 3557 vulnere
768 3505 909 3559 mortem
932 3497 1030 3560 obiit.

154 3582 258 3644 LXII.
298 3581 418 3645 Omnia
449 3590 524 3642 ante
555 3602 652 3663 quam
681 3580 853 3662 fugaretur
886 3581 1071 3656 Antonius,
1106 3581 1293 3651 honorifice
1314 3607 1336 3645 a

113 3666 235 3731 Senatu
266 3666 301 3729 in
329 3667 497 3728 Caesarem
528 3662 770 3746 exercitumque
802 3666 871 3731 eius
903 3665 1034 3735 decreta
1063 3674 1154 3740 sunt,
1192 3669 1337 3731 maxime

115 3758 252 3815 auctore
273 3753 448 3823 Cicerone,
470 3746 544 3822 sed,
567 3756 604 3809 ut
624 3749 758 3809 recessit
778 3759 902 3823 metus,
927 3750 1038 3833 erupit
1058 3747 1228 3823 voluntas,
1252 3773 1335 3835 pro-

115 3833 268 3920 tinusque
299 3831 508 3914 Pompeianis
538 3830 689 3913 partibus
716 3832 816 3894 rediit
842 3833 979 3903 animus.
1022 3835 1124 3897 Bruto
1155 3834 1335 3917 Cassioque

114 3917 324 4007 provinciae,
348 3934 427 3998 quas
449 3914 514 3974 iam
534 3916 598 3998 ipsi
619 3916 688 3976 sine
710 3915 777 3978 ullo
800 3914 834 3975 S.
859 3918 893 3977 C.
919 3924 1179 3999 occupaverant,
1209 3918 1335 3979 decre-

121 4009 185 4061 tae.
229 4000 365 4061 Laudati
387 3997 585 4084 quicumque
604 4000 656 4061 his
680 4001 741 4079 [se]
766 3998 927 4067 exercitus
948 3999 1169 4066 tradidissent.
1215 3999 1338 4071 Omnia

117 4084 334 4145 transmarina
354 4080 492 4165 imperia
514 4105 629 4147 eorum
651 4082 822 4144 commissa
844 4082 997 4150 arbitrio.
1036 4083 1169 4164 Quippe
1190 4086 1236 4146 M.
1251 4086 1338 4151 Bru·

118 4177 170 4231 tus
192 4179 224 4229 et
245 4167 280 4228 C.
305 4165 446 4239 Cassius,
474 4189 560 4229 nune
589 4174 767 4229 metuentes
789 4186 879 4231 arma
907 4163 1062 4240 Antonii,
1080 4167 1245 4245 -nunenad
1267 4191 1337 4229 au.

119 4251 255 4333 gendam
278 4251 346 4312 eius
367 4250 545 4325 invidiam,
578 4248 765 4310 simulantes
797 4269 831 4309 se
862 4257 1031 4324 metuere,
1062 4250 1171 4310 testati
1194 4249 1334 4324 edictis,

119 4336 255 4396 libenter
275 4358 309 4396 se
326 4332 380 4399 vel
398 4340 431 4395 in
448 4342 605 4417 perpetuo
625 4331 741 4394 emu'lio
761 4330 923 4405 victuros,
945 4330 1020 4415 dum
1039 4333 1234 4412 Respublica
1252 4359 1338 4396 con·-

119 4429 223 4481 staret
246 4416 435 4489 concordiis,
464 4438 521 4476 nec
552 4417 653 4477 ullam
680 4413 758 4472 belli
784 4412 887 4476 ci‘su'lis
908 4415 1116 4491 praebituros
1140 4421 1336 4491 neoterium,

117 4502 294 4583 pinninum
326 4500 395 4577 sibi¹
418 4498 560 4560 honoris.
577 4520 642 4559 esse
671 4499 705 4559 in
734 4499 931 4581 conscientia
954 4497 1057 4576 facti
1086 4503 1154 4572 sui,
1188 4503 1338 4583 profecti

122 4586 216 4648 Urbe
239 4590 342 4671 atque
357 4582 473 4657 Italia,
497 4582 623 4644 intento
646 4602 685 4644 ac
705 4580 780 4667 pari
801 4579 932 4656 animo,
955 4581 1025 4673 sine
1045 4583 1242 4649 auctoritate
1264 4608 1337 4671 pu-
