<?xml version="1.0" encoding="UTF-8"?>
<!DOCTYPE html PUBLIC "-//W3C//DTD XHTML 1.0 Transitional//EN"
    "http://www.w3.org/TR/xhtml1/DTD/xhtml1-transitional.dtd">
<html xmlns="http://www.w3.org/1999/xhtml" xml:lang="en" lang="en">
 <head>
  <title>
</title>
<meta http-equiv="Content-Type" content="text/html;charset=utf-8" />
  <meta name='ocr-system' content='tesseract 3.04.00' />
  <meta name='ocr-capabilities' content='ocr_page ocr_carea ocr_par ocr_line ocrx_word'/>
</head>
<body>
  <div class='ocr_page' id='page_1' title='image "./scriptoreshisto00fiedgoog_0210.png"; bbox 0 0 2850 4958; ppageno 0'>
   <div class='ocr_carea' id='block_1_1' title="bbox 481 261 1326 408">
    <p class='ocr_par' dir='ltr' id='par_1_1' title="bbox 481 261 1326 408">
     <span class='ocr_line' id='line_1_1' title="bbox 481 261 1326 408; baseline 0.009 -46"><span class='ocrx_word' id='word_1_1' title='bbox 481 261 630 363; x_wconf 79' lang='lat' dir='ltr'><strong>urana</strong></span> <span class='ocrx_word' id='word_1_2' title='bbox 647 274 842 375; x_wconf 52' lang='lat' dir='ltr'><strong>nonus,</strong></span> <span class='ocrx_word' id='word_1_3' title='bbox 1158 285 1252 365; x_wconf 65' lang='lat' dir='ltr'><strong>aa·</strong></span> <span class='ocrx_word' id='word_1_4' title='bbox 1318 362 1326 408; x_wconf 81' lang='lat'><strong>.·</strong></span> 
     </span>
    </p>
   </div>
   <div class='ocr_carea' id='block_1_2' title="bbox 55 424 1365 783">
    <p class='ocr_par' dir='ltr' id='par_1_2' title="bbox 55 424 1365 783">
     <span class='ocr_line' id='line_1_2' title="bbox 55 424 1351 535; baseline 0.002 -21"><span class='ocrx_word' id='word_1_5' title='bbox 55 446 137 514; x_wconf 76' lang='lat' dir='ltr'><strong>nani</strong></span> <span class='ocrx_word' id='word_1_6' title='bbox 159 468 260 535; x_wconf 82' lang='lat' dir='ltr'><strong>usque</strong></span> <span class='ocrx_word' id='word_1_7' title='bbox 284 443 326 513; x_wconf 80' lang='lat' dir='ltr'><strong>ad</strong></span> <span class='ocrx_word' id='word_1_8' title='bbox 348 443 520 533; x_wconf 80' lang='lat' dir='ltr'><strong>Hispanias</strong></span> <span class='ocrx_word' id='word_1_9' title='bbox 546 449 820 532; x_wconf 80' lang='lat' dir='ltr'><strong>penetraverunt,</strong></span> <span class='ocrx_word' id='word_1_10' title='bbox 852 451 886 512; x_wconf 90' lang='lat' dir='ltr'><strong>et</strong></span> <span class='ocrx_word' id='word_1_11' title='bbox 913 446 1079 514; x_wconf 78' lang='lat' dir='ltr'><strong>civitatem</strong></span> <span class='ocrx_word' id='word_1_12' title='bbox 1092 450 1255 529; x_wconf 83' lang='lat' dir='ltr'><strong>:nobilem</strong></span> <span class='ocrx_word' id='word_1_13' title='bbox 1342 424 1351 454; x_wconf 46' lang='lat'><strong><em>⁹</em></strong></span> 
     </span>
     <span class='ocr_line' id='line_1_3' title="bbox 55 530 1351 636; baseline 0.002 -42"><span class='ocrx_word' id='word_1_14' title='bbox 55 531 271 636; x_wconf 66' lang='lat' dir='ltr'><strong>farpaconpm</strong></span> <span class='ocrx_word' id='word_1_15' title='bbox 303 542 578 632; x_wconf 58' lang='lat' dir='ltr'><strong>expugnaverunt:</strong></span> <span class='ocrx_word' id='word_1_16' title='bbox 630 532 768 623; x_wconf 81' lang='lat' dir='ltr'><strong>Parthi,</strong></span> <span class='ocrx_word' id='word_1_17' title='bbox 792 530 1044 617; x_wconf 73' lang='lat' dir='ltr'><strong>¹Mesopotamia</strong></span> <span class='ocrx_word' id='word_1_18' title='bbox 1057 544 1254 619; x_wconf 79' lang='lat' dir='ltr'><strong>..occupata,</strong></span> <span class='ocrx_word' id='word_1_19' title='bbox 1349 580 1351 585; x_wconf 49' lang='lat'>&gt;</span> 
     </span>
     <span class='ocr_line' id='line_1_4' title="bbox 55 615 1365 783; baseline 0.002 -23"><span class='ocrx_word' id='word_1_20' title='bbox 55 617 269 763; x_wconf 51' lang='lat' dir='ltr'><strong>⁵ylllim&#39;lidid</strong></span> <span class='ocrx_word' id='word_1_21' title='bbox 288 615 691 781; x_wconf 63' lang='lat' dir='ltr'><strong>idrbpilbbbierblidhddbds,</strong></span> <span class='ocrx_word' id='word_1_22' title='bbox 715 707 748 762; x_wconf 89' lang='lat' dir='ltr'><strong>et</strong></span> <span class='ocrx_word' id='word_1_23' title='bbox 767 696 875 762; x_wconf 89' lang='lat' dir='ltr'><strong>deleto</strong></span> <span class='ocrx_word' id='word_1_24' title='bbox 896 719 1000 783; x_wconf 85' lang='lat' dir='ltr'><strong>paene</strong></span> <span class='ocrx_word' id='word_1_25' title='bbox 1020 670 1160 782; x_wconf 84' lang='lat' dir='ltr'><strong>imperio</strong></span> <span class='ocrx_word' id='word_1_26' title='bbox 1182 664 1255 763; x_wconf 61' lang='lat' dir='ltr'><strong>noss</strong></span> <span class='ocrx_word' id='word_1_27' title='bbox 1362 708 1365 712; x_wconf 84' lang='grc'><strong>“</strong></span> 
     </span>
    </p>
   </div>
   <div class='ocr_carea' id='block_1_3' title="bbox 55 782 1315 4102">
    <p class='ocr_par' dir='ltr' id='par_1_3' title="bbox 55 782 1307 1695">
     <span class='ocr_line' id='line_1_5' title="bbox 55 782 1256 866; baseline 0.002 -23"><span class='ocrx_word' id='word_1_28' title='bbox 55 802 167 857; x_wconf 84' lang='lat' dir='ltr'><strong>mano,</strong></span> <span class='ocrx_word' id='word_1_29' title='bbox 196 802 429 847; x_wconf 79' lang='lat' dir='ltr'><strong>rosruuus</strong></span> <span class='ocrx_word' id='word_1_30' title='bbox 462 783 495 845; x_wconf 90' lang='lat' dir='ltr'><strong>in</strong></span> <span class='ocrx_word' id='word_1_31' title='bbox 516 783 642 856; x_wconf 88' lang='lat' dir='ltr'><strong>Gallia,</strong></span> <span class='ocrx_word' id='word_1_32' title='bbox 674 782 903 845; x_wconf 88' lang='lat' dir='ltr'><strong>obscurissime</strong></span> <span class='ocrx_word' id='word_1_33' title='bbox 926 791 1040 856; x_wconf 89' lang='lat' dir='ltr'><strong>natus,</strong></span> <span class='ocrx_word' id='word_1_34' title='bbox 1074 805 1256 866; x_wconf 79' lang='lat' dir='ltr'><strong>purpuram</strong></span> 
     </span>
     <span class='ocr_line' id='line_1_6' title="bbox 55 864 1256 950; baseline 0.002 -23"><span class='ocrx_word' id='word_1_35' title='bbox 55 866 184 943; x_wconf 85' lang='lat' dir='ltr'><strong>sumsit,</strong></span> <span class='ocrx_word' id='word_1_36' title='bbox 213 875 246 928; x_wconf 87' lang='lat' dir='ltr'><strong>et</strong></span> <span class='ocrx_word' id='word_1_37' title='bbox 271 887 333 948; x_wconf 87' lang='lat' dir='ltr'><strong>per</strong></span> <span class='ocrx_word' id='word_1_38' title='bbox 358 887 459 927; x_wconf 90' lang='lat' dir='ltr'><strong>annos</strong></span> <span class='ocrx_word' id='word_1_39' title='bbox 481 864 593 928; x_wconf 89' lang='lat' dir='ltr'><strong>decem</strong></span> <span class='ocrx_word' id='word_1_40' title='bbox 613 867 658 928; x_wconf 91' lang='lat' dir='ltr'><strong>ita</strong></span> <span class='ocrx_word' id='word_1_41' title='bbox 679 866 870 948; x_wconf 81' lang='lat' dir='ltr'><strong>imperarit,</strong></span> <span class='ocrx_word' id='word_1_42' title='bbox 893 875 931 928; x_wconf 89' lang='lat' dir='ltr'><strong>ut</strong></span> <span class='ocrx_word' id='word_1_43' title='bbox 950 874 1133 928; x_wconf 72' lang='lat' dir='ltr'><strong>consumtus</strong></span> <span class='ocrx_word' id='word_1_44' title='bbox 1152 887 1256 950; x_wconf 88' lang='lat' dir='ltr'><strong>paene</strong></span> 
     </span>
     <span class='ocr_line' id='line_1_7' title="bbox 55 948 1256 1034; baseline 0.001 -23"><span class='ocrx_word' id='word_1_45' title='bbox 55 951 236 1031; x_wconf 87' lang='lat' dir='ltr'><strong>provincias</strong></span> <span class='ocrx_word' id='word_1_46' title='bbox 256 948 379 1033; x_wconf 80' lang='lat' dir='ltr'><strong>ingenti</strong></span> <span class='ocrx_word' id='word_1_47' title='bbox 401 949 522 1011; x_wconf 88' lang='lat' dir='ltr'><strong>virtute</strong></span> <span class='ocrx_word' id='word_1_48' title='bbox 544 959 575 1011; x_wconf 91' lang='lat' dir='ltr'><strong>et</strong></span> <span class='ocrx_word' id='word_1_49' title='bbox 595 949 822 1012; x_wconf 82' lang='lat' dir='ltr'><strong>moderatione</strong></span> <span class='ocrx_word' id='word_1_50' title='bbox 842 949 1060 1031; x_wconf 78' lang='lat' dir='ltr'><strong>reparaverit:</strong></span> <span class='ocrx_word' id='word_1_51' title='bbox 1084 951 1140 1034; x_wconf 89' lang='lat' dir='ltr'><strong>qui</strong></span> <span class='ocrx_word' id='word_1_52' title='bbox 1161 949 1256 1012; x_wconf 89' lang='lat' dir='ltr'><strong>sedi·</strong></span> 
     </span>
     <span class='ocr_line' id='line_1_8' title="bbox 55 1030 1258 1117; baseline 0.002 -24"><span class='ocrx_word' id='word_1_53' title='bbox 55 1030 140 1094; x_wconf 86' lang='lat' dir='ltr'><strong>tione</strong></span> <span class='ocrx_word' id='word_1_54' title='bbox 159 1032 300 1095; x_wconf 91' lang='lat' dir='ltr'><strong>militum</strong></span> <span class='ocrx_word' id='word_1_55' title='bbox 322 1032 512 1094; x_wconf 82' lang='lat' dir='ltr'><strong>interfectus</strong></span> <span class='ocrx_word' id='word_1_56' title='bbox 533 1042 602 1106; x_wconf 90' lang='lat' dir='ltr'><strong>est,</strong></span> <span class='ocrx_word' id='word_1_57' title='bbox 631 1031 720 1117; x_wconf 90' lang='lat' dir='ltr'><strong>quod</strong></span> <span class='ocrx_word' id='word_1_58' title='bbox 741 1034 1007 1117; x_wconf 80' lang='lat' dir='ltr'><strong>Mogontiacum,</strong></span> <span class='ocrx_word' id='word_1_59' title='bbox 1035 1054 1117 1116; x_wconf 89' lang='lat' dir='ltr'><strong>quae</strong></span> <span class='ocrx_word' id='word_1_60' title='bbox 1138 1034 1258 1096; x_wconf 81' lang='lat' dir='ltr'><strong>adver·</strong></span> 
     </span>
     <span class='ocr_line' id='line_1_9' title="bbox 55 1113 1307 1197; baseline 0.002 -20"><span class='ocrx_word' id='word_1_61' title='bbox 55 1132 104 1177; x_wconf 86' lang='lat' dir='ltr'><strong>sus</strong></span> <span class='ocrx_word' id='word_1_62' title='bbox 126 1137 199 1178; x_wconf 91' lang='lat' dir='ltr'><strong>eum</strong></span> <span class='ocrx_word' id='word_1_63' title='bbox 220 1113 453 1189; x_wconf 79' lang='lat' dir='ltr'><strong>rebellaverat,</strong></span> <span class='ocrx_word' id='word_1_64' title='bbox 475 1116 513 1178; x_wconf 89' lang='lat' dir='ltr'><strong>L.</strong></span> <span class='ocrx_word' id='word_1_65' title='bbox 536 1116 671 1179; x_wconf 83' lang='lat' dir='ltr'><strong>Aeliano</strong></span> <span class='ocrx_word' id='word_1_66' title='bbox 693 1115 875 1197; x_wconf 81' lang='lat' dir='ltr'><strong>[Lolliano]</strong></span> <span class='ocrx_word' id='word_1_67' title='bbox 897 1137 949 1178; x_wconf 90' lang='lat' dir='ltr'><strong>res</strong></span> <span class='ocrx_word' id='word_1_68' title='bbox 968 1136 1065 1177; x_wconf 86' lang='lat' dir='ltr'><strong>noras</strong></span> <span class='ocrx_word' id='word_1_69' title='bbox 1087 1116 1256 1193; x_wconf 88' lang='lat' dir='ltr'><strong>moliente,</strong></span> <span class='ocrx_word' id='word_1_70' title='bbox 1304 1174 1307 1180; x_wconf 91' lang='grc'><em>,</em></span> 
     </span>
     <span class='ocr_line' id='line_1_10' title="bbox 55 1194 1258 1280; baseline 0.003 -21"><span class='ocrx_word' id='word_1_71' title='bbox 55 1194 269 1280; x_wconf 73' lang='lat' dir='ltr'><strong>diripiendam</strong></span> <span class='ocrx_word' id='word_1_72' title='bbox 289 1196 449 1261; x_wconf 88' lang='lat' dir='ltr'><strong>militibus</strong></span> <span class='ocrx_word' id='word_1_73' title='bbox 470 1199 600 1262; x_wconf 88' lang='lat' dir='ltr'><strong>tradere</strong></span> <span class='ocrx_word' id='word_1_74' title='bbox 620 1199 788 1264; x_wconf 88' lang='lat' dir='ltr'><strong>noluisset.</strong></span> <span class='ocrx_word' id='word_1_75' title='bbox 829 1197 911 1261; x_wconf 87' lang='lat' dir='ltr'><strong>Post</strong></span> <span class='ocrx_word' id='word_1_76' title='bbox 930 1220 1004 1261; x_wconf 88' lang='lat' dir='ltr'><strong>eum</strong></span> <span class='ocrx_word' id='word_1_77' title='bbox 1025 1200 1169 1276; x_wconf 88' lang='lat' dir='ltr'><strong>Marius,</strong></span> <span class='ocrx_word' id='word_1_78' title='bbox 1197 1200 1258 1265; x_wconf 50' lang='lat' dir='ltr'><strong>via</strong></span> 
     </span>
     <span class='ocr_line' id='line_1_11' title="bbox 55 1276 1256 1366; baseline 0.002 -23"><span class='ocrx_word' id='word_1_79' title='bbox 55 1276 190 1343; x_wconf 90' lang='lat' dir='ltr'><strong>lissimus</strong></span> <span class='ocrx_word' id='word_1_80' title='bbox 216 1282 348 1363; x_wconf 81' lang='lat' dir='ltr'><strong>opifex,</strong></span> <span class='ocrx_word' id='word_1_81' title='bbox 374 1304 555 1365; x_wconf 85' lang='lat' dir='ltr'><strong>purpuram</strong></span> <span class='ocrx_word' id='word_1_82' title='bbox 576 1283 723 1366; x_wconf 84' lang='lat' dir='ltr'><strong>accepit,</strong></span> <span class='ocrx_word' id='word_1_83' title='bbox 755 1291 788 1344; x_wconf 89' lang='lat' dir='ltr'><strong>ct</strong></span> <span class='ocrx_word' id='word_1_84' title='bbox 816 1280 958 1345; x_wconf 87' lang='lat' dir='ltr'><strong>secundo</strong></span> <span class='ocrx_word' id='word_1_85' title='bbox 988 1279 1042 1344; x_wconf 91' lang='lat' dir='ltr'><strong>die</strong></span> <span class='ocrx_word' id='word_1_86' title='bbox 1066 1282 1256 1346; x_wconf 84' lang='lat' dir='ltr'><strong>interfectus</strong></span> 
     </span>
     <span class='ocr_line' id='line_1_12' title="bbox 55 1364 1260 1449; baseline 0.002 -24"><span class='ocrx_word' id='word_1_87' title='bbox 55 1373 110 1426; x_wconf 87' lang='lat' dir='ltr'><strong>est.</strong></span> <span class='ocrx_word' id='word_1_88' title='bbox 153 1364 346 1427; x_wconf 75' lang='lat' dir='ltr'><strong>Victorinus</strong></span> <span class='ocrx_word' id='word_1_89' title='bbox 366 1375 480 1449; x_wconf 87' lang='lat' dir='ltr'><strong>postea</strong></span> <span class='ocrx_word' id='word_1_90' title='bbox 501 1364 683 1437; x_wconf 81' lang='lat' dir='ltr'><strong>Galliarum</strong></span> <span class='ocrx_word' id='word_1_91' title='bbox 703 1366 831 1449; x_wconf 90' lang='lat' dir='ltr'><strong>accepit</strong></span> <span class='ocrx_word' id='word_1_92' title='bbox 851 1365 1037 1448; x_wconf 87' lang='lat' dir='ltr'><strong>imperium,</strong></span> <span class='ocrx_word' id='word_1_93' title='bbox 1059 1365 1111 1428; x_wconf 83' lang='lat' dir='ltr'><strong>vir</strong></span> <span class='ocrx_word' id='word_1_94' title='bbox 1126 1374 1260 1437; x_wconf 43' lang='lat' dir='ltr'><strong>strenus</strong></span> 
     </span>
     <span class='ocr_line' id='line_1_13' title="bbox 55 1442 1305 1531; baseline 0.004 -24"><span class='ocrx_word' id='word_1_95' title='bbox 55 1442 189 1509; x_wconf 86' lang='lat' dir='ltr'><strong>issimus.</strong></span> <span class='ocrx_word' id='word_1_96' title='bbox 232 1445 298 1509; x_wconf 86' lang='lat' dir='ltr'><strong>Sed</strong></span> <span class='ocrx_word' id='word_1_97' title='bbox 321 1470 422 1531; x_wconf 89' lang='lat' dir='ltr'><strong>quum</strong></span> <span class='ocrx_word' id='word_1_98' title='bbox 443 1447 563 1523; x_wconf 84' lang='lat' dir='ltr'><strong>nimiae</strong></span> <span class='ocrx_word' id='word_1_99' title='bbox 580 1447 729 1511; x_wconf 89' lang='lat' dir='ltr'><strong>libidinis</strong></span> <span class='ocrx_word' id='word_1_100' title='bbox 750 1457 844 1524; x_wconf 92' lang='lat' dir='ltr'><strong>esset,</strong></span> <span class='ocrx_word' id='word_1_101' title='bbox 867 1457 900 1511; x_wconf 92' lang='lat' dir='ltr'><strong>et</strong></span> <span class='ocrx_word' id='word_1_102' title='bbox 921 1448 1131 1513; x_wconf 87' lang='lat' dir='ltr'><strong>matrimonia</strong></span> <span class='ocrx_word' id='word_1_103' title='bbox 1152 1449 1258 1512; x_wconf 78' lang='lat' dir='ltr'><strong>aliene</strong></span> <span class='ocrx_word' id='word_1_104' title='bbox 1297 1460 1305 1483; x_wconf 79' lang='lat'><strong><em>⁴</em></strong></span> 
     </span>
     <span class='ocr_line' id='line_1_14' title="bbox 55 1529 1259 1615; baseline 0.001 -24"><span class='ocrx_word' id='word_1_105' title='bbox 55 1529 300 1614; x_wconf 85' lang='lat' dir='ltr'><strong>corrumperet,</strong></span> <span class='ocrx_word' id='word_1_106' title='bbox 322 1531 523 1615; x_wconf 72' lang='lat' dir='ltr'><strong>Agrippinae</strong></span> <span class='ocrx_word' id='word_1_107' title='bbox 545 1532 670 1592; x_wconf 88' lang='lat' dir='ltr'><strong>occisus</strong></span> <span class='ocrx_word' id='word_1_108' title='bbox 692 1539 759 1605; x_wconf 89' lang='lat' dir='ltr'><strong>est,</strong></span> <span class='ocrx_word' id='word_1_109' title='bbox 791 1530 939 1595; x_wconf 90' lang='lat' dir='ltr'><strong>actuario</strong></span> <span class='ocrx_word' id='word_1_110' title='bbox 961 1529 1104 1614; x_wconf 85' lang='lat' dir='ltr'><strong>quodam</strong></span> <span class='ocrx_word' id='word_1_111' title='bbox 1125 1531 1259 1593; x_wconf 87' lang='lat' dir='ltr'><strong>machi-</strong></span> 
     </span>
     <span class='ocr_line' id='line_1_15' title="bbox 55 1611 810 1695; baseline 0.009 -23"><span class='ocrx_word' id='word_1_112' title='bbox 55 1623 147 1675; x_wconf 86' lang='lat' dir='ltr'><strong>nante</strong></span> <span class='ocrx_word' id='word_1_113' title='bbox 169 1612 301 1685; x_wconf 89' lang='lat' dir='ltr'><strong>dolum,</strong></span> <span class='ocrx_word' id='word_1_114' title='bbox 324 1613 454 1695; x_wconf 90' lang='lat' dir='ltr'><strong>imperii</strong></span> <span class='ocrx_word' id='word_1_115' title='bbox 477 1613 527 1675; x_wconf 92' lang='lat' dir='ltr'><strong>sui</strong></span> <span class='ocrx_word' id='word_1_116' title='bbox 548 1635 633 1676; x_wconf 91' lang='lat' dir='ltr'><strong>anno</strong></span> <span class='ocrx_word' id='word_1_117' title='bbox 655 1611 810 1679; x_wconf 84' lang='lat' dir='ltr'><strong>secundo.</strong></span> 
     </span>
    </p>

    <p class='ocr_par' dir='ltr' id='par_1_4' title="bbox 55 1692 1315 2194">
     <span class='ocr_line' id='line_1_16' title="bbox 91 1692 1258 1780; baseline 0.001 -21"><span class='ocrx_word' id='word_1_118' title='bbox 91 1695 134 1759; x_wconf 85' lang='lat' dir='ltr'><strong>X.</strong></span> <span class='ocrx_word' id='word_1_119' title='bbox 167 1696 253 1758; x_wconf 88' lang='lat' dir='ltr'><strong>Huic</strong></span> <span class='ocrx_word' id='word_1_120' title='bbox 272 1695 428 1759; x_wconf 90' lang='lat' dir='ltr'><strong>successit</strong></span> <span class='ocrx_word' id='word_1_121' title='bbox 448 1695 598 1759; x_wconf 79' lang='lat' dir='ltr'><strong>Tetricus</strong></span> <span class='ocrx_word' id='word_1_122' title='bbox 619 1696 779 1770; x_wconf 87' lang='lat' dir='ltr'><strong>Senator,</strong></span> <span class='ocrx_word' id='word_1_123' title='bbox 811 1695 870 1780; x_wconf 85' lang='lat' dir='ltr'><strong>qui</strong></span> <span class='ocrx_word' id='word_1_124' title='bbox 899 1692 1109 1779; x_wconf 75' lang='lat' dir='ltr'><strong>Aquitaniam</strong></span> <span class='ocrx_word' id='word_1_125' title='bbox 1128 1694 1258 1760; x_wconf 84' lang='lat' dir='ltr'><strong>bonore</strong></span> 
     </span>
     <span class='ocr_line' id='line_1_17' title="bbox 55 1777 1258 1859; baseline 0.002 -22"><span class='ocrx_word' id='word_1_126' title='bbox 55 1779 208 1857; x_wconf 85' lang='lat' dir='ltr'><strong>praesidis</strong></span> <span class='ocrx_word' id='word_1_127' title='bbox 229 1778 473 1853; x_wconf 80' lang='lat' dir='ltr'><strong>administrans,</strong></span> <span class='ocrx_word' id='word_1_128' title='bbox 496 1779 611 1855; x_wconf 80' lang='lat' dir='ltr'><strong>absens</strong></span> <span class='ocrx_word' id='word_1_129' title='bbox 631 1802 650 1840; x_wconf 89' lang='lat' dir='ltr'><strong>a</strong></span> <span class='ocrx_word' id='word_1_130' title='bbox 671 1778 831 1841; x_wconf 89' lang='lat' dir='ltr'><strong>militibus</strong></span> <span class='ocrx_word' id='word_1_131' title='bbox 853 1780 1039 1859; x_wconf 84' lang='lat' dir='ltr'><strong>imperator</strong></span> <span class='ocrx_word' id='word_1_132' title='bbox 1062 1777 1181 1840; x_wconf 86' lang='lat' dir='ltr'><strong>electus</strong></span> <span class='ocrx_word' id='word_1_133' title='bbox 1197 1787 1258 1855; x_wconf 88' lang='lat' dir='ltr'><strong>est,</strong></span> 
     </span>
     <span class='ocr_line' id='line_1_18' title="bbox 55 1856 1279 1946; baseline 0.005 -28"><span class='ocrx_word' id='word_1_134' title='bbox 55 1866 80 1919; x_wconf 79' lang='lat' dir='ltr'><strong>st</strong></span> <span class='ocrx_word' id='word_1_135' title='bbox 102 1861 190 1945; x_wconf 88' lang='lat' dir='ltr'><strong>apud</strong></span> <span class='ocrx_word' id='word_1_136' title='bbox 217 1861 424 1946; x_wconf 80' lang='lat' dir='ltr'><strong>Burdigalam</strong></span> <span class='ocrx_word' id='word_1_137' title='bbox 450 1883 632 1945; x_wconf 87' lang='lat' dir='ltr'><strong>purpuram</strong></span> <span class='ocrx_word' id='word_1_138' title='bbox 655 1863 788 1924; x_wconf 88' lang='lat' dir='ltr'><strong>sumsit:</strong></span> <span class='ocrx_word' id='word_1_139' title='bbox 820 1856 996 1924; x_wconf 87' lang='lat' dir='ltr'><strong>seditiones</strong></span> <span class='ocrx_word' id='word_1_140' title='bbox 1022 1860 1279 1924; x_wconf 69' lang='lat' dir='ltr'><strong>multandi-¹</strong></span> 
     </span>
     <span class='ocr_line' id='line_1_19' title="bbox 55 1943 1259 2028; baseline 0.004 -26"><span class='ocrx_word' id='word_1_141' title='bbox 55 1959 120 2009; x_wconf 89' lang='lat' dir='ltr'><strong>:um</strong></span> <span class='ocrx_word' id='word_1_142' title='bbox 150 1943 298 2024; x_wconf 77' lang='lat' dir='ltr'><strong>p&#39;ertulit.</strong></span> <span class='ocrx_word' id='word_1_143' title='bbox 341 1944 406 2007; x_wconf 86' lang='lat' dir='ltr'><strong>Sed</strong></span> <span class='ocrx_word' id='word_1_144' title='bbox 434 1946 511 2007; x_wconf 88' lang='lat' dir='ltr'><strong>‹lum</strong></span> <span class='ocrx_word' id='word_1_145' title='bbox 538 1944 619 2007; x_wconf 90' lang='lat' dir='ltr'><strong>baec</strong></span> <span class='ocrx_word' id='word_1_146' title='bbox 649 1944 682 2007; x_wconf 90' lang='lat' dir='ltr'><strong>in</strong></span> <span class='ocrx_word' id='word_1_147' title='bbox 715 1944 820 2023; x_wconf 85' lang='lat' dir='ltr'><strong>Gallia</strong></span> <span class='ocrx_word' id='word_1_148' title='bbox 852 1952 1032 2028; x_wconf 78' lang='lat' dir='ltr'><strong>geruntur,</strong></span> <span class='ocrx_word' id='word_1_149' title='bbox 1061 1943 1095 2005; x_wconf 89' lang='lat' dir='ltr'><strong>in</strong></span> <span class='ocrx_word' id='word_1_150' title='bbox 1120 1944 1259 2008; x_wconf 81' lang='lat' dir='ltr'><strong>Oriente</strong></span> 
     </span>
     <span class='ocr_line' id='line_1_20' title="bbox 55 2026 1260 2112; baseline 0.007 -29"><span class='ocrx_word' id='word_1_151' title='bbox 55 2044 109 2089; x_wconf 84' lang='lat' dir='ltr'><strong>ser</strong></span> <span class='ocrx_word' id='word_1_152' title='bbox 132 2026 340 2090; x_wconf 88' lang='lat' dir='ltr'><strong>Odenatbum</strong></span> <span class='ocrx_word' id='word_1_153' title='bbox 360 2027 478 2090; x_wconf 88' lang='lat' dir='ltr'><strong>Persae</strong></span> <span class='ocrx_word' id='word_1_154' title='bbox 497 2026 577 2088; x_wconf 85' lang='lat' dir='ltr'><strong>victi</strong></span> <span class='ocrx_word' id='word_1_155' title='bbox 596 2037 682 2089; x_wconf 90' lang='lat' dir='ltr'><strong>sunt.</strong></span> <span class='ocrx_word' id='word_1_156' title='bbox 727 2029 866 2089; x_wconf 86' lang='lat' dir='ltr'><strong>Defensa</strong></span> <span class='ocrx_word' id='word_1_157' title='bbox 887 2026 1002 2112; x_wconf 82' lang='lat' dir='ltr'><strong>Syria,</strong></span> <span class='ocrx_word' id='word_1_158' title='bbox 1025 2036 1157 2106; x_wconf 89' lang='lat' dir='ltr'><strong>recepta</strong></span> <span class='ocrx_word' id='word_1_159' title='bbox 1177 2030 1260 2092; x_wconf 86' lang='lat' dir='ltr'><strong>Me-</strong></span> 
     </span>
     <span class='ocr_line' id='line_1_21' title="bbox 58 2109 1315 2194; baseline 0.002 -25"><span class='ocrx_word' id='word_1_160' title='bbox 58 2111 254 2192; x_wconf 88' lang='lat' dir='ltr'><strong>opotamia,</strong></span> <span class='ocrx_word' id='word_1_161' title='bbox 276 2129 378 2192; x_wconf 86' lang='lat' dir='ltr'><strong>usque</strong></span> <span class='ocrx_word' id='word_1_162' title='bbox 399 2111 439 2173; x_wconf 91' lang='lat' dir='ltr'><strong>ad</strong></span> <span class='ocrx_word' id='word_1_163' title='bbox 462 2109 708 2194; x_wconf 87' lang='lat' dir='ltr'><strong>Ctesiphontem</strong></span> <span class='ocrx_word' id='word_1_164' title='bbox 729 2109 920 2173; x_wconf 90' lang='lat' dir='ltr'><strong>Odenathus</strong></span> <span class='ocrx_word' id='word_1_165' title='bbox 938 2111 1132 2193; x_wconf 88' lang='lat' dir='ltr'><strong>penetravit.</strong></span> <span class='ocrx_word' id='word_1_166' title='bbox 1312 2120 1315 2124; x_wconf 77' lang='grc'><strong>’</strong></span> 
     </span>
    </p>

    <p class='ocr_par' dir='ltr' id='par_1_5' title="bbox 55 2192 1261 3103">
     <span class='ocr_line' id='line_1_22' title="bbox 89 2192 1260 2276; baseline -0.005 -21"><span class='ocrx_word' id='word_1_167' title='bbox 89 2195 149 2256; x_wconf 88' lang='lat' dir='ltr'><strong>XI.</strong></span> <span class='ocrx_word' id='word_1_168' title='bbox 182 2195 254 2266; x_wconf 89' lang='lat' dir='ltr'><strong>Ita,</strong></span> <span class='ocrx_word' id='word_1_169' title='bbox 284 2193 433 2255; x_wconf 86' lang='lat' dir='ltr'><strong>Gallieno</strong></span> <span class='ocrx_word' id='word_1_170' title='bbox 455 2193 701 2276; x_wconf 81' lang='lat' dir='ltr'><strong>liempublicam</strong></span> <span class='ocrx_word' id='word_1_171' title='bbox 726 2192 914 2271; x_wconf 82' lang='lat' dir='ltr'><strong>deserente,</strong></span> <span class='ocrx_word' id='word_1_172' title='bbox 945 2195 1126 2257; x_wconf 80' lang='lat' dir='ltr'><strong>Romanum</strong></span> <span class='ocrx_word' id='word_1_173' title='bbox 1150 2194 1260 2276; x_wconf 84' lang='lat' dir='ltr'><strong>impe.</strong></span> 
     </span>
     <span class='ocr_line' id='line_1_23' title="bbox 55 2270 1258 2358; baseline 0.006 -25"><span class='ocrx_word' id='word_1_174' title='bbox 55 2270 137 2338; x_wconf 72' lang='lat' dir='ltr'><strong>*lum</strong></span> <span class='ocrx_word' id='word_1_175' title='bbox 158 2276 193 2338; x_wconf 86' lang='lat' dir='ltr'><strong>in</strong></span> <span class='ocrx_word' id='word_1_176' title='bbox 215 2275 395 2338; x_wconf 86' lang='lat' dir='ltr'><strong>Occidente</strong></span> <span class='ocrx_word' id='word_1_177' title='bbox 423 2298 485 2358; x_wconf 85' lang='lat' dir='ltr'><strong>per</strong></span> <span class='ocrx_word' id='word_1_178' title='bbox 503 2274 717 2350; x_wconf 89' lang='lat' dir='ltr'><strong>Postumum,</strong></span> <span class='ocrx_word' id='word_1_179' title='bbox 748 2298 809 2358; x_wconf 90' lang='lat' dir='ltr'><strong>per</strong></span> <span class='ocrx_word' id='word_1_180' title='bbox 831 2277 1039 2339; x_wconf 81' lang='lat' dir='ltr'><strong>Odenatbum</strong></span> <span class='ocrx_word' id='word_1_181' title='bbox 1064 2277 1098 2338; x_wconf 90' lang='lat' dir='ltr'><strong>in</strong></span> <span class='ocrx_word' id='word_1_182' title='bbox 1119 2276 1258 2340; x_wconf 83' lang='lat' dir='ltr'><strong>Oriente</strong></span> 
     </span>
     <span class='ocr_line' id='line_1_24' title="bbox 55 2358 1261 2442; baseline 0.002 -24"><span class='ocrx_word' id='word_1_183' title='bbox 55 2368 211 2423; x_wconf 78' lang='lat' dir='ltr'><strong>erratum</strong></span> <span class='ocrx_word' id='word_1_184' title='bbox 235 2367 295 2421; x_wconf 84' lang='lat' dir='ltr'><strong>est.</strong></span> <span class='ocrx_word' id='word_1_185' title='bbox 337 2359 503 2428; x_wconf 87' lang='lat' dir='ltr'><strong>Gallienus</strong></span> <span class='ocrx_word' id='word_1_186' title='bbox 524 2360 648 2423; x_wconf 88' lang='lat' dir='ltr'><strong>interea</strong></span> <span class='ocrx_word' id='word_1_187' title='bbox 671 2359 799 2438; x_wconf 80' lang='lat' dir='ltr'><strong>[fraude</strong></span> <span class='ocrx_word' id='word_1_188' title='bbox 819 2359 956 2424; x_wconf 76' lang='lat' dir='ltr'><strong>Aureoli</strong></span> <span class='ocrx_word' id='word_1_189' title='bbox 978 2358 1071 2421; x_wconf 89' lang='lat' dir='ltr'><strong>ducis</strong></span> <span class='ocrx_word' id='word_1_190' title='bbox 1095 2360 1162 2442; x_wconf 90' lang='lat' dir='ltr'><strong>sui]</strong></span> <span class='ocrx_word' id='word_1_191' title='bbox 1184 2361 1261 2422; x_wconf 53' lang='lat' dir='ltr'><strong>Mea</strong></span> 
     </span>
     <span class='ocr_line' id='line_1_25' title="bbox 55 2434 1257 2527; baseline 0.001 -26"><span class='ocrx_word' id='word_1_192' title='bbox 55 2434 173 2505; x_wconf 85' lang='lat' dir='ltr'><strong>liolani</strong></span> <span class='ocrx_word' id='word_1_193' title='bbox 198 2464 272 2504; x_wconf 91' lang='lat' dir='ltr'><strong>cum</strong></span> <span class='ocrx_word' id='word_1_194' title='bbox 297 2443 400 2505; x_wconf 79' lang='lat' dir='ltr'><strong>fratre</strong></span> <span class='ocrx_word' id='word_1_195' title='bbox 428 2443 605 2505; x_wconf 86' lang='lat' dir='ltr'><strong>Valeriano</strong></span> <span class='ocrx_word' id='word_1_196' title='bbox 634 2442 761 2505; x_wconf 89' lang='lat' dir='ltr'><strong>occisus</strong></span> <span class='ocrx_word' id='word_1_197' title='bbox 788 2452 857 2517; x_wconf 89' lang='lat' dir='ltr'><strong>est,</strong></span> <span class='ocrx_word' id='word_1_198' title='bbox 887 2442 1019 2527; x_wconf 89' lang='lat' dir='ltr'><strong>imperii</strong></span> <span class='ocrx_word' id='word_1_199' title='bbox 1040 2465 1124 2505; x_wconf 86' lang='lat' dir='ltr'><strong>anuo</strong></span> <span class='ocrx_word' id='word_1_200' title='bbox 1147 2464 1257 2518; x_wconf 90' lang='lat' dir='ltr'><strong>nono,</strong></span> 
     </span>
     <span class='ocr_line' id='line_1_26' title="bbox 55 2525 1258 2608; baseline -0.001 -22"><span class='ocrx_word' id='word_1_201' title='bbox 55 2538 340 2608; x_wconf 68' lang='lat' dir='ltr'><strong>tenebrasque</strong></span> <span class='ocrx_word' id='word_1_202' title='bbox 361 2526 392 2589; x_wconf 89' lang='lat' dir='ltr'><strong>ei</strong></span> <span class='ocrx_word' id='word_1_203' title='bbox 413 2526 589 2598; x_wconf 89' lang='lat' dir='ltr'><strong>successit,</strong></span> <span class='ocrx_word' id='word_1_204' title='bbox 616 2547 635 2586; x_wconf 90' lang='lat' dir='ltr'><strong>a</strong></span> <span class='ocrx_word' id='word_1_205' title='bbox 654 2525 815 2587; x_wconf 87' lang='lat' dir='ltr'><strong>militibus</strong></span> <span class='ocrx_word' id='word_1_206' title='bbox 837 2526 980 2598; x_wconf 89' lang='lat' dir='ltr'><strong>electus,</strong></span> <span class='ocrx_word' id='word_1_207' title='bbox 1011 2548 1029 2585; x_wconf 85' lang='lat' dir='ltr'><strong>a</strong></span> <span class='ocrx_word' id='word_1_208' title='bbox 1048 2525 1168 2586; x_wconf 88' lang='lat' dir='ltr'><strong>Senatu</strong></span> <span class='ocrx_word' id='word_1_209' title='bbox 1190 2547 1258 2607; x_wconf 86' lang='lat' dir='ltr'><strong>ap-</strong></span> 
     </span>
     <span class='ocr_line' id='line_1_27' title="bbox 55 2607 1259 2692; baseline -0.005 -22"><span class='ocrx_word' id='word_1_210' title='bbox 55 2607 190 2670; x_wconf 71' lang='lat' dir='ltr'><strong>tellatus</strong></span> <span class='ocrx_word' id='word_1_211' title='bbox 211 2607 387 2690; x_wconf 78' lang='lat' dir='ltr'><strong>Augustus.</strong></span> <span class='ocrx_word' id='word_1_212' title='bbox 429 2608 492 2670; x_wconf 85' lang='lat' dir='ltr'><strong>llio</strong></span> <span class='ocrx_word' id='word_1_213' title='bbox 513 2608 662 2680; x_wconf 85' lang='lat' dir='ltr'><strong>Gothos,</strong></span> <span class='ocrx_word' id='word_1_214' title='bbox 687 2608 864 2690; x_wconf 71' lang='lat' dir='ltr'><strong>‚Illyricum</strong></span> <span class='ocrx_word' id='word_1_215' title='bbox 883 2607 1173 2692; x_wconf 84' lang='lat' dir='ltr'><strong>Macedoniamque</strong></span> <span class='ocrx_word' id='word_1_216' title='bbox 1193 2629 1259 2669; x_wconf 79' lang='lat' dir='ltr'><strong>sa.</strong></span> 
     </span>
     <span class='ocr_line' id='line_1_28' title="bbox 55 2688 1258 2772; baseline 0.005 -22"><span class='ocrx_word' id='word_1_217' title='bbox 55 2694 192 2763; x_wconf 79' lang='lat' dir='ltr'><strong>tantas,</strong></span> <span class='ocrx_word' id='word_1_218' title='bbox 215 2691 337 2772; x_wconf 82' lang='lat' dir='ltr'><strong>ingenti</strong></span> <span class='ocrx_word' id='word_1_219' title='bbox 360 2690 489 2771; x_wconf 90' lang='lat' dir='ltr'><strong>proelio</strong></span> <span class='ocrx_word' id='word_1_220' title='bbox 512 2691 604 2753; x_wconf 83' lang='lat' dir='ltr'><strong>vicit.</strong></span> <span class='ocrx_word' id='word_1_221' title='bbox 645 2688 768 2752; x_wconf 90' lang='lat' dir='ltr'><strong>Parcus</strong></span> <span class='ocrx_word' id='word_1_222' title='bbox 789 2692 840 2753; x_wconf 88' lang='lat' dir='ltr'><strong>vir</strong></span> <span class='ocrx_word' id='word_1_223' title='bbox 860 2715 898 2754; x_wconf 89' lang='lat' dir='ltr'><strong>ac</strong></span> <span class='ocrx_word' id='word_1_224' title='bbox 919 2689 1104 2766; x_wconf 89' lang='lat' dir='ltr'><strong>modestus,</strong></span> <span class='ocrx_word' id='word_1_225' title='bbox 1127 2701 1159 2754; x_wconf 89' lang='lat' dir='ltr'><strong>et</strong></span> <span class='ocrx_word' id='word_1_226' title='bbox 1179 2692 1258 2757; x_wconf 90' lang='lat' dir='ltr'><strong>iusti</strong></span> 
     </span>
     <span class='ocr_line' id='line_1_29' title="bbox 55 2772 1258 2858; baseline 0.006 -27"><span class='ocrx_word' id='word_1_227' title='bbox 55 2791 168 2845; x_wconf 79' lang='lat' dir='ltr'><strong>euax,</strong></span> <span class='ocrx_word' id='word_1_228' title='bbox 192 2782 224 2833; x_wconf 90' lang='lat' dir='ltr'><strong>et</strong></span> <span class='ocrx_word' id='word_1_229' title='bbox 243 2772 454 2855; x_wconf 82' lang='lat' dir='ltr'><strong>Reipublicae</strong></span> <span class='ocrx_word' id='word_1_230' title='bbox 474 2773 634 2857; x_wconf 79' lang='lat' dir='ltr'><strong>gerendae</strong></span> <span class='ocrx_word' id='word_1_231' title='bbox 657 2772 810 2836; x_wconf 88' lang='lat' dir='ltr'><strong>idoneus:</strong></span> <span class='ocrx_word' id='word_1_232' title='bbox 834 2774 890 2858; x_wconf 88' lang='lat' dir='ltr'><strong>qui</strong></span> <span class='ocrx_word' id='word_1_233' title='bbox 912 2782 1019 2834; x_wconf 90' lang='lat' dir='ltr'><strong>tamen</strong></span> <span class='ocrx_word' id='word_1_234' title='bbox 1041 2774 1126 2836; x_wconf 89' lang='lat' dir='ltr'><strong>intra</strong></span> <span class='ocrx_word' id='word_1_235' title='bbox 1149 2775 1258 2857; x_wconf 84' lang='lat' dir='ltr'><strong>impe·</strong></span> 
     </span>
     <span class='ocr_line' id='line_1_30' title="bbox 55 2851 1257 2942; baseline 0.007 -29"><span class='ocrx_word' id='word_1_236' title='bbox 55 2851 94 2915; x_wconf 58' lang='lat' dir='ltr'><strong>‘ii</strong></span> <span class='ocrx_word' id='word_1_237' title='bbox 118 2854 287 2918; x_wconf 84' lang='lat' dir='ltr'><strong>biennium</strong></span> <span class='ocrx_word' id='word_1_238' title='bbox 315 2855 434 2918; x_wconf 89' lang='lat' dir='ltr'><strong>morbo</strong></span> <span class='ocrx_word' id='word_1_239' title='bbox 461 2856 605 2930; x_wconf 86' lang='lat' dir='ltr'><strong>interiit,</strong></span> <span class='ocrx_word' id='word_1_240' title='bbox 636 2864 669 2917; x_wconf 91' lang='lat' dir='ltr'><strong>et</strong></span> <span class='ocrx_word' id='word_1_241' title='bbox 689 2855 791 2926; x_wconf 85' lang='lat' dir='ltr'><strong>Divus</strong></span> <span class='ocrx_word' id='word_1_242' title='bbox 815 2854 996 2942; x_wconf 89' lang='lat' dir='ltr'><strong>appellatus</strong></span> <span class='ocrx_word' id='word_1_243' title='bbox 1020 2864 1079 2917; x_wconf 90' lang='lat' dir='ltr'><strong>est.</strong></span> <span class='ocrx_word' id='word_1_244' title='bbox 1120 2856 1257 2922; x_wconf 85' lang='lat' dir='ltr'><strong>Senatus</strong></span> 
     </span>
     <span class='ocr_line' id='line_1_31' title="bbox 55 2937 1256 3023; baseline 0.005 -26"><span class='ocrx_word' id='word_1_245' title='bbox 55 2937 174 3021; x_wconf 78' lang='lat' dir='ltr'><strong>tegenti</strong></span> <span class='ocrx_word' id='word_1_246' title='bbox 205 2960 279 3000; x_wconf 90' lang='lat' dir='ltr'><strong>eum</strong></span> <span class='ocrx_word' id='word_1_247' title='bbox 304 2937 435 3000; x_wconf 90' lang='lat' dir='ltr'><strong>bonore</strong></span> <span class='ocrx_word' id='word_1_248' title='bbox 455 2937 640 3010; x_wconf 82' lang='lat' dir='ltr'><strong>decoravit,</strong></span> <span class='ocrx_word' id='word_1_249' title='bbox 665 2937 792 3000; x_wconf 86' lang='lat' dir='ltr'><strong>seilicet</strong></span> <span class='ocrx_word' id='word_1_250' title='bbox 812 2947 849 2998; x_wconf 89' lang='lat' dir='ltr'><strong>ut</strong></span> <span class='ocrx_word' id='word_1_251' title='bbox 870 2939 905 2998; x_wconf 91' lang='lat' dir='ltr'><strong>in</strong></span> <span class='ocrx_word' id='word_1_252' title='bbox 926 2938 1018 2999; x_wconf 89' lang='lat' dir='ltr'><strong>curia</strong></span> <span class='ocrx_word' id='word_1_253' title='bbox 1039 2937 1172 3019; x_wconf 84' lang='lat' dir='ltr'><strong>clypeus</strong></span> <span class='ocrx_word' id='word_1_254' title='bbox 1191 2942 1256 3023; x_wconf 88' lang='lat' dir='ltr'><strong>ipsi</strong></span> 
     </span>
     <span class='ocr_line' id='line_1_32' title="bbox 55 3020 990 3103; baseline 0.002 -23"><span class='ocrx_word' id='word_1_255' title='bbox 55 3040 191 3092; x_wconf 46' lang='lat' dir='ltr'><strong>lunens,</strong></span> <span class='ocrx_word' id='word_1_256' title='bbox 212 3022 292 3083; x_wconf 88' lang='lat' dir='ltr'><strong>item</strong></span> <span class='ocrx_word' id='word_1_257' title='bbox 313 3022 347 3082; x_wconf 89' lang='lat' dir='ltr'><strong>in</strong></span> <span class='ocrx_word' id='word_1_258' title='bbox 369 3020 533 3103; x_wconf 83' lang='lat' dir='ltr'><strong>Capitolio</strong></span> <span class='ocrx_word' id='word_1_259' title='bbox 554 3028 659 3082; x_wconf 86' lang='lat' dir='ltr'><strong>statua</strong></span> <span class='ocrx_word' id='word_1_260' title='bbox 680 3041 778 3082; x_wconf 88' lang='lat' dir='ltr'><strong>aurea</strong></span> <span class='ocrx_word' id='word_1_261' title='bbox 799 3028 990 3102; x_wconf 85' lang='lat' dir='ltr'><strong>poneretur.</strong></span> 
     </span>
    </p>

    <p class='ocr_par' dir='ltr' id='par_1_6' title="bbox 55 3102 1260 3438">
     <span class='ocr_line' id='line_1_33' title="bbox 89 3102 1259 3187; baseline -0.001 -21"><span class='ocrx_word' id='word_1_262' title='bbox 89 3103 168 3166; x_wconf 87' lang='lat' dir='ltr'><strong>XII·</strong></span> <span class='ocrx_word' id='word_1_263' title='bbox 202 3124 471 3179; x_wconf 79' lang='lat' dir='ltr'><strong>Qnrnrrnuus</strong></span> <span class='ocrx_word' id='word_1_264' title='bbox 501 3113 578 3187; x_wconf 90' lang='lat' dir='ltr'><strong>post</strong></span> <span class='ocrx_word' id='word_1_265' title='bbox 600 3125 693 3178; x_wconf 91' lang='lat' dir='ltr'><strong>eum,</strong></span> <span class='ocrx_word' id='word_1_266' title='bbox 717 3102 844 3175; x_wconf 77' lang='lat' dir='ltr'><strong>Claudii</strong></span> <span class='ocrx_word' id='word_1_267' title='bbox 865 3105 987 3176; x_wconf 80' lang='lat' dir='ltr'><strong>frater,</strong></span> <span class='ocrx_word' id='word_1_268' title='bbox 1010 3121 1166 3164; x_wconf 88' lang='lat' dir='ltr'><strong>consensu</strong></span> <span class='ocrx_word' id='word_1_269' title='bbox 1192 3102 1259 3165; x_wconf 87' lang='lat' dir='ltr'><strong>mi-</strong></span> 
     </span>
     <span class='ocr_line' id='line_1_34' title="bbox 56 3178 1260 3271; baseline -0.001 -27"><span class='ocrx_word' id='word_1_270' title='bbox 56 3178 144 3249; x_wconf 88' lang='lat' dir='ltr'><strong>itum</strong></span> <span class='ocrx_word' id='word_1_271' title='bbox 167 3185 355 3271; x_wconf 86' lang='lat' dir='ltr'><strong>Imperator</strong></span> <span class='ocrx_word' id='word_1_272' title='bbox 376 3185 497 3249; x_wconf 88' lang='lat' dir='ltr'><strong>electus</strong></span> <span class='ocrx_word' id='word_1_273' title='bbox 519 3197 587 3262; x_wconf 87' lang='lat' dir='ltr'><strong>est·,</strong></span> <span class='ocrx_word' id='word_1_274' title='bbox 608 3187 661 3249; x_wconf 81' lang='lat' dir='ltr'><strong>sir</strong></span> <span class='ocrx_word' id='word_1_275' title='bbox 683 3186 796 3247; x_wconf 89' lang='lat' dir='ltr'><strong>unicae</strong></span> <span class='ocrx_word' id='word_1_276' title='bbox 817 3185 1052 3249; x_wconf 88' lang='lat' dir='ltr'><strong>moderationis</strong></span> <span class='ocrx_word' id='word_1_277' title='bbox 1074 3194 1107 3247; x_wconf 89' lang='lat' dir='ltr'><strong>et</strong></span> <span class='ocrx_word' id='word_1_278' title='bbox 1120 3184 1260 3248; x_wconf 72' lang='lat' dir='ltr'><strong>civilita-</strong></span> 
     </span>
     <span class='ocr_line' id='line_1_35' title="bbox 55 3262 1258 3356; baseline 0.005 -29"><span class='ocrx_word' id='word_1_279' title='bbox 55 3262 115 3347; x_wconf 59' lang='lat' dir='ltr'><strong>tis.</strong></span> <span class='ocrx_word' id='word_1_280' title='bbox 137 3269 322 3354; x_wconf 87' lang='lat' dir='ltr'><strong>aequandus</strong></span> <span class='ocrx_word' id='word_1_281' title='bbox 339 3268 459 3345; x_wconf 79' lang='lat' dir='ltr'><strong>fratri,</strong></span> <span class='ocrx_word' id='word_1_282' title='bbox 481 3268 533 3332; x_wconf 82' lang='lat' dir='ltr'><strong>rel</strong></span> <span class='ocrx_word' id='word_1_283' title='bbox 553 3268 814 3356; x_wconf 82' lang='lat' dir='ltr'><strong>praeponendus.</strong></span> <span class='ocrx_word' id='word_1_284' title='bbox 856 3272 1017 3332; x_wconf 90' lang='lat' dir='ltr'><strong>Consensu</strong></span> <span class='ocrx_word' id='word_1_285' title='bbox 1038 3268 1174 3332; x_wconf 88' lang='lat' dir='ltr'><strong>Senatus</strong></span> <span class='ocrx_word' id='word_1_286' title='bbox 1194 3293 1258 3356; x_wconf 81' lang='lat' dir='ltr'><strong>ap-</strong></span> 
     </span>
     <span class='ocr_line' id='line_1_36' title="bbox 55 3352 1160 3438; baseline 0.004 -25"><span class='ocrx_word' id='word_1_287' title='bbox 55 3352 190 3429; x_wconf 74' lang='lat' dir='ltr'><strong>pellatus</strong></span> <span class='ocrx_word' id='word_1_288' title='bbox 211 3354 392 3438; x_wconf 79' lang='lat' dir='ltr'><strong>Augustus,</strong></span> <span class='ocrx_word' id='word_1_289' title='bbox 413 3354 554 3437; x_wconf 90' lang='lat' dir='ltr'><strong>septimo</strong></span> <span class='ocrx_word' id='word_1_290' title='bbox 576 3354 702 3416; x_wconf 89' lang='lat' dir='ltr'><strong>decimo</strong></span> <span class='ocrx_word' id='word_1_291' title='bbox 725 3353 778 3414; x_wconf 89' lang='lat' dir='ltr'><strong>die</strong></span> <span class='ocrx_word' id='word_1_292' title='bbox 798 3352 930 3435; x_wconf 90' lang='lat' dir='ltr'><strong>imperii</strong></span> <span class='ocrx_word' id='word_1_293' title='bbox 953 3353 1078 3415; x_wconf 90' lang='lat' dir='ltr'><strong>occisus</strong></span> <span class='ocrx_word' id='word_1_294' title='bbox 1101 3362 1160 3417; x_wconf 83' lang='lat' dir='ltr'><strong>est.</strong></span> 
     </span>
    </p>

    <p class='ocr_par' dir='ltr' id='par_1_7' title="bbox 55 3435 1259 4102">
     <span class='ocr_line' id='line_1_37' title="bbox 90 3435 1259 3519; baseline 0.003 -20"><span class='ocrx_word' id='word_1_295' title='bbox 90 3437 186 3499; x_wconf 83' lang='lat' dir='ltr'><strong>XIII.</strong></span> <span class='ocrx_word' id='word_1_296' title='bbox 227 3437 307 3499; x_wconf 85' lang='lat' dir='ltr'><strong>Post</strong></span> <span class='ocrx_word' id='word_1_297' title='bbox 334 3457 409 3500; x_wconf 90' lang='lat' dir='ltr'><strong>eum</strong></span> <span class='ocrx_word' id='word_1_298' title='bbox 444 3456 720 3500; x_wconf 75' lang='lat' dir='ltr'><strong>euremarus</strong></span> <span class='ocrx_word' id='word_1_299' title='bbox 752 3436 894 3518; x_wconf 88' lang='lat' dir='ltr'><strong>suscepit</strong></span> <span class='ocrx_word' id='word_1_300' title='bbox 924 3435 1118 3519; x_wconf 88' lang='lat' dir='ltr'><strong>imperium,</strong></span> <span class='ocrx_word' id='word_1_301' title='bbox 1152 3437 1259 3503; x_wconf 74' lang='lat' dir='ltr'><strong>Dacis</strong></span> 
     </span>
     <span class='ocr_line' id='line_1_38' title="bbox 55 3510 1258 3603; baseline 0.002 -22"><span class='ocrx_word' id='word_1_302' title='bbox 55 3510 185 3603; x_wconf 71' lang='lat' dir='ltr'><strong>bipeusi</strong></span> <span class='ocrx_word' id='word_1_303' title='bbox 208 3519 387 3582; x_wconf 81' lang='lat' dir='ltr'><strong>oriundus:</strong></span> <span class='ocrx_word' id='word_1_304' title='bbox 409 3518 462 3581; x_wconf 81' lang='lat' dir='ltr'><strong>vir</strong></span> <span class='ocrx_word' id='word_1_305' title='bbox 483 3519 625 3599; x_wconf 70' lang='lat' dir='ltr'><strong>inbello</strong></span> <span class='ocrx_word' id='word_1_306' title='bbox 645 3527 782 3602; x_wconf 86' lang='lat' dir='ltr'><strong>potens,</strong></span> <span class='ocrx_word' id='word_1_307' title='bbox 814 3518 913 3582; x_wconf 90' lang='lat' dir='ltr'><strong>animi</strong></span> <span class='ocrx_word' id='word_1_308' title='bbox 934 3527 1041 3580; x_wconf 85' lang='lat' dir='ltr'><strong>tamen</strong></span> <span class='ocrx_word' id='word_1_309' title='bbox 1063 3520 1258 3596; x_wconf 74' lang='lat' dir='ltr'><strong>immodici,</strong></span> 
     </span>
     <span class='ocr_line' id='line_1_39' title="bbox 55 3601 1254 3687; baseline 0.004 -28"><span class='ocrx_word' id='word_1_310' title='bbox 55 3601 148 3687; x_wconf 71' lang='lat' dir='ltr'><strong>etad</strong></span> <span class='ocrx_word' id='word_1_311' title='bbox 177 3602 404 3666; x_wconf 81' lang='lat' dir='ltr'><strong>crudelitatem</strong></span> <span class='ocrx_word' id='word_1_312' title='bbox 436 3603 685 3686; x_wconf 85' lang='lat' dir='ltr'><strong>propensioris,</strong></span> <span class='ocrx_word' id='word_1_313' title='bbox 719 3603 841 3687; x_wconf 87' lang='lat' dir='ltr'><strong>quique</strong></span> <span class='ocrx_word' id='word_1_314' title='bbox 874 3602 1002 3663; x_wconf 85' lang='lat' dir='ltr'><strong>Gothos</strong></span> <span class='ocrx_word' id='word_1_315' title='bbox 1033 3604 1254 3665; x_wconf 90' lang='lat' dir='ltr'><strong>strenuissime</strong></span> 
     </span>
     <span class='ocr_line' id='line_1_40' title="bbox 55 3682 1256 3764; baseline -0.002 -17"><span class='ocrx_word' id='word_1_316' title='bbox 55 3683 141 3747; x_wconf 73' lang='lat' dir='ltr'><strong>sicit.</strong></span> <span class='ocrx_word' id='word_1_317' title='bbox 184 3684 363 3747; x_wconf 85' lang='lat' dir='ltr'><strong>Romanam</strong></span> <span class='ocrx_word' id='word_1_318' title='bbox 384 3684 545 3748; x_wconf 87' lang='lat' dir='ltr'><strong>ditionem</strong></span> <span class='ocrx_word' id='word_1_319' title='bbox 566 3686 607 3748; x_wconf 88' lang='lat' dir='ltr'><strong>ad</strong></span> <span class='ocrx_word' id='word_1_320' title='bbox 628 3686 706 3745; x_wconf 88' lang='lat' dir='ltr'><strong>fines</strong></span> <span class='ocrx_word' id='word_1_321' title='bbox 726 3687 882 3764; x_wconf 89' lang='lat' dir='ltr'><strong>pristinos</strong></span> <span class='ocrx_word' id='word_1_322' title='bbox 904 3686 993 3747; x_wconf 75' lang='lat' dir='ltr'><strong>saria</strong></span> <span class='ocrx_word' id='word_1_323' title='bbox 1013 3682 1177 3746; x_wconf 88' lang='lat' dir='ltr'><strong>bellorum</strong></span> <span class='ocrx_word' id='word_1_324' title='bbox 1197 3687 1256 3744; x_wconf 85' lang='lat' dir='ltr'><strong>fe-</strong></span> 
     </span>
     <span class='ocr_line' id='line_1_41' title="bbox 55 3764 1255 3849; baseline -0.004 -18"><span class='ocrx_word' id='word_1_325' title='bbox 55 3767 175 3831; x_wconf 20' lang='lat' dir='ltr'><strong>licitate</strong></span> <span class='ocrx_word' id='word_1_326' title='bbox 197 3768 374 3831; x_wconf 76' lang='lat' dir='ltr'><strong>revocarit.</strong></span> <span class='ocrx_word' id='word_1_327' title='bbox 416 3767 589 3849; x_wconf 83' lang='lat' dir='ltr'><strong>Superasit</strong></span> <span class='ocrx_word' id='word_1_328' title='bbox 612 3768 646 3829; x_wconf 92' lang='lat' dir='ltr'><strong>iu</strong></span> <span class='ocrx_word' id='word_1_329' title='bbox 668 3766 773 3829; x_wconf 88' lang='lat' dir='ltr'><strong>Gallia</strong></span> <span class='ocrx_word' id='word_1_330' title='bbox 795 3769 963 3830; x_wconf 89' lang='lat' dir='ltr'><strong>Tetricum</strong></span> <span class='ocrx_word' id='word_1_331' title='bbox 987 3764 1074 3849; x_wconf 84' lang='lat' dir='ltr'><strong>apud</strong></span> <span class='ocrx_word' id='word_1_332' title='bbox 1098 3765 1255 3827; x_wconf 80' lang='lat' dir='ltr'><strong>Catalau-</strong></span> 
     </span>
     <span class='ocr_line' id='line_1_42' title="bbox 55 3847 1256 3934; baseline -0.006 -17"><span class='ocrx_word' id='word_1_333' title='bbox 55 3869 134 3926; x_wconf 80' lang='lat' dir='ltr'><strong>uos,</strong></span> <span class='ocrx_word' id='word_1_334' title='bbox 157 3851 229 3934; x_wconf 91' lang='lat' dir='ltr'><strong>ipso</strong></span> <span class='ocrx_word' id='word_1_335' title='bbox 253 3851 386 3915; x_wconf 85' lang='lat' dir='ltr'><strong>Tetrico</strong></span> <span class='ocrx_word' id='word_1_336' title='bbox 408 3851 570 3932; x_wconf 87' lang='lat' dir='ltr'><strong>prodente</strong></span> <span class='ocrx_word' id='word_1_337' title='bbox 591 3850 769 3914; x_wconf 83' lang='lat' dir='ltr'><strong>exercitum</strong></span> <span class='ocrx_word' id='word_1_338' title='bbox 790 3858 905 3925; x_wconf 80' lang='lat' dir='ltr'><strong>suum,</strong></span> <span class='ocrx_word' id='word_1_339' title='bbox 928 3848 1021 3911; x_wconf 85' lang='lat' dir='ltr'><strong>cuius</strong></span> <span class='ocrx_word' id='word_1_340' title='bbox 1041 3847 1181 3910; x_wconf 90' lang='lat' dir='ltr'><strong>assiduas</strong></span> <span class='ocrx_word' id='word_1_341' title='bbox 1201 3870 1256 3910; x_wconf 88' lang='lat' dir='ltr'><strong>se-</strong></span> 
     </span>
     <span class='ocr_line' id='line_1_43' title="bbox 55 3930 1254 4015; baseline -0.003 -18"><span class='ocrx_word' id='word_1_342' title='bbox 55 3931 195 3997; x_wconf 90' lang='lat' dir='ltr'><strong>litiones</strong></span> <span class='ocrx_word' id='word_1_343' title='bbox 223 3937 312 3999; x_wconf 78' lang='lat' dir='ltr'><strong>ferre</strong></span> <span class='ocrx_word' id='word_1_344' title='bbox 339 3955 407 3996; x_wconf 87' lang='lat' dir='ltr'><strong>non</strong></span> <span class='ocrx_word' id='word_1_345' title='bbox 437 3942 580 4015; x_wconf 85' lang='lat' dir='ltr'><strong>poterat.</strong></span> <span class='ocrx_word' id='word_1_346' title='bbox 630 3931 720 4012; x_wconf 89' lang='lat' dir='ltr'><strong>Quin</strong></span> <span class='ocrx_word' id='word_1_347' title='bbox 751 3930 847 3993; x_wconf 85' lang='lat' dir='ltr'><strong>etiarn</strong></span> <span class='ocrx_word' id='word_1_348' title='bbox 870 3953 932 4013; x_wconf 87' lang='lat' dir='ltr'><strong>per</strong></span> <span class='ocrx_word' id='word_1_349' title='bbox 957 3931 1082 3993; x_wconf 88' lang='lat' dir='ltr'><strong>litteras</strong></span> <span class='ocrx_word' id='word_1_350' title='bbox 1111 3930 1254 3994; x_wconf 85' lang='lat' dir='ltr'><strong>occultas</strong></span> 
     </span>
     <span class='ocr_line' id='line_1_44' title="bbox 55 4012 1255 4102; baseline 0.001 -23"><span class='ocrx_word' id='word_1_351' title='bbox 55 4015 263 4079; x_wconf 82' lang='lat' dir='ltr'><strong>lureliaanm</strong></span> <span class='ocrx_word' id='word_1_352' title='bbox 286 4018 330 4079; x_wconf 85' lang='lat' dir='ltr'><strong>ita</strong></span> <span class='ocrx_word' id='word_1_353' title='bbox 350 4018 458 4079; x_wconf 84' lang='lat' dir='ltr'><strong>fuerat</strong></span> <span class='ocrx_word' id='word_1_354' title='bbox 481 4016 684 4100; x_wconf 88' lang='lat' dir='ltr'><strong>deprecatus,</strong></span> <span class='ocrx_word' id='word_1_355' title='bbox 706 4024 744 4078; x_wconf 88' lang='lat' dir='ltr'><strong>ut</strong></span> <span class='ocrx_word' id='word_1_356' title='bbox 764 4015 851 4088; x_wconf 85' lang='lat' dir='ltr'><strong>inter</strong></span> <span class='ocrx_word' id='word_1_357' title='bbox 870 4012 934 4077; x_wconf 79' lang='lat' dir='ltr'><strong>alia</strong></span> <span class='ocrx_word' id='word_1_358' title='bbox 950 4035 1047 4078; x_wconf 78' lang='lat' dir='ltr'><strong>versu</strong></span> <span class='ocrx_word' id='word_1_359' title='bbox 1067 4014 1255 4102; x_wconf 74' lang='lat' dir='ltr'><strong>virgiliano</strong></span> 
     </span>
    </p>
   </div>
   <div class='ocr_carea' id='block_1_4' title="bbox 55 4104 971 4315">
    <p class='ocr_par' dir='ltr' id='par_1_8' title="bbox 55 4104 971 4315">
     <span class='ocr_line' id='line_1_45' title="bbox 55 4104 487 4189; baseline -0.025 -17"><span class='ocrx_word' id='word_1_360' title='bbox 55 4104 132 4180; x_wconf 69' lang='grc' dir='ltr'><strong>λοι.</strong></span> <span class='ocrx_word' id='word_1_361' title='bbox 146 4117 200 4177; x_wconf 79' lang='lat' dir='ltr'><strong>vt.</strong></span> <span class='ocrx_word' id='word_1_362' title='bbox 216 4105 293 4189; x_wconf 62' lang='lat' dir='ltr'><strong>pen]</strong></span> <span class='ocrx_word' id='word_1_363' title='bbox 318 4107 487 4163; x_wconf 79' lang='lat' dir='ltr'><strong>utereturs</strong></span> 
     </span>
     <span class='ocr_line' id='line_1_46' title="bbox 377 4212 971 4315; baseline -0.012 -21"><span class='ocrx_word' id='word_1_364' title='bbox 377 4212 481 4314; x_wconf 77' lang='lat' dir='ltr'><strong>Eripe</strong></span> <span class='ocrx_word' id='word_1_365' title='bbox 497 4255 548 4294; x_wconf 90' lang='lat' dir='ltr'><strong>me</strong></span> <span class='ocrx_word' id='word_1_366' title='bbox 569 4222 639 4306; x_wconf 69' lang='lat' dir='ltr'><strong>hats,</strong></span> <span class='ocrx_word' id='word_1_367' title='bbox 663 4232 800 4305; x_wconf 78' lang='lat' dir='ltr'><strong>sisuiote,</strong></span> <span class='ocrx_word' id='word_1_368' title='bbox 826 4225 931 4315; x_wconf 64' lang='lat' dir='ltr'><strong>malas.</strong></span> <span class='ocrx_word' id='word_1_369' title='bbox 967 4236 971 4247; x_wconf 89' lang='lat'>&#39;</span> 
     </span>
    </p>
   </div>
   <div class='ocr_carea' id='block_1_5' title="bbox 55 4344 1274 4701">
    <p class='ocr_par' dir='ltr' id='par_1_9' title="bbox 55 4344 1274 4701">
     <span class='ocr_line' id='line_1_47' title="bbox 55 4344 1252 4433; baseline -0.003 -22"><span class='ocrx_word' id='word_1_370' title='bbox 55 4344 228 4415; x_wconf 68' lang='lat' dir='ltr'><strong>denobiam</strong></span> <span class='ocrx_word' id='word_1_371' title='bbox 248 4368 393 4433; x_wconf 85' lang='lat' dir='ltr'><strong>quoque,</strong></span> <span class='ocrx_word' id='word_1_372' title='bbox 411 4367 506 4432; x_wconf 86' lang='lat' dir='ltr'><strong>quae,</strong></span> <span class='ocrx_word' id='word_1_373' title='bbox 530 4347 638 4408; x_wconf 89' lang='lat' dir='ltr'><strong>occiso</strong></span> <span class='ocrx_word' id='word_1_374' title='bbox 661 4345 834 4408; x_wconf 84' lang='lat' dir='ltr'><strong>Odenatbo</strong></span> <span class='ocrx_word' id='word_1_375' title='bbox 856 4345 989 4416; x_wconf 85' lang='lat' dir='ltr'><strong>marito,</strong></span> <span class='ocrx_word' id='word_1_376' title='bbox 1012 4345 1179 4408; x_wconf 83' lang='lat' dir='ltr'><strong>Orientem</strong></span> <span class='ocrx_word' id='word_1_377' title='bbox 1194 4353 1252 4408; x_wconf 86' lang='lat' dir='ltr'><strong>ts·-</strong></span> 
     </span>
     <span class='ocr_line' id='line_1_48' title="bbox 55 4426 1253 4516; baseline -0.006 -21"><span class='ocrx_word' id='word_1_378' title='bbox 55 4432 170 4501; x_wconf 72' lang='lat' dir='ltr'><strong>sabat,</strong></span> <span class='ocrx_word' id='word_1_379' title='bbox 200 4428 288 4493; x_wconf 88' lang='lat' dir='ltr'><strong>baud</strong></span> <span class='ocrx_word' id='word_1_380' title='bbox 313 4432 412 4516; x_wconf 73' lang='lat' dir='ltr'><strong>longe</strong></span> <span class='ocrx_word' id='word_1_381' title='bbox 434 4429 473 4493; x_wconf 85' lang='lat' dir='ltr'><strong>ab</strong></span> <span class='ocrx_word' id='word_1_382' title='bbox 499 4429 674 4492; x_wconf 83' lang='lat' dir='ltr'><strong>Antiochia</strong></span> <span class='ocrx_word' id='word_1_383' title='bbox 696 4429 765 4490; x_wconf 86' lang='lat' dir='ltr'><strong>sine</strong></span> <span class='ocrx_word' id='word_1_384' title='bbox 786 4428 876 4512; x_wconf 81' lang='lat' dir='ltr'><strong>gravi</strong></span> <span class='ocrx_word' id='word_1_385' title='bbox 904 4427 1034 4511; x_wconf 88' lang='lat' dir='ltr'><strong>proelio</strong></span> <span class='ocrx_word' id='word_1_386' title='bbox 1057 4427 1165 4511; x_wconf 74' lang='lat' dir='ltr'><strong>cepit.</strong></span> <span class='ocrx_word' id='word_1_387' title='bbox 1193 4426 1253 4489; x_wconf 85' lang='lat' dir='ltr'><strong>iu-</strong></span> 
     </span>
     <span class='ocr_line' id='line_1_49' title="bbox 55 4510 1254 4615; baseline -0.006 -38"><span class='ocrx_word' id='word_1_388' title='bbox 55 4533 244 4615; x_wconf 71' lang='lat' dir='ltr'><strong>penusque</strong></span> <span class='ocrx_word' id='word_1_389' title='bbox 262 4514 420 4588; x_wconf 81' lang='lat' dir='ltr'><strong>Romam,</strong></span> <span class='ocrx_word' id='word_1_390' title='bbox 441 4512 587 4609; x_wconf 80' lang='lat' dir='ltr'><strong>nobilem</strong></span> <span class='ocrx_word' id='word_1_391' title='bbox 606 4511 829 4596; x_wconf 85' lang='lat' dir='ltr'><strong>triumphum,</strong></span> <span class='ocrx_word' id='word_1_392' title='bbox 850 4513 942 4592; x_wconf 88' lang='lat' dir='ltr'><strong>quasi</strong></span> <span class='ocrx_word' id='word_1_393' title='bbox 963 4519 1116 4594; x_wconf 88' lang='lat' dir='ltr'><strong>receptor</strong></span> <span class='ocrx_word' id='word_1_394' title='bbox 1137 4510 1254 4575; x_wconf 81' lang='lat' dir='ltr'><strong>Orien·</strong></span> 
     </span>
     <span class='ocr_line' id='line_1_50' title="bbox 55 4593 1274 4701; baseline -0.002 -40"><span class='ocrx_word' id='word_1_395' title='bbox 55 4600 92 4667; x_wconf 80' lang='lat' dir='ltr'><strong>‚is</strong></span> <span class='ocrx_word' id='word_1_396' title='bbox 113 4595 483 4689; x_wconf 46' lang='lat' dir='ltr'><strong>Occidentipque,‚epit,</strong></span> <span class='ocrx_word' id='word_1_397' title='bbox 504 4614 648 4665; x_wconf 82' lang='lat' dir='ltr'><strong>currum·</strong></span> <span class='ocrx_word' id='word_1_398' title='bbox 658 4593 929 4701; x_wconf 76' lang='lat' dir='ltr'><strong>praecedentibus</strong></span> <span class='ocrx_word' id='word_1_399' title='bbox 947 4595 1091 4671; x_wconf 63' lang='lat' dir='ltr'><strong>Tetrico</strong></span> <span class='ocrx_word' id='word_1_400' title='bbox 1109 4596 1274 4673; x_wconf 66' lang='lat' dir='ltr'><strong>et&#39;beuo-</strong></span> 
     </span>
    </p>
   </div>
   <div class='ocr_carea' id='block_1_6' title="bbox 0 0 1431 4958">
    <p class='ocr_par' dir='ltr' id='par_1_10' title="bbox 0 0 1431 4958">
     <span class='ocr_line' id='line_1_51' title="bbox 0 0 1431 4958; baseline 0 0"><span class='ocrx_word' id='word_1_401' title='bbox 0 0 1431 4958; x_wconf 95' lang='lat' dir='ltr'><strong> </strong></span> 
     </span>
    </p>
   </div>
  </div>
 </body>
</html>
