2850 4958
127 262 201 346 188
610 258 856 339 Emot’ss

103 410 107 427 ι
127 432 264 497 stantini
283 430 411 495 sororis
430 427 525 505 alto,
552 444 616 511 per
635 426 866 509 gladiatoriam
894 436 1026 487 manum
1047 422 1233 506 imperium
1251 421 1331 487 insa*

127 518 242 590 dente,
265 515 322 598 qui
343 514 446 575 saevis
465 512 611 575 exordiis
632 512 766 595 dignum
788 510 910 570 exitum
933 515 1045 593 nactnq
1066 514 1128 571 eet.
1173 507 1328 592 vigesimo

127 600 211 662 enim
235 606 334 679 atque
355 605 471 659 octavo
494 595 548 657 die
570 617 587 654 a
611 592 848 677 Magnentiania
876 590 1013 652 ducibus
1038 611 1241 673 oppressus,
1262 612 1328 673 poe·

125 702 184 744 nas
205 680 316 743 dedit:
339 688 439 761 caput
462 680 532 739 eius
552 677 621 760 pilo
643 682 705 760 per'
726 676 852 738 Urbem
873 673 1100 737 circumlatum
1123 683 1192 740 est:
1215 675 1327 760 gravis·

125 757 948 922 ⁸¹tritttffit‘ti'⁰¹¹2t²it⁰ktitttt‘i‘s
970 759 1119 903 iffi
1149 840 1326 923 „ronna

122 932 196 991 soie
226 937 295 1000 est,
328 950 366 990 ac
394 949 497 1011 paene
517 867 653 1009 liupana.
675 866 847 1010 gingentes
878 924 1016 986 Romani
1042 924 1177 1009 imperii
1201 924 1325 987 rireses

124 1012 337 1074 dimicatione
358 1018 546 1073 consumtae
566 1019 664 1083 eunt,
686 1009 727 1070 ad
749 1007 914 1091 quaelibet
933 1005 1019 1069 bella
1041 1010 1177 1069 externa
1192 1007 1323 1083 idoneae,-

125 1102 160 1156 et
187 1117 269 1177 quae
301 1094 438 1155 multam
468 1094 714 1175 triumphorum
742 1099 875 1175 possent
903 1091 1154 1191 securitatisque
1179 1093 1326 1153 conterre·

125 1179 259 1239 Orienti
283 1199 361 1238 mox
382 1200 400 1238 a
417 1178 606 1239 Constantio
623 1178 740 1238 Cacsar
755 1185 803 1237 est
816 1175 922 1249 datas,
936 1174 1047 1255 patrui
1063 1173 1150 1236 filaus
1172 1190 1324 1237 assuas:

125 1260 422 1344 Magnentiusqao,
454 1261 590 1322 diversis
619 1259 756 1342 praeliis
784 1260 908 1331 victus,
936 1256 1005 1319 'sim
1031 1257 1118 1319 vitae
1147 1276 1231 1320 suae
1254 1254 1338 1340 spad'

125 1342 320 1426 Lugdunum
341 1344 471 1417 attulit,
503 1342 635 1425 imperii
657 1364 741 1404 anno
766 1343 866 1403 tertio
880 1358 893 1414 ,·
915 1358 1025 1402 mense
1042 1340 1210 1422 septimo}
1240 1342 1325 1403 snm

126 1446 259 1571 ‘iiii‘
279 1421 996 1572 ‘1³³2ss{ittettmd‘itttt'dtitz
1009 1424 1324 1572 “titttrttttt

122 1590 184 1655 irus
210 1593 330 1677 gestis,
363 1592 473 1655 Gallae
501 1533 619 1655 Cadsar
647 1593 775 1655 occisus
795 1600 865 1666 est3
891 1590 943 1652 sir
968 1551 1084 1652 na’tara
1105 1592 1220 1663 ferus,
1244 1600 1275 1653 et
1291 1586 1324 1653 sd

121 1676 329 1775 tyrannidem
359 1678 522 1776 prqnior,
551 1677 581 1738 ei
607 1697 668 1738 sao
699 1676 772 1775 iure
800 1672 1168 1773 imperare-licuisset..
1190 1673 1336 1765 Silvanus¹

122 1780 259 1905 ttttt:
278 1756 1325 1926 ¹325?th:ettittttttstt‘ittttttffitt

123 1925 279 2009 princeps
299 1935 333 1986 et
351 1924 516 2008 Augustas
535 1925 611 1986 fuit.
1289 1942 1292 1947 ·

164 2008 257 2070 XIV.
290 2009 369 2068 Mox
392 2010 618 2070 Inarannu
640 2008 808 2069 Caesarem
828 2003 869 2067 ad
890 2001 1011 2067 Gallias
1030 2004 1133 2079 misit,
1153 2004 1325 2090 patruele}

121 2111 242 2165 suum,
264 2089 349 2151 Galli
373 2091 530 2163 fratrem,
554 2090 672 2152 tradita
694 2090 725 2151 ei
747 2090 780 2151 in
803 2087 1046 2151 matrimonium
1068 2109 1208 2154 sorore:
1239 2106 1327 2173 quun

119 2172 224 2236 multa
256 2172 378 2253 oppida
408 2173 542 2235 barbari
574 2181 829 2257 expugnassent,
867 2171 930 2234 alia
965 2170 1178 2247 obsiderent,
1216 2175 1326 2257 ubique

120 2256 218 2317 foeda
247 2257 378 2317 vastitas
409 2265 508 2330 essct,
547 2254 796 2339 Romanumque
831 2255 1006 2338 imperium
1039 2276 1108 2317 nan
1137 2254 1242 2320 dubia
1267 2257 1325 2319 iana

121 2338 304 2400 calamitate
334 2346 476 2400 nutaret.
518 2337 549 2399 A
569 2360 633 2422 quo
654 2339 793 2401 modicis
815 2339 921 2421 copiis
943 2336 1031 2421 apud
1053 2337 1326 2418 Argentoratum

122 2421 247 2484 Galliae
272 2420 412 2495 arbem,
441 2421 587 2506 ingentes
614 2421 871 2484 Alamannorum
895 2426 1011 2505 copiae
1037 2424 1220 2493 exstinctae
1240 2424 1343 2495 sunt‚'

119 2524 181 2568 rex
209 2505 432 2566 nobilissimus
464 2513 600 2587 captus,
629 2505 754 2567 Galliae
781 2506 963 2569 restitutae.
1005 2504 1109 2567 Multa
1136 2514 1326 2591 poeteapet

119 2586 257 2649 eundem
279 2587 443 2650 lulianum
463 2589 594 2673 egregie
614 2587 784 2650 adversum
805 2588 964 2652 barbaros
981 2596 1068 2664 nesta
1083 2596 1181 2650 sunt:
1206 2590 1324 2653 autumo·

118 2671 211 2752 tique
230 2669 317 2732 ultra
333 2669 487 2732 Rhenum
508 2671 684 2746 Germani,
706 2682 739 2734 et
759 2671 878 2733 finibus
897 2674 963 2735 suis
984 2672 1170 2735 Romanum
1190 2671 1326 2757 imperi-⁴

118 2768 175 2813 um
195 2755 396 2815 restitutum.
1317 2802 1322 2819 .

159 2834 242 2895 XV.·
267 2837 381 2920 Neque
401 2835 505 2900 multo
527 2846 624 2919 poet,
645 2860 744 2922 qaam
768 2836 1007 2899 Germaniciani
1030 2837 1196 2901 exercitus
1217 2862 1233 2901 a
1254 2835 1325 2899 Ga]-

115 2915 236 2981 liarum
268 2920 432 3002 praesidio
465 2920 683 2995 tollerentur,
714 2942 872 2983 consensu
897 2922 1038 2982 rnilitum
1060 2922 1207 2985 Iulianus
1226 2925 1323 2985 factus

113 3000 279 3085 Augustus
310 3013 377 3075 est,
415 3003 654 3086 interiectoque
687 3014 793 3078 ann'o,
830 3004 872 3065 ad
907 3004 1077 3087 Illyricum
1113 3004 1321 3069 obtinendum

114 3087 299 3168 profectus,
337 3087 525 3147 Constantio
558 3087 722 3149 Parthicis
755 3086 850 3149 bellis
883 3097 1056 3170 occupato.
1111 3088 1200 3165 Qui,
1233 3088 1321 3151 rebus

113 3169 276 3250 cognitis,
298 3168 339 3227 ad
358 3168 480 3229 bellum
503 3170 599 3231 civile
621 3190 816 3243 conversus,
841 3171 873 3230 in
895 3170 1013 3233 itinere
1035 3170 1120 3233 obiit
1141 3173 1231 3234 inter
1248 3170 1321 3233 Cili-

114 3249 545 3334 ciamfflappadociamque,
568 3275 652 3314 anna
677 3253 807 3331 imperii
831 3262 945 3315 octavo
970 3264 1001 3333 et
1016 3255 1200 3338 trigesimo,
1216 3253 1319 3317 aetatit

113 3332 231 3413 quinto
265 3340 299 3393 et
328 3332 597 3415 quadragesimo,
629 3336 814 3418 meruitque
846 3335 933 3396 inter
964 3338 1067 3399 Divos
1097 3339 1242 3400 referri:
1276 3337 1320 3403 rit

112 3415 263 3558 :titt
288 3412 1317 3584 tttttit'‘institit‘tritt³³qtti⁰itt²pittd¹tt¹t

110 3577 156 3641 tii
178 3576 267 3638 annis
288 3579 469 3663 ingentise
495 3580 655 3641 modestia
685 3583 800 3665 egerit.
840 3584 1066 3649 Familiariam
1092 3586 1193 3647 etiam
1221 3526 1317 3649 loda-

107 3659 274 3742 pletator:
309 3682 415 3746 neque
446 3661 628 3725 inhonoros
657 3663 783 3740 sinens,
815 3688 955 3750 quorum
978 3666 1145 3731 laboriosa
1169 3680 1313 3752 expertus

107 3743 224 3806 fuisset
255 3742 372 3805 officia.
413 3745 465 3809 Ad
493 3748 698 3810 severitatem
728 3757 836 3812 tamen
865 3751 1084 3832 propensior,
1118 3750 1146 3813 ai
1178 3752 1313 3835 suspicio
1357 3770 1359 3808 1

107 3823 241 3905 imperii
273 3836 480 3905 moreretar3
515 3830 607 3893 mitia
640 3831 738 3906 alias,
773 3840 806 3892 et
836 3834 927 3894 cuius
957 3833 992 3894 in
1018 3835 1171 3897 civilibus
1198 3837 1309 3921 magis,
1357 3859 1359 3883 ⁴

61 3918 64 3926 '
108 3925 205 3990 qaam
226 3907 264 3971 iu·
282 3911 424 3971 externis
445 3910 560 3987 hellis,
582 3915 629 3976 sit¹
645 3913 805 3974 laudanda
827 3917 972 3979 fortuna.
1208 3969 1212 3977 .
1301 3962 1305 3983 ι

148 3988 242 4053 xv1.
273 3990 359 4053 Hinc
382 3993 595 4059 Inuianns
621 4017 732 4057 reram
753 3997 878 4077 potitus
901 4008 969 4071 eat,
998 3998 1192 4084 ingentique
1211 4018 1312 4083 appa·

104 4078 180 4135 rasa
201 4070 333 4134 Parthis
354 4074 465 4137 intulit
487 4076 621 4150 bellum,
645 4079 699 4139 cui
722 4080 923 4161 expeditioni
945 4102 1004 4164 ego
1021 4105 1154 4168 quaque
1170 4080 1310 4145 interfui.

103 4151 245 4235 Aliquot
274 4156 396 4237 oppida
419 4166 451 4221 et
472 4159 600 4221 castella
622 4161 795 4223 Persarum
817 4163 851 4224 in
873 4164 1072 4228 deditionem
1097 4168 1244 4250 accepit,
1265 4161 1311 4227 rei

102 4236 136 4298 vi
160 4240 371 4318 expugnavit3
400 4240 631 4325 Assya-iamque
651 4244 846 4326 populatas,
874 4257 979 4311 castra
1000 4249 1087 4331 apud
1110 4249 1308 4333 Ctesiphon·

100 4322 168 4380 tem
189 4321 304 4381 stativa
325 4321 526 4406 aliquamdiu
550 4324 688 4400 habuit,
715 4349 926 4413 remeansque
946 4331 1074 4405 victor,
1098 4331 1177 4394 dum
1199 4355 1234 4394 ae
1257 4334 1309 4394 in-

102 4401 282 4467 consultius
311 4406 448 4482 proeliis
480 4406 615 4480 inserit,
644 4409 757 4473 hostili
789 4432 886 4474 manu
921 4413 1219 4490 interfectus-eet,
1252 4415 1308 4475 Vi.

97 4481 237 4547 Kalend.
257 4483 380 4560 Iulias,
403 4487 533 4564 imperii
556 4513 640 4553 anno
666 4492 828 4572 septima,
852 4498 966 4558 aetatis
987 4495 1091 4560 altero
1116 4508 1150 4561 et
1174 4497 1309 4579 trigesi-

92 4584 174 4631 sas:
196 4575 296 4657 atque
316 4570 403 4659 iuter
423 4570 525 4639 Divos
544 4572 666 4639 rotatus
686 4582 746 4638 est.
777 4576 840 4643 Vir
854 4584 1004 4667 egregias
1018 4588 1052 4647 et
1065 4580 1309 4668 itempubliasn
