2850 4958
185 254 261 331 aas
340 336 343 341 ,
449 190 645 371 sexsus
677 214 924 325 anamma
954 196 1158 327 norea

149 444 152 449 .
177 423 265 561 Poftt
275 414 366 562 mffll
393 414 607 561 cepgcslrpus,
640 413 774 558 cqntsule
803 414 999 561 Pdlfflp‘pod
1015 412 1296 558 excessitqnqlnllls
1308 420 1376 562 ,finti

137 519 442 646 attexat?
458 518 1379 666 tttttttx‘nt„tt,¹tm¹tt0⁰¹¹ttpttmtntz
1413 608 1415 613 -

136 668 241 751 dgiis
261 667 512 748 portentisque:
548 687 588 727 ex
608 667 682 749 quis
702 688 802 727 unum
831 686 1013 727 memorare
1043 665 1135 727 brevi
1168 665 1265 727 libet.
1307 671 1378 732 Nam
1413 696 1415 707 ·

178 771 280 833 quum
308 749 507 811 Pontificum
537 749 609 834 lege
639 748 768 810 hostiae
799 757 1041 822 mactarentur,
1073 749 1141 809 suis
1171 757 1273 811 utero
1295 755 1380 815 maris
1413 786 1415 795 =

134 828 368 895 Bleminarum
398 832 552 917 genitalia
582 852 775 914 apparuere.
819 832 858 895 ld
879 832 1069 915 haruspices
1095 831 1300 897 solutionem
1318 858 1379 919 po-

135 915 341 977 tisterorum
360 915 578 999 portendere,
601 917 746 997 vitiaque
766 918 836 978 fore
857 917 1003 999 potiora,
1024 915 1251 997 interpretati.
1295 919 1379 999 Quod
1413 916 1415 985 l

174 1001 371 1061 frustratum
400 999 443 1061 iri
473 998 644 1060 aestimans
675 1001 862 1080 Imperator
881 998 1078 1081 Philippus,
1109 1008 1181 1060 tum
1205 1002 1284 1083 qnia
1303 1005 1381 1065 forts
1413 1018 1415 1069 ἷ

175 1084 399 1164 praeteriens,
432 1082 497 1144 filii
519 1082 658 1143 similem
680 1083 854 1145 meritorio
882 1081 1044 1165 ephebum
1065 1103 1129 1166 pro
1153 1097 1381 1165 conspexerat,
1413 1080 1415 1101 ²

133 1186 270 1256 pnsum
289 1164 395 1226 virilis
422 1165 525 1227 scorti
553 1166 787 1227 removendum
808 1167 1037 1228 honestissime
1057 1165 1272 1231 consultavit.
1312 1170 1383 1232 Ve-

174 1257 357 1311 rumtamen
389 1256 518 1310 manet:
557 1249 681 1332 quippe
712 1248 904 1311 conditione
932 1249 998 1310 loci
1031 1257 1178 1324 mutata,
1219 1252 1381 1336 peioribus

175 1332 346 1417 flagitiisa
371 1333 495 1406 itatur,
527 1330 605 1393 dum
633 1330 758 1394 avidius
778 1332 984 1417 periculosa,
1015 1334 1207 1415 quibusque
1235 1338 1379 1399 mortales

134 1414 154 1478 8
175 1352 419 1500 prohibenda,
439 1424 568 1498 petunt.
611 1415 686 1477 Huc
707 1416 854 1490 accedit,
882 1413 972 1499 qnod
992 1414 1090 1499 louge
1111 1417 1203 1481 aliud
1225 1419 1380 1481 Etruseo-

175 1521 250 1561 mm
278 1508 364 1561 artes
392 1500 599 1573 cecinerant,
631 1520 735 1581 quae,
766 1500 864 1585 bopis
890 1507 985 1581 parte
1013 1498 1156 1581 plurima
1184 1502 1378 1579 iacentibus,

134 1605 154 1670 9
176 1582 404 1644 mollissimum
434 1603 596 1666 quemque
619 1581 750 1644 beatum
772 1584 846 1644 fore
866 1582 1070 1644 adserebant.
1111 1583 1178 1645 Eos
1203 1606 1266 1669 ego
1289 1588 1378 1671 igno-

175 1686 264 1728 rasse
283 1686 398 1728 rcrnm
417 1670 514 1750 plane
533 1674 629 1747 puto.
672 1664 814 1736 Etenim,
838 1667 983 1749 quamvis
1004 1686 1114 1727 rerum
1136 1672 1288 1732 omnium
1306 1694 1380 1753 pro-

175 1769 272 1831 spero
295 1771 460 1826 successu,
482 1751 613 1832 pudore
635 1750 753 1811 amisso
775 1757 903 1822 tamen,
926 1750 1110 1811 fortunatus
1131 1752 1209 1832 quis
1234 1776 1300 1815 esse
1319 1776 1378 1834 po-

136 1839 259 1896 rotestt
289 1856 410 1917 quum,
434 1837 549 1897 eodem
568 1842 720 1907 retento,
745 1841 852 1893 cetera
874 1832 1064 1894 tolerabilia
1077 1833 1160 1895 ¹sint.
1208 1837 1270 1899 llis
1290 1838 1374 1910 actis,

174 1914 244 1977 filio
266 1917 351 1978 Urbi
372 1917 511 1990 relicto,
533 1919 624 1998 ipse,
648 1938 744 1997 quam
768 1936 843 1975 uam
864 1914 965 1977 debili
986 1936 1048 1997 per
1067 1924 1210 1981 aetatem
1233 1942 1373 2003 corpore,

175 1998 346 2060 adversum
369 2002 509 2061 Decium
539 1936 916 2081 proiectus,ql'eronae
947 2000 1051 2073 cadit,
1083 2000 1180 2083 pulso
1206 2006 1374 2084 amissoque

135 2082 334 2143 uexercitn.
375 2083 458 2161 Quis
488 2082 612 2144 Romae
642 2081 842 2162 compertis,
861 2081 960 2163 apud
983 2092 1089 2145 castra
1112 2088 1284 2167 praetoria
1304 2088 1372 2151 filius

175 2163 385 2229 interficitur.
433 2166 544 2227 Annos
565 2164 734 2248 potentiae
755 2164 901 2247 quinque
921 2185 1028 2249 egere.

589 2342 815 2408 CAPUT
857 2343 976 2407 XXIX.
1019 2382 1067 2407 ·.

715 2480 841 2523 DECIUS.

209 2612 427 2686 .Et-Declns‚
458 2608 684 2674 Sirmiensium
707 2609 781 2671 rico
817 2621 930 2687 omns,
962 2611 1100 2675 milltlaa
1129 2612 1237 2698 gradu
1258 2614 1373 2681 adim·

171 2701 304 2784 perium
324 2696 581 2778 conspiraverat,
602 2693 787 2775 laetiorque
808 2695 955 2759 hostium
975 2696 1200 2773 ueretillam,
1215 2700 1376 2764 Etruscum

170 2783 325 2854 nomine,
357 2781 525 2842 Caesarem
555 2778 654 2851 facit,
685 2779 859 2860 statimque
890 2802 928 2842 eo
960 2780 1006 2839 in·
1025 2780 1157 2863 Illyrios
1185 2789 1373 2864 praemisso,

169 2868 295 2929 Romae
315 2863 516 2946 aliquantum
537 2869 688 2923 moratur
707 2865 873 2925 moenium
896 2862 1020 2945 gratia,
1041 2885 1124 2946 quae
1146 2866 1306 2943 instituit,
1329 2869 1374 2930 de·

96 2976 100 2983 ·
129 2947 410 3013 adiaandorum..
442 2946 484 3006 Et
504 2946 628 3007 interea
650 2943 691 3005 ad
712 2965 787 3005 eum
807 2946 988 3030 lctapiani,
1017 2947 1096 3028 qui,
1125 2948 1309 3015 Alexandri
1332 2963 1375 3013 tu·

167 3052 259 3097 mens
277 3033 405 3114 stirpe,
427 3050 487 3110 per
508 3028 638 3108 Syriam
658 3036 784 3089 tentans
810 3052 894 3092 nova
906 3077 914 3105 ,
945 3029 1087 3091 militnm
1111 3031 1256 3096 arbitrio
1283 3058 1374 3097 occu·

167 3118 305 3188 hnerat,
329 3136 409 3183 ora,
432 3112 480 3171 uti
503 3133 574 3172 mos
596 3120 661 3185 cst,¹
679 3112 851 3193 inopinato
875 3116 1037 3186 feruntur,
1061 3114 1225 3196 simulque
1246 3141 1310 3201 per
1331 3137 1375 3179 eos

168 3200 239 3263 dies
269 3198 373 3259 Lucio
405 3192 541 3267 Prisco,
575 3194 631 3277 qui
661 3193 858 3259 Macedonas
879 3197 1065 3279 praesidatu
1097 3200 1255 3280 regebat,
1281 3202 1374 3263 delata

168 3282 375 3353 dominatio,
408 3278 597 3339 Gothorum
627 3298 810 3353 concursu,
841 3290 1034 3363 postquam,
1057 3281 1197 3363 direptis
1223 3284 1376 3347 Thracias

125 3363 355 3448 3plerisque,
393 3362 452 3423 illo
483 3368 710 3444 pervenerant.
765 3363 837 3440 Qua
869 3384 979 3425 caussa
1008 3364 1112 3425 Decio
1145 3386 1245 3447 quam
1278 3368 1376 3451 potuit

167 3448 360 3509 maturrime
389 3444 494 3507 Roma
526 3443 691 3527 digresso,
725 3443 828 3507 Iulius
860 3444 981 3508 Valens
1010 3447 1260 3528 cupientissimo
1291 3453 1374 3534 vulgo

168 3530 345 3611 imperium
366 3529 467 3612 cupit.
511 3526 637 3589 Verum
656 3525 789 3608 utrique
811 3549 887 3590 mos
910 3527 1007 3601 coest,
1030 3552 1130 3612 quum
1152 3533 1306 3595 Priscum
1323 3557 1377 3595 uo·

126 3611 277 3689 dbilitaa
300 3614 428 3675 hostem
448 3610 577 3693 patriae
598 3607 798 3672 censuisset·
828 3613 946 3688 Decii,
967 3612 1129 3675 barbaros
1150 3624 1241 3678 trans
1264 3621 1373 3679 Danu·

167 3698 260 3759 bium
276 3704 517 3779 persectantes,
539 3692 632 3755 Bruti
654 3691 770 3756 fraude
791 3695 957 3770 cecidere,
981 3704 1096 3759 exacto
1119 3701 1213 3782 regni
1235 3701 1373 3762 biennio.

124 3776 144 3840 5
167 3780 231 3843 Sed
252 3781 431 3843 Deciorum
451 3786 588 3838 mortem
611 3776 762 3859 plerique
784 3777 943 3840 illustrem
965 3779 1086 3840 ferunt.
1115 3782 1267 3867 Namque
1282 3784 1372 3845 lilium

166 3862 319 3924 audacius
343 3861 609 3943 congredientem
631 3861 785 3923 cecidisse
808 3861 840 3921 in
855 3864 955 3943 acie:¹
977 3873 1104 3945 patrem
1126 3875 1260 3941 autem,
1283 3885 1371 3950 quum

164 3945 308 4028 perculsi
330 3945 450 4006 milites
478 3943 517 4004 ad
539 3938 710 4005 solandum
741 3943 980 4025 Imperatorem
1008 3944 1108 4007 multa
1130 3953 1373 4030 praefarentur,

166 4037 298 4089 strenue
329 4026 469 4100 dixisse,
493 4025 734 4090 ‘detrimentum
763 4027 860 4088 unius
891 4029 1005 4090 militis
1036 4052 1153 4110 parum
1176 4033 1283 4096 videri
1302 4031 1373 4094 sihi.

157 4111 215 4209 ¹Ita
235 4113 361 4191 refecto
382 4109 486 4185 bello,
509 4133 611 4195 quum
631 4111 773 4197 impigre
788 4109 985 4188 decertaret,
1000 4113 1165 4177 interiisse
1177 4119 1256 4201 pari
1270 4116 1374 4181 modo.

582 4288 807 4355 carnr
850 4292 952 4373 xxx.

475 4392 638 4436 casaur
672 4397 719 4438 ar
748 4376 1069 4443 nosrrnranus'.¹

203 4486 293 4550 Haec
313 4487 371 4550 ubi
393 4487 507 4549 Patres
529 4509 740 4571 comparere,
764 4493 857 4557 Gallo
882 4495 1135 4578 Hostilianoque
1154 4491 1303 4581 Augusta
1324 4496 1377 4556 irn-

121 4573 274 4652 aperia‚
303 4570 538 4655 Volusianum,
558 4573 663 4637 ¹Gallo
694 4574 838 4653 editum,
867 4579 1034 4642 Caesarem
1057 4579 1252 4645 decernunt.
1295 4579 1375 4643 Dein
