2850 4958
179 276 258 373 ns
417 314 422 323 -
468 256 667 345 saxeus
690 248 939 344 ammaus·
952 210 1152 343 umus

169 437 301 524 gravius
331 426 517 506 offendunt,
548 418 632 514 quos
658 429 790 493 mollius
819 410 1029 494 consultatios
1058 448 1131 511 spes
1163 414 1257 511 crati
1283 432 1368 498 simul

169 524 246 606 quia
268 538 347 617 opes
365 516 519 618 militqm,
533 514 808 632 qimispacuniac
821 512 971 597 cupidus,
989 521 1226 613 attenuaverat,
1246 516 1369 617 (libone

169 601 556 769 tttttttttf'titttz
586 596 1370 759 ‘ttatttttbt‘bittit'titt:

128 770 361 834 adstuxerat.
403 769 606 849 Quo-quum
627 763 734 828 lorica
762 771 867 826 tectus
891 762 993 825 Galba
1016 762 1195 828 tumultum
1219 766 1369 829 lenituras

167 852 400 926 contenderet,
430 849 472 913 ad
503 849 612 914 lacum
647 846 796 912 Curtium
827 866 938 911 caesus
969 855 1018 911 est
1044 866 1156 911 meuse
1187 849 1322 935 imperii
1339 872 1369 915 rr

128 936 133 947 “
168 936 225 1001 dia
244 936 397 1022 septimo.

604 1044 954 1147 casurum

597 1274 600 1279 Ι
651 1218 783 1263 ssurrus
810 1218 904 1260 orso.

170 1398 175 1405 -
206 1356 316 1439 igitur
338 1351 464 1416 Salvius
488 1332 604 1429 otho',
629 1340 756 1413 lteroui
784 1370 917 1436 quoque
940 1348 1104 1433 quondam
1124 1352 1308 1416 criminose
1324 1355 1370 1417 ia-

128 1470 132 1477 ·
166 1440 327 1514 miliaris,
362 1436 451 1500 haud
486 1436 588 1499 multo
623 1434 687 1497 fine
716 1431 953 1499 adolescentiae
981 1433 1163 1517 grandior,
1197 1438 1376 1519 potentiam.

126 1541 147 1587 a
168 1523 304 1585 invadit.
346 1522 434 1599 Qui,
459 1520 528 1582 dies
549 1522 619 1581 fere
639 1520 786 1603 quinque
810 1528 843 1581 et
864 1516 1032 1595 octogiuta
1056 1522 1287 1603 praecognitis
1306 1542 1370 1582 mo·

169 1608 261 1669 ribus
291 1606 437 1689 potitus,
464 1614 675 1685 postquama
704 1600 863 1677 Vitellio,
897 1598 997 1685 quia
1021 1599 1125 1663 Gallia
1150 1602 1371 1678 descendent,

167 1688 354 1755 Veronensi
376 1688 508 1776 proelio
532 1685 645 1774 pulsus
670 1690 735 1760 est,
756 1694 898 1749 mortem
917 1681 980 1747 sihi
1002 1684 1173 1749 conscivit.

591 1862 818 1933 CAPUT
856 1864 955 1931 vm.

659 1970 693 2015 Δ.
715 1966 892 2015 VITBhHUU·

209 2103 259 2165 Ita
282 2100 321 2164 ad
343 2102 461 2165 Aulum
481 2101 525 2163 Vi
586 2098 653 2162 ium
673 2106 818 2183 potestas
842 2099 968 2178 delata3
994 2122 1078 2185 quac
1092 2122 1277 2189 progressu
1288 2090 1376 2169 iuue'-

129 2232 132 2237 .
167 2186 253 2248 stior
275 2185 395 2247 talibus
413 2185 515 2246 initiis
593 2192 647 2257 et,
673 2184 700 2245 si
723 2182 940 2266 Vespasianus
965 2186 1165 2269 aliquamdiu
1184 2189 1373 2250 ludaeorum

166 2268 277 2341 hello,
312 2269 402 2351 quod
436 2268 577 2351 Neronis
614 2266 934 2351 iussu'susceperat,
968 2268 1144 2352 impensius
1172 2273 1373 2334 attineretur.

126 2353 197 2437 ¹uls
217 2352 273 2413 ubi
302 2362 389 2434 gesta
420 2374 483 2435 per
513 2350 671 2421 Galbam,
698 2350 870 2451 ipsumque
894 2372 1089 2435 oppressum
1113 2356 1266 2439 aceepit,
1290 2349 1379 2416 simul

168 2434 323 2518 quoniam
342 2435 454 2519 Legati
478 2434 620 2495 Moesiae
642 2433 890 2518 Pannoniusque
909 2438 1068 2500 exercitus
1090 2434 1302 2501 hortantium
1325 2458 1379 2497 se·
1415 2440 1417 2481 ³

125 2513 311 2592 haerent,
332 2518 508 2601 imperium
532 2518 631 2599 capit.
674 2515 823 2617 Namque
846 2517 967 2580 milites
1014 2516 1183 2593 ¹ruedioti,¹
1209 2530 1381 2604 postquam
1415 2588 1417 2607 Ι

169 2602 337 2663 Othonem
364 2604 599 2683 Imperatorem
624 2601 823 2682 praetoriis,
847 2600 986 2667 Vitellia
1049 2602 1310 2666 Germanicianis
1328 2602 1381 2666 le·
1415 2642 1417 2673 =

167 2685 320 2766 gionibus
354 2684 476 2747 factum
511 2700 721 2765 comparere,
758 2684 898 2760 aemuli,
937 2693 975 2746 ut
1006 2686 1094 2748 inter
1125 2705 1159 2746 se
1189 2688 1322 2761 solent,
1346 2704 1382 2747 ns
1414 2686 1417 2727 ¹

168 2767 338 2829 dissimiles
362 2768 571 2839 viderentur,
601 2760 834 2849 Vespasianum
858 2767 1047 2851 perpulere,
1068 2769 1102 2830 iu
1123 2790 1224 2853 quem
1243 2772 1311 2832 iam
1325 2769 1383 2853 sy·
1415 2774 1417 2779 '

128 2849 150 2927 4
170 2851 276 2912 riacae
301 2850 454 2913 cohortes
480 2852 522 2911 oh
552 2850 680 2933 egregia
706 2849 792 2911 vitae
816 2859 1075 2914 consenserant.'
1103 2850 1240 2936 Quippe
1261 2855 1384 2937 Vespa·

170 2934 298 3007 sianus,
335 2948 416 2995 nova
451 2934 590 2996 Senator
621 2931 767 3007 familia,
796 2933 945 2997 ¹Reatinis
980 2930 1185 3010 maio’rihus,
1227 2936 1385 3000 industria

126 3008 147 3081 5
168 3017 331 3099 rebusque
351 3018 440 3097 pacis
465 3039 503 3078 ac
527 3015 664 3076 militiae
684 3012 787 3101 louge
804 3017 926 3080 nobilis
941 3017 1139 3080 habebatur.
1183 3020 1298 3087 Huius
1323 3021 1385 3081 Lc-

169 3110 322 3180 gatorum
344 3101 376 3161 in
402 3100 530 3173 ltaliam
554 3104 778 3183 transgressu,
806 3100 950 3189 fusisque
967 3101 1061 3185 ‘apud
1088 3101 1288 3166 Cremonam
1314 3103 1385 3177 suis,

168 3184 322 3246 Vitellius
347 3183 387 3242 ab
411 3183 556 3255 Sabino,
582 3184 670 3246 U'rhi
690 3184 880 3263 praefecto,
907 3184 1099 3269 Vespasiani
1121 3185 1241 3261 fratrs,
1267 3196 1386 3251 sester-

168 3270 255 3330 tium·
286 3266 402 3327 millies
435 3267 626 3353 pepigerat,
664 3266 799 3353 arbitria
821 3266 987 3331 ,militibus
1025 3266 1166 3351 imperio
1202 3268 1384 3335 decedere:

169 3351 224 3412 sed
247 3358 420 3434 postquam
455 3364 531 3412 mox
565 3349 822 3411 circumventum
855 3371 889 3413 se
911 3350 1037 3414 'nuntio
1071 3357 1162 3413 ratus
1196 3362 1265 3429 est,
1299 3352 1384 3437 quasi

169 3430 325 3513 renovato
348 3433 461 3494 furore
474 3479 493 3507 „
514 3433 620 3515 ipsum
640 3430 834 3514 ceterosque
854 3432 1012 3496 udv'ersae'¹
1032 3434 1134 3517 partis
1146 3479 1155 3509 ,
1179 3428 1259 3498 cum
1287 3436 1382 3520 Capi-

129 3500 286 3592 itolio,=
301 3513 390 3598 quod
410 3515 505 3577 saluti
532 3514 718 3579 remedium.
735 3524 911 3597 ceperant,
936 3518 1103 3599 cremavit.
1147 3515 1209 3580 Ast
1221 3518 1292 3584 ¹uhi
1313 3540 1383 3582 vera

171 3620 260 3673 esse,
285 3619 321 3660 ac
344 3600 579 3683 propinquare·
594 3597 707 3659 hostes
720 3614 745 3672 ,·,
761 3598 959 3679 patefactum
974 3604 1065 3675 'est„·
1078 3596 1262 3685 'productus
1289 3626 1307 3666 e
1331 3612 1382 3665 tu·

173 3685 292 3769 gorio,
318 3702 384 3765 quo
414 3674 668 3756 aa·abdiderat','
687 3680 859 3756 ianitoris,
884 3683 1005 3747 iniecto
1018 3680 1171 3769 laqueo,
1196 3686 1381 3768 parricida-

173 3790 248 3830 rum
273 3788 368 3843 more
399 3765 439 3827 ad
467 3765 567 3845 adaias
591 3763 801 3851 Gemonias,
822 3786 949 3851 perque
972 3772 1033 3841 eas¹
1048 3766 1263 3852 pertractum
1279 3762 1378 3832 ¹simul

175 3850 317 3924 ictibus,
340 3842 518 3931 'quahtlim'
533 3848 670 3931 quisqud
691 3846 861 3924 ualusrat,
886 3852 1037 3914 coniosso
1064 3858 1209 3933 corpore
1221 3890 1231 3928 ·,
1259 3854 1296 3916 iu'
1315 3850 1375 3911 Ti-

173 3933 280 3995 berim
304 3933 475 4006 deiicitur,
502 3932 684 4014 tyrannidis
713 3941 829 3995 octavo
854 3955 980 4009 meuse,
1001 3956 1097 3995 annos
1126 3943 1223 3997 natus
1252 3944 1375 4018 septua-

132 4038 155 4104 7
174 4016 265 4101 ginta
278 4025 322 4076 ·et
341 4018 485 4101 quinque
504 4013 666 4099 'ampliu't.-¹
696 4016 742 4079 Hs·
760 4020 889 4090 omues',
910 4026 992 4100 quos
1011 4017 1124 4097 paucis
1145 4020 1264 4101 attigi,
1284 4038 1379 4102 prae-

176 4100 338 4182 cipueque
369 4101 538 4162 Caesarum
566 4096 663 4184 gens‘,
699 4097 782 4162 adeo
811 4098 931 4162 litteris
965 4101 1045 4165 culti
1073 4110 1171 4183 atque
1195 4100 1378 4186 eloquentia

174 4184 286 4256 fuere,
314 4190 370 4257 ut,
393 4183 426 4245 ni
448 4182 573 4244 cunetis
592 4181 680 4244 vitiis
692 4180 705 4257 ,'
724 4178 846 4266 ahsque
866 4180 1030 4264 Augusto,
1050 4184 1143 4247 nimii
1164 4187 1290 4260 forent,
1307 4196 1377 4246 tan-

132 4263 153 4328 8
175 4276 226 4327 tae
245 4275 329 4345 artes
352 4267 504 4350 proiecto
526 4264 684 4337 ‚texissent
709 4265 993 4350 modicaltlagitia.
1036 4268 1118 4347 Quis
1143 4271 1376 4353 rebusqusm-

175 4356 272 4435 qutim
295 4350 371 4412 satis
395 4351 521 4411 coristet
536 4350 708 4431 'praestare
732 4345 865 4424 mores3'
885 4340 993 4431 tame'n
1023 4344 1376 4437 cuiqucs'praesertim

178 4455 304 4495 summo
334 4422 477 4509 rectori,
511 4438 673 4515 utroque,
709 4432 889 4517 si'queat,
925 4434 1014 4496 iux'ta
1050 4452 1152 4517 opus:
1185 4436 1244 4517 sin
1275 4444 1378 4499 autem

170 4520 295 4597 [not1],
327 4516 424 4599 'ritae¹
440 4514 614 4599 proposito
645 4516 679 4577 in
711 4514 899 4583 immensum
921 4519 1176 4609 progrediente,
1203 4520 1377 4609 elegantiae

159 4600 371 4688 satia'a'tqu'e'
393 4598 730 4665 auctoritatissime
754 4598 984 4664 eruditionem
1018 4598 1022 4607 '
1160 4608 1164 4613 '
