2850 4958
98 226 113 299 ἶ·
146 298 224 352 202·
347 272 514 348 carco
545 263 726 345 crans
757 252 885 344 ‘non
916 266 1109 348 careas
1137 276 1234 351 ιιι,

100 440 121 502 3
144 437 298 500 obtinuit.
342 433 441 513 Quod
463 442 500 494 ut
520 433 704 495 firmissime
731 430 933 516 possideret,
965 430 1149 492 Numitoris
1169 429 1288 491 fratris
1306 415 1349 491 sul

100 522 244 602 Atilium
278 521 309 580 in
340 517 487 580 venando
519 516 772 579 interimendum
802 517 938 577 curavit.
982 517 1068 576 Tum
1101 513 1204 575 etiam
1236 513 1349 575 liberm

138 605 294 676 Silvium,¹
316 601 384 664 eins
405 622 572 673 sororem,
594 600 797 662 sacerdotem
819 599 938 662 Vestae
960 597 1031 660 lieri
1053 597 1169 669 iussit,
1184 597 1344 687 ‚simulato

137 687 283 759 somnio,
305 708 370 767 quo
393 684 578 747 admonitus
598 684 638 745 ab
662 683 773 745 cadem
795 686 863 743 Dee
884 686 980 750 esset,¹
998 689 1038 742 ut
1057 679 1091 740 id
1112 679 1231 753 fieret3
1254 703 1346 764 quum

139 790 176 832 re
196 789 273 830 sera
295 769 339 829 ita
360 767 545 853 faciendum
566 766 629 828 sibi
661 766 883 840 existimaret,
910 763 1136 849 periculosum
1158 761 1304 840 ducens,
1324 764 1367 829 si'

143 852 216 935 quis
250 872 288 912 ex
316 872 353 912 ea
382 860 591 923 nasceretur,
624 848 681 932 qui
711 849 813 910 avitas
846 857 1100 930 persequeretur
1130 846 1294 923 iniurias,
1320 856 1352 911 nt

99 932 120 998 5
142 935 258 997 scribit
278 933 431 995 Valerius
453 930 568 995 Antias
588 931 648 993 lib.
667 933 696 993 1.
737 931 782 993 At
805 952 885 994 vero
906 932 1036 993 Marcus
1059 929 1221 991 Octavius
1243 939 1277 993 et
1294 932 1352 994 Li*

140 1019 245 1080 einins
277 1020 388 1078 Macer
417 1014 573 1090 tradunt,
605 1014 791 1088 Amulium,
826 1024 980 1097 patruum
1008 1013 1121 1074 Rheae
1150 1014 1352 1091 sacerdotis,

138 1122 250 1162 umore
272 1100 341 1161 eius
361 1108 512 1181 captum,
539 1098 654 1160 nubilo
678 1098 772 1176 coelo
796 1098 1007 1180 obscureque
1028 1103 1126 1169 aera,
1155 1120 1263 1179 quum
1283 1099 1351 1181 pri-

137 1206 227 1245 mum
255 1182 443 1243 illucescere
473 1185 654 1262 coepisset,
686 1182 718 1243 in
750 1201 843 1241 usum
875 1202 1047 1242 sacrorum
1078 1200 1198 1263 aquam
1233 1182 1350 1262 petenti

144 1264 354 1338 insidiatum,
379 1266 413 1325 in
433 1263 509 1325 luco
532 1265 647 1327 Martis
669 1264 897 1347 compressisse
918 1284 1006 1324 eam:
1028 1273 1098 1324 tum
1120 1263 1247 1324 exactis
1267 1285 1353 1325 men·-
1378 1308 1382 1349 ,

101 1348 230 1410 Gsibus
257 1349 404 1431 geminos
442 1346 559 1409 editos.
603 1347 701 1424 Quod
732 1368 834 1430 quum
861 1348 1095 1428 comperisset,
1128 1345 1262 1415 celandi
1282 1348 1352 1413 faeti

143 1431 246 1515 gratia
278 1450 341 1513 per
372 1429 476 1492 scelus
508 1431 677 1512 concepti,
707 1431 817 1492 necari
851 1430 946 1491 iussit
972 1429 1200 1502 sacerdotem,
1230 1440 1350 1511 partum

99 1540 118 1602 7
141 1515 203 1575 sibi
226 1513 387 1574 exbiberi.
431 1514 580 1597 Tumque
594 1514 809 1576 Numitorem
830 1534 887 1594 spe
909 1517 1120 1585 futurorum,
1142 1514 1240 1595 quod
1261 1515 1308 1588 bi,
1325 1515 1348 1575 si

140 1597 372 1669 adolevissent,
396 1596 591 1659 iniuriarum
612 1619 741 1659 suarum
763 1597 959 1679 quandoque
974 1597 1098 1657 ultores
1112 1598 1224 1657 futuri
1242 1607 1349 1673 esseut,
1367 1654 1371 1663 .

140 1682 222 1741 alios
243 1700 305 1762 pro
328 1680 373 1740 eis
395 1679 598 1753 subdidisse,
629 1681 770 1763 illosque
799 1702 875 1741 suos
896 1687 1149 1762 serosmepotes
1172 1680 1348 1755 Faustulo,

101 1798 104 1805 ·
136 1772 305 1847 pastorum
325 1762 504 1845 magistro,
528 1763 654 1825 dedisse
673 1761 880 1824 nutriendos.

178 1846 249 1908 XX.
283 1845 424 1905 atvero
446 1846 565 1907 Fabius
586 1849 702 1908 Pictor
722 1846 781 1907 lib.
804 1848 831 1905 l.
856 1853 889 1907 et
911 1842 1116 1917 Vennonius,
1140 1845 1247 1906 solito
1269 1846 1350 1906 insti·
1379 1886 1382 1945 t

138 1936 277 2010 tutoque
299 1948 458 2010 egressam
489 1929 671 2011 virginem,
702 1929 736 1989 in
767 1950 859 1988 usum
881 1949 1049 1989 sacrorum
1073 1950 1193 2008 aquam
1217 1931 1350 2011 petitum

141 2032 178 2071 ex
201 2032 240 2072 eo
262 2012 373 2081 fonte,
397 2012 454 2091 qui
477 2021 548 2071 erat
573 2013 606 2072 in
630 2012 707 2072 l'uco
729 2013 863 2083 Martis,
887 2012 996 2072 subito
1017 2009 1182 2072 imbribus
1205 2014 1350 2075 tonitru·
1380 2072 1382 2077 .

137 2094 282 2175 busque,
316 2112 398 2175 quae
419 2114 495 2154 cum
517 2093 572 2155 illa
594 2101 706 2165 erant,
739 2092 903 2168 disiectis,
936 2097 1080 2154 aMarte
1107 2114 1347 2178 compressam:

139 2176 438 2255 conturbatumque
461 2197 539 2236 mox
565 2184 742 2237 recreatam
766 2176 992 2238 consolatione
1011 2177 1091 2249 Dei,
1115 2199 1243 2241 nomen
1266 2200 1348 2242 suum

142 2257 317 2320 indicantis
349 2259 620 2341 affirmantisque,
654 2280 692 2320 ex
724 2280 759 2318 ea
789 2271 882 2321 natos
915 2258 1028 2344 dignos
1061 2267 1158 2341 patre
1194 2283 1346 2326 evasuros.

102 2361 122 2402 a
145 2341 294 2403 Primum
315 2342 417 2424 igitur
443 2341 590 2403 Amulius
612 2360 691 2416 rex,
720 2351 756 2401 ut
779 2345 961 2425 comperit,
994 2341 1115 2402 Rheam
1137 2343 1277 2408 Silvium
1297 2368 1349 2408 se-

142 2426 309 2486 cerdotem
338 2425 505 2507 peperisse
536 2426 702 2508 geminos,
735 2427 887 2504 protinus
917 2425 1089 2507 imperavit
1120 2426 1295 2509 deportari
1314 2426 1348 2489 ad

99 2504 256 2590 5aquam
278 2509 517 2588 profluentem,
540 2517 637 2591 atque
660 2530 697 2568 eo
722 2509 831 2569 alriici.
877 2511 961 2569 Tum
983 2508 1052 2581 illi,
1084 2511 1209 2590 quibus
1232 2514 1266 2574 id
1287 2514 1346 2573 im-

140 2594 289 2670 peratum
313 2600 399 2663 erat,
422 2590 707 2673 impositos·alveo
730 2612 860 2671 pirenos,
884 2593 973 2652 circu
996 2590 1121 2652 radices
1143 2597 1270 2657 montis
1289 2597 1348 2656 Pass

140 2675 213 2734 latii
234 2676 267 2734 in
289 2675 454 2746 Tiberim,
478 2675 534 2756 qui
556 2683 625 2733 tum
647 2675 768 2756 magnis
790 2675 951 2735 imbribus
973 2683 1200 2756 stagnaverat,
1225 2681 1344 2741 abiete·

140 2765 235 2816 runt:
259 2757 392 2838 eiusque
414 2752 557 2837 regionis
578 2756 731 2817 subulcus
752 2757 945 2832 Faustulus,
969 2759 1153 2839 speculatus
1178 2783 1341 2843 exponen·

140 2847 205 2911 tes,
229 2850 265 2900 ut
286 2841 386 2912 vidit,
421 2840 587 2901 relabente
609 2839 762 2913 flumine,
794 2840 936 2915 alveum,
968 2842 1088 2922 inquo
1117 2847 1216 2924 pueri
1241 2857 1340 2919 erant,

142 2922 326 2985 obhaesisse
346 2923 387 2984 ad
405 2924 558 2984 arborem
580 2922 654 2996 fici,
677 2943 924 3008 puerorumque
943 2925 1053 3007 vagitu
1069 2925 1182 3008 lupam
1199 2930 1336 3002 excitam,

140 3026 222 3086 quac
243 3016 378 3089 repente
399 3006 541 3078 exierat,
563 3005 672 3088 primo
694 3005 832 3068 lumhitu
855 3029 912 3070 eos
933 3008 1115 3080 detersisse,
1139 3009 1216 3071 dein
1239 3011 1337 3073 levan-

141 3089 261 3150 dorum
282 3091 418 3151 uberum
443 3088 546 3172 gratia
567 3109 722 3149 mammes
741 3092 946 3173 praebuisse,
970 3090 1191 3153 descenditur
1209 3097 1335 3167 sustulit,

141 3171 398 3253 nntriendcsque
418 3170 524 3232 Accae
544 3170 737 3244 Larentiae,
770 3175 867 3235 uxori
889 3197 984 3246 suae,
1008 3174 1119 3248 dedit,
1144 3186 1182 3236 ut
1204 3180 1338 3240 scribunt

100 3253 121 3330 4
141 3252 262 3314 Ennius
279 3255 338 3315 lib.
363 3256 392 3314 l.
415 3263 447 3314 et
472 3257 588 3316 Caesar
609 3255 669 3315 lib.
693 3254 738 3315 ll.
783 3250 918 3318 Addunt
936 3257 1087 3340 quidam,
1111 3260 1269 3323 Faustulo
1290 3265 1336 3324 in-

141 3345 326 3416 spectante,
348 3338 460 3417 picnm
486 3359 618 3420 quoque
638 3337 824 3412 advolasse,
853 3350 885 3401 et
908 3363 966 3402 ore
985 3343 1083 3420 pleno
1105 3344 1216 3404 cibum
1238 3346 1336 3427 pueris

141 3420 326 3500 ingessisse:
345 3421 426 3482 'inde
446 3421 599 3483 videlicet
620 3418 735 3501 lupum
765 3422 941 3506 picemque
961 3426 1101 3485 Martiae
1120 3427 1244 3491 tutelae
1268 3451 1334 3491 esse.

100 3505 105 3517 “
142 3502 305 3562 Arborem
336 3514 466 3586 quoque
496 3496 585 3562 illam
609 3501 814 3564 Ruminalem
838 3505 979 3581 dictam,
1012 3508 1099 3571 circa
1127 3533 1224 3594 quum
1252 3510 1336 3595 pueri

140 3583 258 3645 abiecti
291 3596 402 3660 erant,
434 3584 523 3667 quod
554 3584 623 3646 eius
643 3584 702 3646 sub
724 3587 839 3648 umbra
861 3591 1190 3674 pecusacquiescens
1211 3596 1338 3658 meridie

140 3666 309 3730 ruminare
326 3670 369 3729 sit
389 3668 534 3730 solitum.

181 3749 270 3810 XXI.
301 3751 345 3811 At
374 3772 451 3813 vero
484 3749 637 3812 Valerius
663 3752 786 3827 tradit,
814 3774 934 3836 pueros
958 3776 995 3815 ex
1020 3756 1109 3820 Rhea
1132 3757 1234 3822 Silvia
1256 3771 1337 3824 natos

140 3827 306 3895 Amulium
337 3833 623 3915 regcm'Faustulo
648 3856 740 3897 servo
769 3838 930 3899 necandos
956 3839 1101 3902 dedisse:
1136 3844 1193 3903 sed
1216 3866 1334 3908 eume

141 3910 317 3977 Numitore
338 3926 517 3990 exoratum,
540 3939 581 3979 ne
601 3919 697 3999 pueri
718 3931 923 3994 necarentur,
946 3921 1051 3984 Accae
1071 3925 1246 3990 Larentiae
1263 3927 1335 3988 anii-

143 4015 199 4054 cae
231 4018 305 4058 suae
334 3999 522 4061 nutriendos
554 4001 697 4074 dedisse,
731 4025 827 4084 quana
848 4005 1037 4080 mulierem,
1063 4029 1105 4068 eo
1128 4010 1219 4091 quod
1239 4010 1337 4094 pretio

102 4095 122 4137 s
143 4097 262 4159 corpus
283 4090 364 4141 esset
383 4082 515 4165 vulgare
535 4083 654 4159 solita,
676 4085 799 4166 Lupam
820 4085 952 4150 dictam.
993 4090 1116 4151 Notum
1136 4095 1278 4176 qnippe,
1298 4094 1338 4155 ita

97 4232 101 4242 ι
141 4162 299 4242 appellari
321 4163 473 4227 mulieres
495 4176 662 4250 quaestum
682 4188 826 4251 corpore
841 4172 1014 4233 facientes:
1039 4174 1123 4236 tande
1138 4187 1171 4237 et
1184 4174 1337 4241 eiusmodi

100 4239 228 4317 eloai,
255 4246 287 4307 in
311 4248 428 4330 quibus
459 4249 520 4311 hae
552 4251 754 4324 consistunt,
784 4252 954 4335 lupanaria
982 4256 1081 4319 dicta.
1124 4261 1234 4336 Quum
1266 4278 1339 4320 vero

139 4329 234 4403 pueri
254 4329 400 4393 liberalis
421 4331 611 4413 disciplinae
630 4354 764 4417 capaces
783 4336 862 4398 iacti
884 4348 998 4413 essent,
1016 4341 1128 4403 Gabiis
1143 4344 1337 4408 Graecarum

137 4409 390 4496 Latinarumque
409 4414 591 4477 litterarum
615 4417 858 4480 ediscendarum
879 4416 986 4504 gratia
1005 4432 1249 4504 commoratos,
1265 4430 1338 4489 Nn·

96 4487 257 4564 dmitore
277 4518 338 4557 avo
362 4497 443 4558 clam
467 4499 573 4559 onmia
597 4502 872 4565 subministrante.
913 4506 1030 4589 ltaque
1045 4519 1086 4568 ut
1102 4512 1244 4591 primum
1261 4512 1338 4572 adc-

127 4573 303 4655 lerisscnt,
327 4578 528 4671 Romulum,
555 4582 677 4647 indicio
702 4583 883 4651 educatoris
904 4587 1050 4656 Fauetedi
1072 4607 1265 4678 comperto,
1286 4592 1340 4676 qui
