2850 4958
112 288 192 363 ,ιω
499 328 503 337 -
599 262 843 359 aaraoan
907 290 919 367 .·

116 451 292 522 servierat,
319 445 510 533 ‹liguItatem
528 445 659 512 honesti
680 451 759 513 civis
779 448 903 513 habere
924 469 992 511 non
1010 457 1136 533 posset.
1182 451 1327 541 Regres-¹

116 557 171 597 sus
192 534 294 615 igitur
313 531 354 592 ad
374 534 539 605 Africam,
562 534 713 595 omnibns
734 532 904 617 suppliciis
920 534 1101 596 exstinctus
1129 544 1194 601 est.
1301 558 1306 595 :

159 615 279 678 XXVI.
311 615 350 679 P.
374 615 508 678 Claudio
536 615 659 678 Pulcra
682 626 715 677 et
735 618 771 678 C.
787 618 889 678 'Iunio
913 617 1001 680 Coss.
1025 616 1187 683 Claudius
1211 628 1316 683 contra

116 699 1317 869 iil?”IIIIII'IXIxIfo‘i'g'iiXXIIII?III{italiis}

742 828 751 857 2

116 861 230 949 captae
260 875 352 927 sunt:
387 867 550 927 demersae
577 874 714 927 ceterae.
757 866 849 927 Alius
879 888 944 949 quo
971 888 1010 927 ue
1043 866 1171 931 Consul
1195 869 1314 933 claud

114 948 285 1096 paufragio
315 950 443 1011 amisit:
475 948 653 1010 exercitum
683 957 792 1011 tamen
812 948 935 1011 salvum
947 888 1093 1025 babuit,
1116 952 1201 1038 quia
1214 950 1313 1017 siun

129 1036 213 1095 itura
236 1041 338 1093 erant.
1246 1058 1252 1071 ·
1298 1074 1302 1083 ·

156 1114 296 1176 XXVII.
330 1115 364 1177 C.
386 1115 518 1177 Lutatio
541 1112 678 1188 Catulo,
708 1111 750 1173 A·
771 1114 942 1179 Postumio
968 1114 1090 1178 Albino
1124 1118 1223 1181 Cosa.
1243 1138 1312 1197 am

114 1200 194 1263 belli
223 1197 341 1259 Punici
370 1199 503 1271 XXIII,
538 1197 650 1258 Catulo
681 1195 803 1258 bellum
832 1209 948 1260 contra
982 1200 1082 1261 Afros
1112 1202 1313 1269 commissu

116 1293 174 1345 est.
212 1282 390 1344 ¹Profectus
421 1291 469 1343 est
497 1301 571 1341 cum
599 1280 675 1341 CCC
694 1280 830 1342 navibus
853 1283 886 1343 in
906 1282 1063 1344 Siciliam.
1106 1283 1188 1346 Afri
1210 1290 1309 1347 contu

115 1368 221 1449 ipsum
244 1365 346 1426 CCCC
365 1372 572 1448 paraverunt.
613 1364 797 1445 Numquam
826 1364 860 1424 in
887 1367 970 1427 mari
999 1366 1099 1427 tantis
1131 1369 1241 1450 copiis
1258 1370 1308 1451 pr'·

115 1459 247 1535 gnatum
269 1456 327 1509 est.
367 1448 514 1510 Lutatius
538 1445 667 1507 Catulus
688 1466 801 1524 navem
816 1468 912 1530 aeger
925 1448 1111 1511 adscendit:
1135 1453 1304 1515 vulnerat·
1334 1523 1336 1534 Ι

37 1545 40 1551 ’
114 1534 201 1595 enim
223 1531 256 1591 in
277 1551 386 1613 pugna
407 1530 579 1614 superiore
599 1531 717 1591 fuerat.
763 1531 884 1592 Contra
913 1531 1128 1614 Lilybaeum,
1158 1534 1257 1597 civita
1333 1578 1335 1587 ·

113 1616 263 1687 Siciliae,
284 1623 462 1698 pugnatum
484 1622 532 1674 est
552 1613 675 1695 ingenti
690 1610 811 1675 vlrtute
824 1614 1057 1677 Romanorum.
1081 1616 1209 1679 NamL
1330 1662 1334 1671 ·

116 1698 431 1779 Carthaginiensium
449 1717 545 1757 naves
567 1706 681 1777 captae
709 1705 804 1770 sunt,
836 1696 954 1759 CXXV
977 1698 1165 1775 demersae,
1197 1690 1300 1762 mtt
1327 1676 1336 1801 ξ

112 1781 217 1845 millia
246 1781 391 1843 hostium
423 1788 539 1861 capta,
570 1779 653 1841 XIII
671 1779 812 1841 ·occisa:
846 1780 1008 1843 infinitum
1035 1781 1108 1843 auri
1131 1782 1298 1869 argentiqrt
1324 1830 1336 1883 p

113 1864 241 1948 pondus
264 1865 296 1923 iu
318 1870 511 1945 potestatem
541 1861 762 1925 Romanorum
784 1862 963 1928 redactum.
1006 1860 1056 1927 Ex
1078 1864 1180 1931 classa
1199 1867 1296 1935 Roma·
1323 1910 1336 1967 h

112 1968 231 2010 riorum
262 1946 326 2005 XII
356 1966 451 2006 naves
479 1943 654 2006 demersae.
698 1942 881 2027 Pugnatum
906 1956 954 2008 est
976 1945 1037 2010 Vl.
1064 1947 1145 2010 Idus
1172 1948 1293 2027 Martiflp
1322 1992 1336 2047 g

112 2030 228 2091 Statim
250 2029 527 2111 Carthaginienses
546 2049 659 2108 pacem
679 2027 866 2106 petierunt,
889 2031 1076 2111 tributaque
1098 2033 1215 2095 seteis
1232 2048 1293 2115 pert
1321 2076 1336 2129 h

114 2113 233 2195 captivi
254 2111 492 2183 Romanorum,
516 2110 572 2190 qui
593 2108 787 2171 tenebantur
808 2132 826 2172 a
849 2113 1182 2196 Carthaginiensibus,
1191 2106 1293 2189 ,rcdllll
1320 2148 1333 2212 p

113 2205 215 2273 sunt„
241 2194 349 2255 Etiam
377 2191 656 2274 Carthaginienses
686 2192 869 2273 petierunt,
896 2205 935 2257 ut
954 2195 1073 2259 redimi
1095 2217 1152 2260 eos
1173 2198 1290 2283 eaptittt

112 2279 244 2351 liceret,
267 2298 349 2360 quos
371 2297 409 2337 ex
430 2275 518 2337 Afris
539 2274 676 2337 Romani
700 2275 862 2338 tenebant.
895 2276 1030 2341 Senatus
1047 2279 1142 2343 iussit
1155 2281 1290 2365 sineptt·

114 2365 163 2426 tio
186 2362 256 2423 dari
279 2381 356 2434 eos,
379 2359 436 2442 qui
459 2360 492 2420 in
512 2359 645 2441 publica
668 2358 816 2419 custodia
837 2370 961 2436 essent3
994 2363 1051 2445 qui
1070 2372 1178 2439 autem
1199 2388 1218 2427 a
1233 2358 1290 2447 pti,-

112 2447 195 2508 vatis
215 2452 423 2515 tenerentur,
447 2451 502 2514 ut,
524 2444 633 2523 pretIo
656 2441 796 2501 dominis
817 2443 959 2518 reddito,
983 2446 1212 2529 Carthaginem
1228 2440 1290 2521 td,-

113 2534 216 2601 irent‚
250 2536 346 2609 atque
377 2525 412 2586 id
431 2526 575 2609 pretium
596 2546 635 2587 ex
656 2523 734 2586 fisco
756 2526 857 2610 magis
869 2572 878 2601 ,
905 2550 1041 2612 quama
1068 2528 1293 2615 Carthaginien·
1320 2574 1323 2579 -

100 2615 201 2675 'silaus
224 2608 416 2670 solveretur.
877 2635 891 2648 ⁴
1296 2652 1299 2657 -
1333 2608 1336 2620 '

155 2692 311 2754 XXVIII.
335 2693 375 2769 Q.
398 2690 556 2763 Lutatius,
578 2689 617 2751 A.
642 2687 780 2750 Manlius
803 2691 891 2754 Co'ss.
916 2693 1028 2766 creati,
1046 2694 1169 2756 bellum
1183 2680 1291 2756 Falittlt
1325 2700 1336 2766 ,“

114 2777 313 2848 intulerunt,
344 2797 426 2855 quae
457 2773 569 2851 civitas
600 2772 714 2835 Italiae
746 2774 898 2855 opulenta
928 2777 1090 2860 quondam
1112 2777 1193 2839 fuit:
1225 2758 1291 2861 qual
1325 2774 1334 2810 ¹

115 2861 209 2920 ambo
234 2860 322 2919 Coss.
347 2860 431 2919 intra
461 2878 513 2919 sex
537 2855 625 2931 dies,
658 2874 755 2938 quam
777 2869 947 2935 venerant,
979 2869 1222 2944 transegerunt,
1246 2850 1292 2939 XI

113 2942 257 3004 millibus
288 2942 433 3004 hostium
466 2939 585 3003 caesis:
614 2937 731 3003 ceteris
750 2958 831 3023 pace
852 2964 1023 3018 concessa,
1045 2964 1126 3031 agro
1147 2953 1293 3027 tamam
1331 2944 1336 2991 ·⁴

88 3101 90 3104 Ι
109 3026 285 3119 ¹medietate
305 3026 445 3089 sublato.

356 3316 359 3321 -
440 3266 637 3343 LIBER
678 3265 981 3344 TERTIUS.

115 3519 142 3580 I.
164 3438 312 3599 Finito
334 3512 436 3601 igitur
455 3517 582 3577 Punico
605 3516 714 3590 bello,
736 3519 825 3601 quod
846 3540 907 3602 per
925 3520 1038 3581 XXIII
1057 3512 1313 3587 senosanam·
1332 3506 1336 3557 ¹

102 3613 173 3666 est.
217 3603 350 3664 Romani
374 3601 437 3660 iam
463 3582 639 3661 clarissimi
661 3601 766 3682 gloria
790 3607 861 3667 noti
882 3604 1004 3687 legatos
1027 3604 1067 3666 ad
1088 3604 1299 3669 Ptolemaeum

115 3689 254 3772 Aegypti
278 3706 386 3768 regem
410 3684 586 3755 miserunt,
611 3686 729 3746 auxilia
751 3691 989 3768 promittentes,
1012 3687 1087 3771 quia
1118 3704 1179 3751 rex
1199 3691 1300 3774 Syrio
1334 3682 1336 3695 ¹

115 3759 294 3835 Antiochus
315 3768 344 3828 ei
364 3766 484 3828 bellum
507 3766 671 3830 intulerat.
713 3768 773 3830 Ille
794 3772 912 3853 gratias
932 3771 1084 3832 Romanis
1104 3774 1189 3853 egit:
1214 3772 1300 3835 auri·

115 3851 158 3913 lia
179 3877 244 3916 non
266 3851 409 3932 aceepit:
433 3851 495 3910 iam
518 3852 601 3913 enian
623 3850 729 3913 fuerat
749 3876 856 3934 pugna
876 3863 1046 3915 transacta.
1079 3852 1207 3919 Eodem
1228 3866 1302 3917 tem·

101 3956 198 4017 pore
228 3934 467 4016 potentissimus
498 3956 554 3995 rex
584 3936 715 3997 Siciliae
744 3938 847 3998 Hiero
876 3939 1011 4001 Romam
1042 3938 1132 3998 venit
1155 3936 1300 4003 adlatos

116 4021 316 4100 spectandos,
334 4027 366 4081 et
381 4019 515 4079 ducenta
530 4014 632 4079 millia
645 4019 831 4081 modiorum
845 4022 947 4082 tritici
962 4021 1086 4103 populo
1103 4019 1195 4085 dono
1210 4020 1299 4085 tatia

157 4102 202 4164 II.
231 4104 266 4162 L.
292 4101 442 4163 Cornelio
468 4100 626 4173 Lentulo,
658 4101 773 4163 Fulvio
795 4102 911 4165 Flacco
932 4105 1042 4177 Cosa,
1066 4105 1188 4187 quibus
1209 4106 1300 4170 IIiero

99 4184 249 4245 -aomam
270 4193 420 4257 venerat,
443 4185 539 4245 etiam
557 4193 670 4245 contra
690 4186 824 4271 Ligures
845 4186 930 4248 intra
952 4187 1225 4251 Italiambellusn
1247 4208 1301 4271 ge·

115 4277 199 4329 stum
222 4279 287 4344 est,
305 4277 345 4331 ¹et
366 4268 405 4329 ‹le
425 4267 477 4327 his
497 4267 743 4348 triumphatum.
787 4270 1064 4353 Carthaginienses
1092 4281 1162 4332 tum
1190 4272 1301 4336 bellun

97 4372 268 4433 ·reparare
291 4352 477 4421 tentabant,
506 4349 745 4425 Sardinienses‚
778 4354 832 4432 qui
862 4375 902 4415 ex
923 4353 1110 4416 conditione
1131 4358 1224 4436 pacis
1242 4357 1303 4417 Itu-

114 4437 216 4495 manis
236 4456 352 4512 parere
372 4433 553 4507 debebant,
576 4433 1089 4517 ad'rebellandum-impellentes.
1134 4439 1238 4501 Venit
1258 4448 1303 4501 t·-

95 4510 187 4577 ¹anea
208 4516 327 4597 legatio
351 4516 659 4591 Carthaginiensium
683 4519 834 4588 Romaiu,
858 4528 889 4579 et
913 4534 1023 4600 pacem
1048 4520 1249 4601 impetravit.

87 4636 90 4641 -
139 4598 210 4660 III.
249 4598 657 4685 T.·Manlio=.,'Iorquato,
689 4601 861 4665 c,..tttttio
890 4603 992 4665 Balbo
1026 4604 1112 4669 Coss.
1137 4604 1179 4667 sle
1200 4602 1302 4669 sardi·
