2850 4958
299 282 369 367 m
393 270 711 372 elstannus,
737 288 844 371 ΟΑΡ.
868 290 929 375 38.
946 292 1016 399 squ
1215 286 1291 400 sip

90 454 239 520 hunum
263 465 381 543 nuptas
403 455 592 524 affectabat:
624 478 762 541 quarum
794 458 978 524 infestiores
998 459 1062 526 viri
1079 448 1167 525 iram
1187 470 1296 524 tamen

91 539 313 625 doloremque
337 540 371 601 ln
400 547 549 602 eventum
574 538 653 603 belli
681 537 885 605 distulerant.
928 546 1002 624 Quo
1026 544 1217 628 prosperius
1231 564 1297 606 ss-

92 621 208 692 dente,
242 633 350 698 metu,
380 645 422 685 ne
450 620 638 687 huiusmodi
666 624 830 709 ingenium
850 629 952 711 magis
971 630 1136 712 magisque
1155 628 1296 689 victoria
1340 698 1345 705 Ι

89 704 319 780 insolesceret,
350 727 418 768 sese
449 707 509 767 ulti
540 715 614 769 sunt
668 708 700 767 ls
721 709 794 769 finis
816 709 898 770 Caro
919 711 1114 794 liberisque:
1141 707 1339 772 Narboner3

89 790 218 871 patria,
241 790 415 872 imperium
436 788 560 850 biennii
580 790 684 851 fuere.
728 788 835 875 igitur
855 792 1006 855 Valerius
1026 795 1132 876 prima
1145 793 1185 854 ad
1201 792 1343 875 exer-1⁴·

75 871 195 935 ¹eitum
216 874 398 945 concione,
419 893 542 955 quum,
565 872 681 934 educto
704 874 834 957 gladio,
855 876 956 937 soleni
979 878 1122 950 intuens,
1145 877 1296 938 obtesta-

91 963 206 1030 retur,
238 955 388 1039 ignarum
419 955 519 1017 clidis
540 956 749 1031 Numeriani,
776 979 882 1043 neque
905 960 1035 1041 imperii
1057 960 1240 1042 cupientem
1262 980 1298 1022 se

90 1038 208 1113 fuisse,
231 1039 359 1120 Aprum
378 1039 530 1121 proxime
550 1038 728 1101 adstantem
748 1042 816 1102 ictu
838 1045 1012 1125 transegit3
1034 1044 1126 1106 cuius
1141 1042 1232 1115 dolo,
1248 1043 1297 1104 uti

91 1140 191 1204 supra
214 1121 395 1196 docuimus,
418 1121 604 1184 adolescens
626 1122 732 1183 bonus
751 1124 973 1207 facundusque
993 1134 1026 1186 et
1047 1147 1145 1211 gener
1164 1125 1298 1189 occide-

90 1213 153 1267 rat.
200 1205 323 1266 Ceteris
353 1200 444 1266 venia
475 1205 572 1276 data,
603 1208 788 1288 retentique
816 1206 961 1269 hostium
991 1209 1060 1270 fere
1091 1230 1222 1281 omnes,
1259 1205 1337 1273 acati

88 1288 230 1350 maxime
249 1287 303 1350 vir
321 1288 455 1372 insignis
475 1287 695 1364 Aristobulus,
709 1289 897 1352 Praefectus
918 1292 1100 1372 praetorio,¹
1116 1313 1176 1373 per
1191 1289 1295 1352 officia

90 1390 160 1432 sua.
205 1372 297 1451 Quae
317 1393 368 1432 res
390 1380 465 1452 post
486 1373 678 1433 memoriam
697 1373 871 1441 humanam
891 1396 973 1434 nova
994 1383 1090 1457 atque
1106 1374 1339 1455 inopinabi-sti

89 1452 132 1514 lis
154 1454 237 1526 fuit,
261 1453 350 1515 civili
371 1451 482 1528 bello,
504 1456 667 1529 fortunis,
697 1458 804 1530 sama,
833 1455 1011 1541 dignitate,
1033 1457 1208 1538 spoliatum
1231 1478 1325 1520 ne-.
1391 1486 1394 1491 ·

54 1546 58 1603 ζ
90 1535 231 1596 minem:
254 1557 354 1618 quum
375 1537 430 1619 pis
450 1537 625 1599 admodum
645 1547 874 1622 mausueteque
895 1540 963 1622 geri
984 1539 1152 1612 laetemur,
1169 1537 1296 1613 exsilio,

51 1652 56 1687 ι
89 1619 351 1700 proscriptioni,
382 1629 480 1703 atque
509 1622 607 1683 etiam
637 1623 807 1706 suppliciis
829 1631 863 1684 et
882 1622 1034 1685 caedibus
1056 1621 1189 1683 modum
1211 1620 1293 1682 fieri.

89 1701 180 1780 Quid
212 1723 247 1762 ea
278 1724 478 1780 memorem,
510 1703 680 1766 adscitisse
708 1706 876 1767 consortio
909 1705 1028 1766 multos
1056 1714 1337 1791 externosque,17

71 1784 203 1845 ¹tuendi
225 1785 453 1867 prolatandixe
473 1788 577 1863 gratia
599 1788 679 1848 iuris
700 1785 862 1850 Romani?
888 1789 1034 1872 Namque
1057 1788 1113 1848 ubi
1135 1787 1298 1868 comperit

90 1866 201 1931 Carini
232 1868 390 1943 discessu,
427 1869 597 1932 Aelianum
628 1871 808 1932 Amandum
835 1892 876 1932 ue
906 1894 968 1952 per
1000 1871 1162 1943 Galliam,
1192 1871 1297 1932 excita
1338 1902 1341 1908 ·

88 1973 187 2013 manu
219 1952 393 2033 agrestium
422 1974 460 2013 ac
490 1952 674 2026 latronum,
707 1976 789 2037 quos
811 1893 982 2038 qbagaudas
1013 1953 1140 2016 incolae
1161 1963 1296 2028 vocant,
1335 2006 1337 2011 .

87 2033 256 2118 populatis
285 2035 351 2096 late
381 2035 487 2118 agris,
517 2034 690 2118 plerasque
721 2037 853 2098 urbium
884 2045 1029 2112 tentare,
1066 2036 1314 2097 Maximianum·

88 2118 220 2189 statim,
244 2116 343 2178 lidum
366 2119 535 2191 amicitia,
590 2142 738 2202 amquam
758 2121 1009 2201 semiagrestcm,
1033 2119 1168 2181 militiae
1188 2128 1297 2180 tumen

89 2209 188 2284 atque
219 2200 349 2282 ingenio
381 2201 522 2274 bonum,
543 2132 787 2285 tuperatorem
818 2203 920 2264 iubet.
964 2203 1049 2263 Huic
1070 2211 1183 2282 postea
1204 2199 1337 2263 cultu18

87 2285 232 2345 nunainis
263 2283 416 2346 Herculei
447 2295 699 2366 cognomentum
730 2287 883 2357 accessit,
914 2287 963 2346 uti
988 2285 1122 2345 Valerio
1145 2285 1294 2346 lovium:

89 2367 178 2443 unde
199 2367 295 2428 etiam
317 2367 514 2429 militaribus
534 2368 663 2429 auxiliis
684 2366 782 2450 longe
803 2369 836 2428 in
858 2367 1298 2447 exerciturmpraestantibus
1322 2410 1325 2417 -

89 2473 213 2512 nomon
238 2450 437 2533 impositum.
482 2449 546 2511 Sed
576 2448 769 2520 Herculius,
796 2449 830 2509 in
853 2449 989 2510 Galliam
1010 2451 1195 2529 profectus,
1217 2449 1338 2533 fusiss'p

88 2534 243 2596 hostibus
265 2544 320 2593 aut
341 2534 502 2612 acceptis,
517 2533 634 2612 ‘quieta
656 2533 762 2593 omnia
782 2530 874 2591 brevi
896 2531 1092 2612 patraverat.
1118 2531 1193 2608 Quo
1209 2529 1338 2591 bellone

91 2617 288 2688 Carausius,
319 2617 488 2695 Menapiae
519 2616 618 2687 civis,
645 2615 740 2674 factis
767 2613 1007 2693 promtioribus
1029 2612 1167 2686 enituit;
1193 2631 1298 2695 eoque

91 2722 190 2772 eum,
212 2697 308 2759 simul
330 2699 404 2778 quia
426 2697 626 2779 gubernandi
648 2699 729 2779 (quo
753 2696 858 2757 officio
880 2694 1129 2757 adolescentiam
1149 2693 1300 2757 mercede

93 2787 297 2859 exercuerat)
327 2780 459 2862 gnarus
477 2778 678 2852 habebatur,
707 2779 869 2862 parandae
893 2778 984 2841 classi
1007 2800 1045 2839 ac
1068 2776 1298 2861 propulsandis

89 2865 284 2937 Germanis,
307 2862 408 2922 maria
430 2863 675 2935 infestantibus,
699 2864 897 2942 praefecere.
941 2863 1016 2923 Hoc
1036 2858 1174 2943 elatior,
1196 2866 1345 2944 quamsi·

86 2970 210 3036 parum
242 2945 361 3007 multos
394 2945 617 3028 opprimeret,
648 2966 752 3028 neque
780 2945 920 3026 praedae
951 2944 1058 3006 omnia
1081 2944 1115 3004 in
1135 2945 1297 3006 aerarium

88 3034 246 3105 referret,
270 3027 418 3091 Herculii
434 3038 535 3100 metu,
558 3050 656 3111 aquo
674 3049 707 3088 se
727 3029 817 3089 caedi
836 3030 955 3090 iussum
975 3035 1192 3108 compererat,
1214 3027 1296 3088 Bri-

88 3116 237 3177 tanniam
263 3113 380 3174 hausto
406 3113 575 3193 [augusto]
606 3111 744 3192 imperio
776 3112 958 3193 capessivit.
998 3109 1122 3171 Eodem
1148 3119 1338 3192 temporeas

92 3198 264 3260 Orientem
279 3197 409 3269 Persae,
436 3194 579 3256 Africam
593 3195 748 3266 Iulianus,
768 3216 806 3255 ac
824 3194 971 3255 nationes
989 3194 1297 3275 Quinquegentanae

90 3282 238 3368 graviter
258 3272 458 3361 quatiebant.
503 3277 619 3341 Adbuc
638 3277 721 3361 apud
738 3275 877 3360 Aegypti
892 3276 1117 3341 Alexandriam
1132 3270 1339 3337 Achilleus23
1396 3301 1400 3311 ¹

90 3364 227 3430 nomine
258 3363 489 3424 dominationis
520 3383 657 3445 insignia
687 3360 846 3441 induerat.
890 3360 950 3421 His
977 3359 1017 3439 de
1037 3360 1156 3422 caussis
1176 3356 1340 3434 luliumed

90 3448 330 3519 Constantium,
357 3444 524 3506 Galerium
544 3445 786 3515 Maximianum,
812 3443 864 3507 cui
885 3464 1065 3528 cognomen
1090 3441 1297 3505 Armentario

94 3536 188 3599 erat,
220 3537 345 3591 creatos
377 3528 546 3599 Caesares,
579 3526 613 3588 in
645 3526 829 3588 affinitatem
852 3535 980 3589 vocant.
1021 3524 1122 3589 Prior
1149 3519 1339 3589 Herculiieb

94 3613 299 3697 privignam,
323 3612 406 3672 alter
426 3609 633 3672 Diocletiano
656 3611 774 3671 editam
800 3611 1004 3681 sortiuntur,
1026 3609 1174 3670 dit-emtis
1195 3611 1298 3691 prio-

94 3696 188 3760 ribus
218 3694 399 3775 ‚coniugiiu
431 3704 466 3755 ut
490 3695 524 3754 in
547 3695 677 3754 Nerone
700 3693 836 3754 Tiberio
867 3715 904 3754 ac
934 3692 1017 3754 Iulia
1039 3689 1105 3750 filia
1136 3689 1297 3772 Augustus

95 3778 260 3864 quondam
283 3780 416 3839 fecerat.
459 3778 523 3838 His·
539 3794 613 3834 sane
636 3774 785 3836 omnibus
806 3774 973 3856 Illyricum
995 3772 1101 3856 patria
1123 3772 1206 3841 fuir,
1229 3768 1341 3854 quimb’

92 3877 290 3947 quamquam
312 3859 525 3922 humanitatis
544 3879 679 3939 parum,
712 3853 798 3918 ruris
817 3865 923 3919 tamen
947 3877 984 3918 ac
1004 3855 1142 3917 militiae
1162 3854 1300 3917 miseriis
1319 3934 1322 3939 ἱ

91 3946 234 4018 imbuti,
257 3945 334 4006 satis
356 3942 473 4024 optimi
494 3940 704 4015 Reipublicae
724 3942 827 4004 fuere.
867 3942 975 4019 Quare
996 3946 1144 4013 constat,
1172 3947 1340 4022 sanctossp

93 4029 338 4112 prudentesque
373 4046 467 4088 sensu
501 4023 586 4086 mali
613 4024 775 4106 promtius
808 4022 901 4097 lieri,
938 4028 1117 4105 contraque
1152 4031 1300 4105 expertes

97 4132 347 4183 aerumnarum,
379 4108 457 4171 dum
483 4107 600 4189 opibus
621 4107 685 4168 suis
707 4112 841 4168 cunctos
865 4106 1053 4179 aestimant,
1084 4106 1190 4168 minus
1212 4125 1300 4166 con·-

97 4195 215 4258 sulere.
256 4194 320 4256 Sed
341 4193 461 4255 borum
481 4190 657 4253 concordia
677 4190 815 4251 maxime
834 4187 976 4262 edocuit,
991 4189 1106 4251 virtuti
1121 4183 1340 4272 ingenium,28

97 4299 256 4359 usumque
277 4279 383 4339 bonae
404 4275 563 4349 militiae,
586 4282 703 4355 quanta
725 4273 776 4332 bis
797 4270 963 4334 Aureliani
984 4271 1153 4356 Probique
1173 4271 1302 4333 institu-

96 4362 148 4421 tio
171 4362 254 4434 fuit,
276 4381 379 4436 paene
401 4367 450 4418 sat
472 4379 549 4418 esse.
592 4357 742 4439 Denique
764 4355 949 4430 Valerium,
971 4364 1007 4415 ut
1030 4362 1217 4436 parentem,
1244 4373 1342 4441 seseq

95 4445 161 4509 Dei
184 4446 288 4523 magni
311 4441 529 4525 suspiciebant
552 4439 649 4502 modo
664 4459 671 4498 τ
689 4474 691 4478 <
706 4438 794 4521 quod
816 4440 911 4520 (pisale
932 4446 1151 4522 quantumque
1172 4435 1235 4508 sit,
1259 4438 1299 4498 ab

95 4528 201 4591 Urbis
223 4527 394 4590 conditore
413 4525 453 4586 ad
481 4534 626 4587 nostram
656 4525 790 4583 aetatem
813 4523 931 4606 propin
958 4544 1076 4586 uorum
1100 4518 1301 4582 facinoribus

96 4614 297 4700 patefactum
328 4620 387 4677 s'st.
430 4610 473 4673 m
503 4606 658 4697 quoniam
686 4605 849 4672 bellorum
881 4546 1004 4684 moles,
1040 4606 1081 4671 ds
1111 4624 1175 4689 qua
1204 4603 1344 4691 suprabo
