2850 4958
140 289 218 368 aa
522 265 566 339 n
591 259 775 341 sensu
803 257 953 335 raom

137 433 287 498 Lutatius
320 427 451 500 Catulus
483 428 671 511 Gnaeusque
700 424 878 508 Pompeius
930 420 1081 487 Sullanae
1109 416 1318 485 dominationi
1355 418 1372 481 rt

97 518 237 604 7duces
258 522 356 596 atque
376 510 536 598 signiferi,
560 506 623 572 ali'o
645 509 789 573 exercitu
806 470 1001 573 insederant.
1045 504 1219 588 Aquibus
1234 504 1317 588 prius
1355 502 1372 563 la

138 600 250 666 statim
272 597 397 678 impetu
422 602 513 658 retro
534 592 668 676 pulsus,
699 591 867 674 hostisque
890 614 908 657 a
929 590 1049 652 Senatu
1077 587 1259 662 iudicatus,
1277 589 1317 649 in-
1355 586 1372 667 fl

139 689 273 747 cruenta
294 681 371 762 fuga
395 677 584 753 Etruriam,
605 676 681 738 inde
701 674 886 737 Sardiniam
906 673 1060 737 recessit:
1087 672 1205 752 ibique
1228 670 1316 733 morbo
1356 676 1372 729 ts

139 775 174 831 et
191 759 395 846 poenitentia
416 760 554 823 interiit.
594 759 771 833 Victores,
794 755 885 842 quod
906 778 974 820 non
993 765 1117 821 temere
1137 754 1219 817 alias
1237 752 1269 815 iu
1283 752 1322 815 eie
1353 750 1372 811 ls

59 904 63 909 .
137 847 259 915 vilibus
278 843 396 918 bellis,
418 862 499 927 pace
519 841 666 906 contenti
690 843 835 907 fuerunt.
1310 882 1316 905 ,.
1352 835 1372 893 sl

483 1304 528 1377 Β.
558 1299 791 1380 ANNAEI
822 1297 1010 1391 FLORI

206 1493 583 1614 annun
641 1488 1221 1609 uonsnsnun
1308 1566 1332 1645 ,-

577 1689 918 1768 ursroun
1029 1738 1032 1743 ι

486 1852 669 1933 escun
704 1850 1010 1948 Quassus.

587 1981 912 2011 *-

607 2095 632 2158 C
652 2092 683 2157 A
700 2092 728 2155 P
749 2092 782 2155 U
804 2090 833 2154 Τ
866 2092 897 2153 Ι.

435 2238 438 2243 ·
556 2228 679 2274 amru
700 2227 940 2273 cnrnmsnruu.

104 2424 119 2471 s
145 2322 368 2557 Qetilinam
387 2402 518 2469 luxuria
537 2406 702 2487 primum,
724 2416 796 2483 tum
814 2404 894 2470 bine
915 2404 1054 2468 conflata
1078 2412 1202 2491 egestas
1222 2402 1269 2466 rei
1286 2400 1328 2463 te·
1354 2316 1372 2461 ils

143 2512 176 2551 m

204 2490 304 2565 saris,
335 2488 433 2551 simul
457 2488 609 2564 occasio,
635 2491 726 2575 quod
752 2490 786 2550 in
808 2490 960 2553 extremis
984 2488 1103 2551 finibus
1127 2486 1248 2551 mundi
1263 2500 1328 2547 arm
1356 2484 1372 2544 n'

142 2572 290 2636 Romana
309 2570 614 2654 peregrinabantur,
630 2573 665 2635 in
678 2573 803 2634 nefaria
815 2571 960 2635 ¹consilia
979 2570 1215 2656 opprimendae
1227 2566 1328 2653 patriai
1357 2588 1372 2628 ss

104 2671 129 2715 a
145 2674 224 2717 suae
248 2652 448 2738 compulere.
493 2652 648 2717 Senatum
674 2655 876 2730 confodere,
904 2655 1058 2719 Consules
1082 2653 1271 2729 trucidare,
1288 2646 1330 2711 di·
1355 2660 1372 2711 st

143 2739 307 2821 stringere
338 2735 497 2798 incendiis
521 2736 669 2812 Urbem,
698 2738 845 2822 diripere
871 2738 1056 2813 aerarium,
1087 2748 1193 2799 totam
1216 2734 1332 2881 deniput

141 2820 392 2905 Rempublicam
410 2818 558 2881 funditus
579 2818 715 2897 tollere,
743 2830 775 2882 et
801 2820 961 2905 quidquid
984 2844 1046 2885 nec
1070 2818 1236 2883 Hannibal
1255 2819 1285 2882 vi
1304 2834 1371 2883 ατο

101 2898 125 2963 5
143 2912 238 2967 retur
259 2911 399 2986 optasse.
443 2904 549 2982 [Quae
570 2904 695 2985 omnia]
717 2902 838 2987 quibus
863 2906 899 2985 (ὁ
919 2906 1008 2966 nefas
1020 2903 1045 2986 l)
1066 2904 1164 2966 sociis
1187 2902 1228 2965 ad
1251 2914 1334 2977 ream
1359 2920 1372 2960 s

143 2992 210 3052 estl
241 2986 317 3068 Ipse
335 2987 514 3069 patricius3
536 2987 592 3049 sed
616 2986 681 3054 boc
702 2989 809 3049 minus
829 2996 894 3050 est:
928 2989 1041 3063 Curii,
1062 2988 1194 3062 Porcii,
1223 2924 1333 3055 inu-e,

142 3068 299 3153 Cethegi,
330 3070 510 3143 Autronii,
539 3069 757 3154 Vargunteii,
780 3071 939 3154 Longini,
973 3093 1056 3154 quae
1075 3067 1244 3133 familiae?
1273 3082 1336 3153 qest
1365 3068 1372 3129 l

101 3230 105 3237 ¹
143 3152 281 3223 Senatus
312 3150 474 3236 iusignia?
508 3152 662 3217 Lentulus
692 3173 824 3237 quoque
854 3162 924 3215 tum
955 3155 1168 3216 cummaxime
1185 3154 1336 3237 ¹Praetori
1367 3172 1372 3213 1

102 3235 206 3310 4bos
229 3256 339 3297 omnes
362 3236 585 3297 immanissimi
605 3236 763 3298 facinoris
784 3234 938 3297 satellites
958 3237 1086 3300 habuit.
1130 3235 1289 3299 Additum
1305 3238 1339 3295 est
1370 3256 1372 3297 :

14 3380 17 3385 ,
142 3321 262 3401 pignus
283 3317 521 3378 coniurationis
542 3320 670 3403 sanguis
692 3316 863 3390 humanus,
882 3340 978 3402 quem
994 3319 1222 3383 circumlatum
1236 3314 1340 3403 pater'!

142 3401 280 3465 bibere:
310 3418 470 3471 summum
486 3401 601 3474 nefas,
623 3402 658 3461 ni
681 3400 819 3480 amplius
841 3411 941 3475 esset,
979 3414 1120 3487 propter
1140 3403 1234 3487 quod
1253 3402 1340 3465 bibe·

103 3474 123 3538 5
145 3484 234 3545 runt'.
279 3474 399 3541 Actum
420 3488 491 3542 erat
511 3478 552 3540 de
571 3480 795 3562 pulcherrimo
819 3483 982 3567 imperio,
1005 3486 1069 3551 nisi
1090 3485 1148 3549 illa
1169 3482 1341 3549 coniuratis

145 3566 180 3626 in
210 3562 402 3626 Ciceronem
427 3569 461 3625 ct
488 3559 668 3624 Antonium
699 3565 853 3629 Consules
885 3566 1067 3644 incidisset,
1100 3591 1244 3651 quorum
1275 3568 1344 3631 alte

103 3640 309 3709 Sindustria
338 3667 408 3709 rem
439 3644 612 3728 patefecit,
646 3646 729 3711 alter
749 3660 850 3711 'manu
883 3652 1057 3735 oppressit.
1100 3652 1201 3715 Tanti
1225 3648 1342 3723 sceleti!

145 3729 307 3793 indicium
326 3750 388 3813 per
407 3727 557 3790 Fulviam
579 3731 729 3807 emersit,
751 3732 944 3799 vilissimum
972 3745 1139 3811 scortum,
1162 3734 1221 3799 sed
1241 3732 1345 3819 paui·

104 3812 228 3898 7oidii
260 3814 428 3874 innocens.
477 3810 563 3873 Tum
594 3814 734 3891 Consul,
765 3815 879 3878 habito
911 3817 1052 3894 Senatu,
1088 3820 1122 3880 in
1152 3814 1345 3903 praesentent

135 3896 242 3958 'reum
270 3895 385 3957 Cicero
417 3895 603 3978 peroravit:
637 3897 692 3959 sed
719 3913 786 3960 non
808 3901 945 3983 amplius
972 3904 1176 3985 profectum,
1203 3894 1346 3987 queunt

146 3977 253 4041 hostis
283 3976 457 4053 evaderet,
488 3986 587 4061 seque
616 3981 724 4063 palam
755 4004 792 4042 ac
812 3988 961 4063 professo
983 3978 1162 4048 incendium
1181 4004 1346 4059 suum-re·

107 4055 341 4141 8'stineturum
370 4066 467 4122 rutra
495 4066 686 4127 minaretur.
728 4062 771 4125 Et
796 4066 851 4131 ille
871 4069 1004 4150 quidem
1024 4068 1065 4131 ad
1086 4044 1348 4167 praeparatum}

142 4140 264 4207 'Mallio
287 4142 322 4205 in
341 4136 476 4206 Etruria
505 4149 682 4209 exercitum
702 4146 946 4229 proficiscitur,
974 4151 1063 4235 signa
1084 4152 1237 4225 illaturus
1252 4154 1308 4221 Ur

52 4290 59 4305 ,
137 4225 304 4315 Ι,ῙΑειιὶΙιιῙιιε
348 4226 550 4315 'destinatum
579 4228 723 4291 familiae
754 4253 830 4303 suae
857 4232 1026 4317 Sibyllinis
1049 4235 1198 4299 versibus
1219 4224 1301 4321 regu
1370 4288 1372 4297 .

149 4309 214 4377 sibi
235 4274 428 4385 vatlclnams,
452 4311 493 4374 a'd
508 4312 740 4393 praestitutum
766 4339 784 4375 a
807 4316 944 4393 Catilina
965 4316 1052 4381 diem
1080 4316 1179 4401 Urbe²
1198 4304 1283 4401 dota
1303 4306 1372 4391 ‚ri-¹

110 4412 141 4481 θ’
152 4415 226 4466 ros,
258 4394 345 4455 faces
355 4439 364 4467 ,
396 4394 467 4483 tela
486 4395 660 4479 disponi-t.¹
686 4398 754 4459 Nec
779 4398 883 4461 cirili
900 4402 1144 4489 conspiratione¹
1169 4410 1348 4485 oontentpp.

122 4502 125 4506 ·
150 4472 278 4561 Legatis
298 4468 526 4559 Allobrbgum‚
550 4479 605 4561 qui
628 4482 696 4561 tuns
716 4480 804 4541 forte
823 4474 968 4559 aderant,
991 4482 1033 4559 iij¹
1045 4506 1143 4561 arma.
1156 4472 1348 4555 sollicitatis,

102 4556 116 4637 l
151 4560 230 4619 is'sct
254 4557 338 4649 ultre
360 4558 591 4651 Alpeslfuror,
615 4554 676 4621 nisi
699 4558 798 4625 ultera
812 4562 1038 4657 ¹proditione-¹,
1063 4548 1351 4657 oltureiil'raelb·
