2850 4958
220 264 291 347 uu
317 232 697 345 unumunurn.
722 208 830 343 cnr.
859 256 1003 371 Μ.
1024 266 1088 371 7⁵·
1204 292 1281 373 229

473 432 500 497 C
517 431 549 496 A
567 432 595 496 P
617 433 649 496 Il
670 431 701 497 Τ
739 428 892 499 LXXIII.

372 569 401 612 la.
424 568 670 615 ΔΡΗῙΜΗΗ
701 568 988 614 SMNRUC&

73 762 80 783 ,
115 697 237 764 Lucius
267 700 448 787 Appuleius
478 700 692 776 Saturninus,
715 700 882 763 Tribunus
902 699 1009 784 plebis
1034 698 1225 776 seditiosus,
1246 708 1287 763 ut

72 787 216 867 gratiam
238 787 461 848 Marianorum
485 786 626 848 militum
650 793 800 867 pararet,
821 785 924 870 legem
946 784 1041 858 tulit,
1070 794 1106 846 ut
1125 785 1286 847 veteranis

73 877 212 930 centena
233 871 302 953 agri
324 871 437 953 iugera
459 871 494 932 iu
517 870 625 931 Africa
646 868 887 941 dividerentur:
922 866 1176 929 intercedentem
1195 868 1286 930 Bae·
1323 874 1326 879 '

70 948 167 1011 bium
189 952 358 1037 collegam,
380 955 465 1015 facta
485 974 546 1035 per
565 952 726 1036 populum
745 950 958 1036 lapidatione,
980 952 1156 1013 submovit.
1190 951 1287 1013 Glau·
1306 968 1332 1017 2

72 1031 146 1095 ciae
167 1035 339 1110 Praetori,
372 1037 461 1119 quod
493 1037 519 1098 is
547 1057 585 1097 eo
612 1036 684 1111 die,
717 1056 783 1118 quo
815 1036 883 1117 ipse
905 1035 1099 1098 concionem
1120 1033 1284 1110 habebat,
1342 1054 1346 1061 ·

72 1109 125 1177 ius
147 1117 286 1179 dicendo
308 1129 435 1200 partem
456 1119 573 1202 populi
596 1127 780 1192 avocasset,
804 1120 914 1182 sellam
936 1118 1104 1192 concidit,
1128 1124 1165 1179 ut
1184 1118 1287 1203 magis

71 1201 245 1283 popularis
266 1202 444 1264 videretur.
488 1202 657 1282 Quendam
677 1203 824 1264 libertini
848 1204 972 1267 ordinis
993 1200 1202 1276 subornavit,
1228 1194 1329 1285 quib

70 1302 107 1344 se
129 1284 257 1345 Tiberii
280 1286 420 1348 Gracchi
442 1286 546 1349 lilium
567 1286 714 1369 fingeret.
746 1285 796 1347 Ad
811 1286 875 1348 hoc
890 1286 1113 1349 testimonium
1126 1285 1286 1367 Sempro-
1305 1283 1329 1361 4

70 1366 150 1439 nia,
172 1389 268 1428 soror
290 1370 532 1446 Gracchorum,
554 1371 738 1452 producta,
761 1390 821 1431 nec
843 1372 1014 1454 precihus,
1036 1390 1098 1429 nec
1118 1367 1215 1428 minis
1230 1368 1284 1429 ud·

71 1448 153 1509 duci
175 1453 302 1532 potuit,
325 1462 362 1514 ut
383 1452 522 1517 dedecus
544 1453 686 1514 familiae
714 1458 915 1535 agnosceret.
958 1451 1170 1523 Saturninus,
1199 1448 1285 1512 Aulo
1307 1444 1328 1511 5

69 1532 187 1592 Nonio
208 1537 426 1615 competitore
444 1537 630 1610 interfecto,
648 1536 814 1597 Tribunus
836 1537 941 1616 plebis
957 1537 1111 1609 refectus,
1127 1531 1286 1608 Siciliam,

73 1613 245 1690 Achaiam,
269 1619 493 1681 Macedoniam
517 1620 611 1681 novis
634 1618 760 1680 colonis
784 1619 979 1692 destinavit3
1003 1626 1036 1679 et
1056 1638 1183 1687 aurum,
1206 1615 1286 1678 dolo

74 1719 118 1757 an
140 1698 262 1761 scelere
290 1701 462 1786 Caepionis
488 1711 640 1784 partum,
671 1701 713 1762 ad
733 1701 909 1763 emtionem
932 1722 1087 1785 agrorum
1111 1698 1286 1763 convertit.

73 1778 170 1863 Aqua
192 1790 224 1841 et
245 1783 312 1867 igni
335 1784 505 1848 interdixit
529 1786 572 1859 ei,
596 1783 650 1868 qui
674 1783 706 1845 iu
727 1784 814 1868 leges
835 1806 908 1846 suas
929 1805 996 1845 non
1017 1784 1165 1846 iurasset.
1197 1780 1285 1847 Huic
1306 1778 1328 1843 6

73 1861 141 1946 legi
164 1864 274 1926 multis
305 1868 475 1931 nobilibus
505 1867 755 1952 abrogantibus,
779 1890 880 1950 quum
900 1868 1080 1942 tonuisset,
1112 1867 1282 1929 clamavit:

73 1950 166 2019 Iam,
200 1948 327 2032 inquit,
361 1955 427 2013 miri
443 1954 626 2034 quiescitis,
653 1951 877 2051 grandrncbit.
923 1950 1072 2013 Metellus
1093 1886 1328 2021 Numidicus}
1370 1918 1398 1989 ’.-

76 2031 244 2104 exsulare,
277 2056 373 2116 quam
405 2032 535 2106 iurare,
569 2032 694 2094 maluit.
747 2033 961 2106 Saturninus,
991 2035 1093 2096 tertio
1118 2033 1328 2119 Tribunus9

71 2112 183 2259 ξίίθῑιῐε
205 2117 356 2197 refectus,
379 2126 417 2178 ut
437 2116 608 2180 satellitem
630 2138 723 2178 suum
746 2116 913 2179 Glauciam
935 2117 1127 2180 Praetorem
1148 2119 1286 2193 laceret,

113 2197 285 2279 emmium,
309 2200 559 2283 competitorem
584 2200 670 2275 eius,
695 2201 729 2261 iu
749 2222 865 2285 campo
888 2202 1008 2263 Martio
1029 2202 1209 2263 necandum
1224 2222 1288 2265 cu·
1341 2272 1345 2277 ,

76 2281 173 2343 ravit.
218 2282 361 2357 Marius,
382 2283 659 2346 senatusconsulto
681 2294 835 2359 armatus,
859 2307 924 2366 quo
947 2294 1147 2357 censeretur,
1170 2283 1364 2353 danaum„

74 2384 210 2442 operam
233 2365 398 2441 Consules,
421 2366 563 2452 nequid
584 2348 777 2447 Respublica
793 2364 989 2441 ,detrimenti
1011 2376 1155 2450 caperet,
1170 2354 1285 2429 Satur·
1342 2408 1381 2439 „-

74 2448 190 2508 ninum
213 2455 247 2509 et
268 2450 436 2512 Glauciam
456 2451 492 2511 in
513 2450 712 2532 Capitolium
732 2460 920 2531 persecutus
944 2450 1092 2522 obsedit,
1114 2449 1285 2510 maximo-

75 2551 141 2613 que
161 2538 231 2592 astu
254 2529 363 2602 incisis
385 2531 512 2606 fistulis,
535 2531 570 2593 in
590 2531 791 2612 deditionem
813 2533 959 2613 accepit:
983 2553 1043 2599 nec
1066 2529 1184 2591 deditis
1205 2530 1286 2591 fides

73 2621 214 2675 servata.
258 2615 413 2680 Glauciae
438 2616 542 2675 fracta
574 2614 706 2677 cervix:
742 2614 922 2698 Appuleius
956 2637 1056 2696 quum
1082 2612 1128 2673 'iu
1159 2614 1325 2677 curiamrr

72 2697 232 2777 fugisset,
254 2697 418 2778 lapidibus
440 2704 473 2758 et
493 2694 610 2778 tegulis
631 2696 771 2781 desuper
792 2700 984 2760 interfectus
1004 2704 1063 2759 est.
1090 2694 1196 2779 Caput
1215 2698 1326 2763 eiusru

74 2779 231 2842 Rabirius
253 2780 387 2865 quidam
406 2780 546 2843 Senator
565 2800 626 2864 per
645 2781 795 2844 convivia
817 2781 848 2842 in
870 2778 1054 2843 ludibrium
1072 2778 1286 2845 circumtulit.

327 2896 347 2951 ἢ
474 2958 701 3025 CAPUT
741 2958 893 3023 LXXIV.
984 2978 989 2991 ·

320 3080 324 3089 ‘
418 3092 450 3136 u.
478 3092 675 3142 sucrusus
705 3094 941 3141 nncuunus.

115 3224 236 3288 Lucius
265 3224 415 3291 Licinius
438 3224 614 3306 Lucullus,
645 3226 790 3302 nobilis,
819 3228 958 3292 disertus
979 3234 1013 3291 et
1032 3226 1141 3309 dives,
1167 3248 1285 3293 munus

75 3311 300 3392 quaestorium
334 3308 567 3394 amplissimum
600 3313 701 3375 dedit.
745 3313 825 3374 Mox
855 3334 918 3395 per
947 3313 1116 3377 Murenam
1144 3312 1179 3376 in
1208 3313 1329 3380 Asiae

76 3392 208 3455 classem
233 3393 456 3470 Mithridatis,
485 3403 518 3456 et
536 3395 761 3459 Ptolemaeum
785 3417 895 3481 regem
916 3396 1131 3461 Alexandriae
1154 3399 1285 3461 Consuli

74 3476 185 3537 Sullae
206 3477 403 3539 conciliavit.
446 3480 590 3543 Praetor
614 3480 760 3541 Africam
787 3480 962 3542 iustissime
984 3482 1079 3543 rexit.
1122 3480 1285 3545 Adversus
1305 3481 1327 3545 3

76 3558 302 3619 Mithridatem
328 3562 459 3637 missus,
488 3564 646 3648 collegam
668 3585 761 3624 suum
783 3565 913 3627 Cottam
939 3563 1144 3627 Chalcedone
1166 3565 1328 3707 obses-g

74 3664 148 3704 sum
178 3640 341 3705 liberavit.
390 3646 544 3725 Cyzicum
575 3646 748 3709 obsidione
773 3645 883 3709 solvit.
935 3647 1137 3708 Mithridatis
1171 3649 1283 3728 copias

72 3728 168 3789 ferro
191 3733 224 3784 et
240 3725 325 3786 fame
344 3725 488 3802 adflixit}
511 3749 650 3813 eumque
671 3751 772 3813 regno
794 3752 867 3805 suo,
891 3728 925 3791 id
947 3739 1005 3804 est,
1022 3729 1132 3789 Ponto
1148 3729 1283 3810 expulit.
1348 3764 1356 3795 .

72 3812 182 3890 Quem
204 3828 333 3869 rursum
357 3830 431 3872 cum
451 3812 611 3892 Tigrane,
634 3834 711 3895 rege
733 3811 919 3888 Armeniae,
941 3812 1152 3874 subveniente
1171 3832 1285 3894 magna
1306 3807 1327 3873 6

71 3892 234 3958 felicitate
257 3894 433 3973 superarit.
475 3894 605 3957 Nimius
628 3897 660 3957 in
680 3893 814 3959 habitu:
837 3894 976 3957 maxime
996 3897 1165 3978 signorum
1186 3902 1285 3956 etta-
1305 3918 1327 3976 7

72 3976 229 4040 bolarum
259 3982 370 4037 amore
396 3975 554 4057 flagravit.
597 3978 676 4041 Post
704 4000 804 4062 quum
836 3976 972 4039 alienata
1004 3985 1111 4040 mente
1136 3976 1326 4064 desipere8

73 4060 209 4143 coepit,
231 4057 334 4121 tutela
355 4059 425 4122 eius
445 4063 492 4125 Μ.
514 4060 652 4124 Lucullo
674 4062 772 4125 fratri
792 4061 949 4145 permissa
971 4068 1029 4122 est.

478 4186 938 4305 'curnruxxvs

534 4377 564 4416 t..
588 4376 756 4420 coenemus
779 4377 885 4421 SVLLA·

117 4504 288 4569 Cornelios
317 4504 424 4584 Sulla,
458 4508 491 4569 in
522 4509 655 4571 fortuna
689 4507 782 4569 Felix
815 4508 943 4585 dictus,
965 4529 1073 4596 ¹quum
1094 4510 1248 4587 parvulus
1268 4532 1288 4573 s
1315 4580 1320 4587 ,

69 4591 205 4653 nutrico
225 4592 392 4665 ferretur,
415 4592 676 4668 mulier-obvia,
698 4594 802 4669 Saluo,
825 4593 948 4679 inquit,
967 4618 1047 4682 puer
1067 4595 1186 4659 tibist
1206 4598 1301 4657 Rei-

308 4810 367 4915 μς
