2850 4958
101 244 174 327 166
578 246 825 327 aurnum

50 426 56 437 ·
97 410 180 474 lade
197 406 331 479 tlieihiu
350 408 519 495 proiectae
530 454 541 485 ,
568 430 639 473 eam
660 430 793 495 quoque
813 410 979 473 civitatem
1002 430 1078 475 eam
1099 412 1190 498 regie
1209 414 1299 491 fretra

98 495 200 577 cepit.
242 494 308 557 Sed
331 493 390 569 hi,
411 512 495 577 quoe
516 494 551 555 ia
569 492 679 557 Ponto
701 492 855 557 Lucullus
875 493 1078 577 reliquerat,
1109 518 1189 571 cum
1210 519 1298 561 exer·

99 580 184 641 citae
205 586 320 661 parte,
342 587 380 639 ut
399 579 548 660 regiones
569 577 669 640 victae
690 578 756 639 iam
776 578 998 640 Romanorum
1019 589 1217 653 tuerentur,
1245 602 1297 653 ne·

98 658 261 810 gligcnter
281 682 315 724 ee
337 670 369 722 et
389 681 484 721 avare
512 669 664 742 agentes,
696 662 899 723 occasionem
926 661 1045 723 iterum
1066 662 1256 727 Mithridati
1273 666 1298 727 ia

131 752 243 806 catum
273 742 476 825 irrumpendi
498 743 678 817 dederant,
709 754 806 827 atque
829 746 873 805 ita
893 743 1016 806 bellum
1036 756 1233 809 renovatam
1252 756 1298 811 eet.

97 827 235 890 Lucullo
265 831 416 912 paranti,
455 835 549 911 cepta
585 827 715 900 Nisibi,
747 836 863 890 contra
892 827 1007 891 Persae
1044 826 1296 913 expeditionem,

96 932 266 976 successor
287 921 335 972 eet
355 913 481 971 mieeue.
1254 916 1259 927 '

141 994 182 1057 X.
224 994 317 1055 Alter
347 991 519 1065 Lucullus,
550 992 607 1075 qui
638 990 862 1054 Macedoniam
898 992 1169 1069 admiuietrahat,
1208 994 1295 1055 Bessis

98 1078 225 1164 primae
253 1077 475 1138 Romanorum
506 1074 618 1136 intulit
648 1075 791 1151 bellum,
823 1086 921 1159 atque
953 1098 1007 1139 ens
1030 1078 1156 1161 ingenti
1179 1076 1294 1159 proelio

98 1164 135 1225 ln
159 1162 281 1221 Haemo
303 1168 414 1221 monte
433 1160 610 1241 superavit.
654 1158 824 1241 Oppidum
846 1158 1082 1234 Uscudamam,
1111 1163 1203 1243 quod
1223 1160 1294 1223 Beati

99 1242 308 1317 habitabant,
333 1243 445 1304 eodem
467 1243 538 1316 die,
561 1263 626 1325 quo
649 1241 817 1323 adgressus
839 1252 899 1317 eat,
921 1244 1021 1316 vicit3
1045 1243 1192 1325 Cabylen
1206 1244 1294 1327 cepit;

101 1348 205 1409 usque
225 1326 410 1387 Danubium
431 1326 624 1408 penetravit.
670 1324 751 1386 lude
772 1325 889 1387 multas
909 1346 1006 1408 snpra
1026 1325 1170 1387 Pontum
1190 1330 1295 1411 poeitae

99 1412 248 1474 civitatee
269 1408 435 1493 adgressae
459 1417 517 1471 eat.
558 1406 633 1469 Illic
653 1406 865 1489 Apolloniam
887 1410 1025 1483 evertit,
1050 1408 1202 1485 Calatin,
1221 1410 1293 1473 Par-
1340 1426 1342 1435 ⁴

99 1491 318 1575 thenopolin,
341 1494 485 1570 Tpmos,
508 1493 651 1564 Istrum,
672 1492 887 1553 Bureiaonem
909 1492 1018 1575 cepit:
1043 1491 1203 1575 belloque
1223 1515 1294 1555 con-

36 1640 39 1648 ,
101 1579 212 1649 secto,
234 1574 369 1637 Romam
390 1575 500 1637 rediit.
541 1574 647 1635 Ambo
670 1583 777 1635 tamen
799 1575 1105 1657 triumphaverunt:
1140 1576 1294 1649 Lucullus,

101 1660 159 1744 qui
180 1668 294 1721 contra
316 1657 541 1720 Mithridatem
563 1666 784 1741 pugnaverat,
806 1659 924 1719 maiori
946 1657 1074 1742 gloria,
1105 1680 1210 1743 quum
1231 1668 1294 1721 tan-

100 1751 214 1806 torum
235 1762 410 1827 regnorum
434 1743 543 1804 victor
563 1744 710 1804 redimet.
1260 1812 1265 1821 ι

143 1826 202 1887 XI.
235 1826 390 1886 Confecto
413 1824 500 1886 bello
523 1823 759 1899 Macedonico,
780 1832 928 1885 manente
949 1822 1194 1899 Mithridatico,
1210 1820 1294 1908 qood,

99 1908 273 1975 recedente
301 1907 457 1981 Lucullo,
496 1927 555 1969 rex
588 1907 733 1969 collectis
764 1906 893 1968 auxiliis
924 1918 1151 1987 reparaverat,
1189 1908 1294 1969 bellan
1340 1897 1342 1964 ἶ

102 2011 327 2053 caarrcnu
356 1999 465 2051 ortum
488 1998 546 2050 est.
588 1989 639 2050 Aa
661 1989 696 2049 id
716 1989 829 2051 missus
860 1990 1018 2053 Caeciliae
1046 1990 1222 2066 Metellae,
1248 1990 1295 2052 in·

100 2073 251 2159 gentibue
272 2072 409 2155 proeliis
431 2072 516 2133 intra
536 2070 715 2134 triennium
740 2093 866 2133 omnem
888 2072 1091 2152 provinciana
1118 2075 1232 2156 cepit,¹
1248 2093 1296 2155 ap-

101 2156 305 2241 pellatusque
340 2164 388 2215 est
421 2156 582 2217 Creticus.-
619 2164 717 2238 atque
748 2175 786 2215 ex
817 2156 920 2218 insula
951 2156 1179 2237 triumphavit.
1235 2156 1294 2233 Quo
1340 2149 1342 2219 ἶ

101 2248 252 2323 tempore
273 2238 374 2319 Libya
396 2258 529 2321 quoque
549 2236 696 2299 Romano
719 2237 858 2319 imperio
880 2259 941 2324 per
961 2248 1192 2303 testamentum
1207 2238 1295 2321 Apio·
1340 2261 1342 2269 ’

101 2321 263 2465 πίῃιφὲἰ
295 2342 354 2419 rex
384 2324 609 2465 ‘iubtfimb'
642 2320 798 2464 apcgssit:
834 2320 867 2381 in
900 2345 963 2407 qua
994 2319 1137 2385 inclutae
1164 2323 1296 2387 civitatee

142 2428 180 2465 an
207 2451 216 2479 ,
267 2425 393 2465 eremce
482 2423 614 2465 oemaae
639 2424 656 2463 e
740 2422 828 2465 rene.

102 2426 220 2551 exdili.
251 2491 339 2549 Dum
368 2450 449 2549 hdec
475 2494 654 2572 geruntur,
687 2424 873 2547 adeam
907 2486 1014 2547 omnia
1047 2488 1148 2549 marie
1171 2489 1295 2552 infeste·
1341 2564 1342 2571 ἵ

103 2571 184 2635 bant
204 2572 266 2645 ita,
289 2580 332 2632 ut
346 2571 506 2654 navigatio
529 2569 701 2643 llomanie,
723 2577 796 2629 toto
820 2568 901 2629 orbe
922 2570 1125 2645 victoribus,
1149 2571 1220 2633 sola
1239 2580 1294 2633 tata

103 2675 171 2715 non
193 2662 286 2715 eseet.
329 2655 438 2731 Quare
460 2653 493 2714 id
513 2651 635 2714 bellum
659 2654 715 2715 Cn.
738 2652 898 2732 Pompeio
924 2653 1089 2713 decretum
1123 2665 1193 2729 est;
1224 2650 1296 2739 quod

104 2736 192 2798 intra
220 2757 341 2819 paucos
370 2757 514 2809 menses,
550 2736 672 2817 ingenti
703 2735 860 2795 felicitate
895 2744 927 2795 et
957 2735 1125 2796 celeritate
1156 2738 1297 2803 confecit.
1340 2732 1342 2791 j

104 2818 185 2883 Mox
205 2821 234 2880 ei
258 2819 397 2883 delatum
419 2819 539 2880 bellum
560 2822 657 2880 etiam
679 2828 792 2879 contra
817 2837 926 2896 regem
953 2818 1166 2881 Mithridaten
1190 2831 1223 2882 et
1243 2821 1296 2889 'li-
1340 2875 1342 2884 ⁴

104 2922 227 2985 granea
242 2924 249 2964 ε
281 2923 347 2986 qno
370 2912 532 2984 suscepto,
554 2900 766 2963 Mithridaten
787 2901 820 2960 in
834 2901 987 2962 Armenia
1003 2901 1131 2963 minore
1146 2916 1297 2968 nocturno

105 2984 236 3069 proelio
257 2987 358 3059 vicit,
382 2995 485 3046 caetra
507 2985 667 3065 diripuit3
694 2982 908 3067 quadraginta
927 2983 1071 3045 millihue
1096 2987 1165 3047 eiae
1183 2988 1303 3061 occieie,

104 3066 372 3213 ngptidtantum
402 3068 444 3129 de
474 3070 618 3210 exercipu
643 3088 706 3210 'luo
730 3065 896 3211 ptergidip),
929 3075 961 3127 et
986 3065 1300 3211 duppbcenturionee·

106 3162 329 3317 mhltdlpaddts,
345 3170 788 3316 edaldrsxidrduodgdadeidet,
817 3158 1302 3321 gzassaecigpllfitliptguiflneffi

107 3316 228 3385 milites
258 3313 418 3376 seditione
445 3314 489 3380 ad
517 3325 656 3376 mortem
684 3322 832 3388 coactus,
864 3336 1021 3377 venenum
1051 3316 1172 3381 hausit.
1218 3324 1301 3385 Hunc

107 3397 205 3460 finem
235 3396 350 3457 hahuit
378 3395 597 3457 Mithridates.
638 3394 744 3456 Periit
770 3407 876 3457 autem
906 3398 993 3479 apud
1026 3401 1227 3484 Bosporum,
1259 3402 1303 3465 vir

108 3477 248 3563 ingentie
279 3477 457 3539 industriae
487 3478 700 3560 consiliique:
732 3478 878 3560 regnavit
901 3482 991 3543 annis
1014 3485 1204 3568 sexaginta,
1230 3485 1304 3549 vixit

109 3561 313 3708 zptaaggnte
337 3560 484 3625 duobus:
510 3570 625 3623 contra
648 3560 810 3623 Romanoa
831 3560 954 3627 bellum
975 3564 1091 3628 habuit
1111 3570 1205 3634 annia
1229 3592 1307 3654 que·

152 3667 225 3706 aaa
263 3690 271 3705 .

152 3664 245 3791 ΧΒΙΙΙ.
279 3726 411 3812 Tigrani
443 3722 559 3787 deinde
586 3726 763 3810 Pompeiae
786 3726 908 3791 hellam
934 3727 1055 3795 intulit.
1096 3732 1158 3798 llle
1188 3757 1223 3797 ee
1246 3736 1305 3799 de·

111 3809 215 3886 didit,
241 3819 273 3873 et
294 3812 327 3875 in
351 3818 455 3873 caetra
476 3808 625 3893 Pompeii
650 3819 740 3873 sexto
766 3806 893 3873 decimo
913 3812 1067 3877 milliario
1092 3817 1133 3879 ab
1153 3818 1304 3881 Artaxata

109 3896 216 3955 venit:
248 3916 285 3956 ac
316 3892 461 3967 diadema
484 3914 598 3967 suum,
628 3916 727 3977 quum
753 3895 981 3976 procubuisset
1004 3898 1043 3959 ad
1069 3920 1174 3982 genua
1203 3902 1304 3965 Pom·

126 3976 201 4050 eii,
226 3976 260 4036 in
284 3977 431 4039 manibus
456 3974 524 4039 eiae
550 3976 743 4041 collocavit:
774 3977 863 4060 quod
888 3980 917 4040 ei
941 3979 1118 4063 Pompeius
1142 3984 1309 4071 reposuit,
1340 3970 1342 4011 ¹

110 3995 357 4141 honorificeque
390 4080 462 4121 eum
492 4058 659 4132 habitum,
695 4060 785 4142 regni
820 4070 925 4123 tamen
957 4073 1050 4144 parte
1084 4067 1255 4145 multavit,
1278 4076 1309 4133 et

112 4142 225 4227 grandi
258 4142 407 4221 pecunia.
459 4141 594 4205 Ademta
629 4148 676 4201 est
708 4143 737 4202 ei
765 4140 882 4224 Syria,
917 4144 1103 4222 Phoenice,
1136 4144 1307 4235 Sophene:

111 4246 167 4285 eex
191 4221 290 4285 millia
314 4234 480 4305 praeterea
505 4224 700 4285 talentorum
727 4226 872 4309 argenti,
905 4250 987 4311 quae
1010 4233 1135 4311 populo
1163 4234 1307 4297 Romano

113 4305 224 4379 deret,
249 4306 323 4391 quia
348 4306 468 4369 bellum
492 4306 562 4367 eine
581 4328 692 4369 caussa
717 4306 868 4370 ilonaanis
891 4314 1128 4389 cummovieset.
1312 4382 1315 4387 ,

154 4389 244 4453 XIV.
273 4389 447 4471 Pompeiae
470 4407 546 4449 mox
569 4390 665 4451 etiam
687 4388 819 4452 Albanis
842 4392 961 4454 bellum
987 4396 1117 4473 intulit,
1145 4410 1309 4465 eteorum

110 4495 220 4559 regem
255 4472 388 4535 Oroden
421 4480 473 4533 ter
507 4471 596 4533 vicit.
646 4472 817 4555 Postremo
851 4497 912 4553 prr
942 4479 1093 4560 epistolae
1120 4492 1152 4545 ot
1177 4504 1309 4549 munere

109 4564 265 4640 rogatae,
289 4554 413 4617 veniam
435 4554 465 4633 ei
490 4574 529 4617 eo
550 4576 664 4639 paoem
685 4552 786 4627 dedit.
828 4557 957 4623 lheriae
972 4584 1103 4648 quoque
1117 4588 1231 4653 regem
1246 4566 1311 4646 Aa·
