2850 4958
509 274 656 358 mana
684 272 911 355 cccmus.
1218 275 1311 387 ‚¹⁵2

102 441 244 511 Romam
273 439 394 541 rediit,
423 439 545 538 ingenti
575 439 681 525 gloria
701 439 937 538 triumphavit,
959 445 1059 525 ptqne,
1075 436 1247 535 Africanus
1268 456 1314 500 ex·

101 524 339 692 {hillidii
351 532 614 670 tttittt.
633 523 932 691 illitiftti.
945 521 1121 690 titii?
1147 520 1308 651 mm

440 801 621 887 mann
665 800 978 904 camenas.

97 1015 130 1079 1.
156 934 378 1097 Transactc
412 1015 539 1078 Punico
574 1014 688 1091 bello,
723 1025 871 1085 secutum
904 1024 953 1080 est
986 1016 1309 1081 nucenoamccu

99 1110 221 1163 contra
242 1100 432 1182 Philippum
453 1120 575 1184 regem.
1381 1176 1384 1181 ῃ

143 1184 190 1245 11.
225 1183 489 1264 Quingentesimc
521 1191 554 1245 et
583 1183 850 1267 quinquagesimo
881 1183 990 1267 primo
1021 1205 1104 1246 anno
1140 1184 1180 1249 ab
1205 1186 1309 1249 Urbe

99 1266 257 1339 condita,
290 1267 330 1327 Τ.
361 1265 534 1344 Quinctius
564 1266 765 1331 Flamininus
794 1267 944 1329 adversus
963 1266 1155 1349 Philippum
1183 1265 1310 1353 [negem

99 1349 248 1411 mittitur
261 1351 286 1430 ε]
308 1369 377 1410 rem
397 1368 557 1431 prospere
576 1349 685 1434 gessit.
726 1350 795 1412 Pax
816 1351 846 1412 ei
868 1349 942 1411 data
964 1350 1082 1415 acthis
1102 1350 1247 1432 legibus,
1269 1373 1309 1411 ne

102 1436 265 1493 Graeciae
286 1432 485 1504 civitatibus,
506 1453 586 1514 quas
606 1436 751 1494 Romani
769 1445 885 1495 cantra
906 1453 977 1493 eum
997 1432 1216 1513 defenderant,
1238 1434 1310 1494 bel·-

98 1514 170 1575 lum
191 1514 344 1594 irfferret:
372 1525 409 1573 at
433 1519 577 1595 captivas
603 1526 637 1575 et
664 1517 853 1598 transfugas
881 1514 1046 1576 redderet:
1075 1519 1310 1598 quinquaginta

99 1596 208 1659 colum
229 1616 334 1661 naues·
348 1593 500 1668 haberet,
531 1597 672 1680 reliquae
691 1602 849 1661 Romame
868 1596 982 1657 daret:
997 1620 1058 1678 per
1078 1601 1308 1659 annas'decem

99 1690 264 1763 quaterna
282 1679 387 1746 millia
401 1679 509 1760 pondo
530 1684 663 1761 argenti
678 1692 875 1761 praestaret,
897 1690 930 1739 et
950 1679 1088 1741 absalem
1101 1679 1309 1758 daretfiliam

95 1784 195 1825 suum
213 1766 425 1826 Demetrium.
467 1761 507 1820 Τ.
530 1763 703 1839 Quinctius
725 1762 823 1829 etiam
835 1761 1096 1825 Lacedaemoniis
1111 1762 1222 1835 intulit
1234 1761 1310 1825 bela

79 1842 192 1921 jum:
215 1843 329 1905 ducem
351 1864 464 1904 eccum
485 1844 646 1909 Nabidem
666 1845 766 1917 vicit,
789 1853 842 1918 et,
865 1844 983 1926 quibus
1005 1844 1113 1907 voluit
1132 1847 1308 1908 conditio·-

99 1926 220 2000 nibus,
247 1927 281 1989 in
303 1927 398 1991 fidem
419 1928 556 2006 accepit.
600 1928 727 2010 Ingenti
748 1926 854 2008 gloria
875 1928 968 1989 duxit
988 1935 1061 1989 ante
1082 1948 1214 1993 currum
1236 1951 1307 1991 no·-

97 2008 278 2159 dfiilpppp'lmcs
302 2007 450 2083 obsides,
480 2011 708 2087 Demetrium,
737 2009 887 2094 Philippi
913 2010 1037 2084 lilium,
1073 2019 1106 2073 et
1132 2010 1307 2075 Armenem

133 2114 150 2151 a
179 2115 188 2151 t
214 2114 250 2162 is.
593 2129 595 2133 ⁴
764 2132 767 2137 -
1353 2112 1357 2119 ·

144 2175 207 2236 ΙΙΙ.
247 2176 424 2236 Transacto
455 2174 543 2239 hello
573 2174 786 2241 Macedonico
817 2182 963 2237 secutum
998 2181 1045 2237 est
1080 2195 1306 2243 stntacaat

99 2266 217 2321 contra
251 2257 451 2329 Antiochum
485 2277 614 2342 regem,
648 2258 687 2321 P.
725 2258 878 2325 Cornelio
910 2257 1086 2337 Scipione,
1117 2260 1174 2320 M?
1195 2258 1304 2320 Acilio

100 2339 282 2409 Glabrione
304 2341 392 2402 Coss.
435 2340 523 2402 Huic
542 2338 706 2409 Antiocho
728 2340 891 2409 Hannibal
911 2361 945 2402 se
966 2340 1135 2413 iunxerat3
1161 2341 1306 2403 Cartha-

123 2424 133 2485 i
158 2444 225 2495 esst,
246 2423 386 2502 patriam
407 2444 509 2494 suam,
530 2430 632 2496 metu,
653 2445 694 2487 ne
714 2422 867 2493 Romania
888 2420 1085 2497 traderetur,
1106 2422 1303 2506 relinquens.

93 2445 160 2571 Sl?
180 2505 302 2568 Acilius
322 2503 459 2567 Glabrio
482 2507 516 2569 in
536 2503 659 2570 Achaia
681 2504 765 2575 bene
792 2505 967 2589 pugnavit:
1002 2513 1105 2566 eastra
1127 2507 1212 2586 regis
1233 2505 1306 2568 An-

96 2588 207 2652 tiochi
227 2596 388 2648 nocturna
408 2609 516 2671 pugna
538 2594 631 2667 capta
652 2598 743 2663 sunt,
764 2588 833 2670 ipse
854 2591 994 2672 iugatae.
1026 2587 1204 2669 ¹Philippo,
1227 2590 1307 2674 quia

95 2680 217 2742 contra
237 2668 435 2736 Antiochum
454 2671 609 2739 Romania
627 2670 748 2737 auxilio
769 2670 895 2745 inisset,
920 2669 1004 2741 filius
1025 2671 1211 2736 Demetrius
1224 2671 1306 2735 red·-

102 2753 193 2815 ditus
213 2758 272 2813 est.
642 2804 645 2808 .
1004 2762 1007 2767 ·

144 2834 206 2895 IV.
236 2834 273 2905 I...
298 2832 451 2895 Cornelio
477 2832 655 2916 Scipione,
687 2834 723 2895 C.
745 2830 856 2893 Laelio
883 2832 1110 2917 Coss..Scipio
1130 2834 1304 2902 Africanus

93 2918 197 2993 fratri
229 2937 288 2980 suc
321 2916 360 2985 L·
382 2916 534 2979 Cornelio
565 2915 714 2994 Scipioni
736 2904 1027 2998 Contuli-hegowe
1048 2924 1162 2981 contra
1182 2920 1305 2982 Antio-

94 3000 198 3063 chum
219 3001 387 3083 profectun
410 3007 468 3061 est.
510 2996 691 3071 Hannibal,
718 2997 775 3078 qui
804 3018 878 3057 cum
898 2997 1063 3063 Antiocho
1090 3004 1176 3070 erat,
1198 3002 1304 3064 navali

92 3084 229 3175 proelio
252 3083 356 3151 victus
378 3089 436 3144 ent.
466 3081 553 3163 ,Ipse
573 3090 687 3162 postea
708 3077 891 3144 Antiochus
912 3080 998 3149 circa
1013 3075 1161 3165 Sipylum
1176 3078 1215 3139 ad
1230 3083 1306 3141 Ma-

73 3166 263 3252 ·gnesiam,
295 3163 391 3231 Asiae
424 3163 607 3235 civitatem,
639 3185 657 3225 a
687 3161 762 3224 Cos.
799 3160 952 3229 Cornelio
991 3160 1146 3242 Scipione
1180 3161 1305 3245 ingenti

90 3248 227 3335 proelio
258 3249 361 3321 fusus.
409 3244 542 3315 Auxilio
571 3245 638 3306 fuit
663 3243 817 3310 Romanis
850 3244 884 3307 in
914 3266 952 3307 ea
980 3266 1088 3327 pugna
1122 3240 1302 3327 Eumenes„

92 3330 200 3403 ¹Attali
221 3331 308 3414 regis
327 3332 450 3404 irater,
473 3329 530 3411 qui
551 3327 743 3398 Eumenicae
763 3327 797 3389 in
816 3327 963 3411 Phrygia
984 3324 1142 3388 condidit.
1185 3328 1305 3391 Lmil-

91 3412 142 3489 lia
169 3413 336 3496 peditum,
362 3411 413 3479 111
444 3412 591 3495 equitum
618 3432 656 3479 ec
689 3410 867 3475 certemine
897 3430 936 3471 ex
963 3410 1058 3492 pnite
1087 3412 1172 3491 regis
1195 3412 1303 3474 occisa
1412 3411 1418 3423 “

92 3504 183 3559 eunt.
228 3496 312 3557 Tum
340 3496 399 3556 'rex
426 3491 608 3556 Antiochea
631 3512 744 3576 pacem
767 3494 885 3576 petiii3
916 3493 1031 3555 iisdem
1056 3495 1301 3557 conditionibus

94 3576 197 3640 datur
217 3600 235 3638 a
255 3576 392 3651 Senatu,
425 3598 621 3659 quamquam
649 3576 755 3649 victo,
788 3577 907 3659 quibua
930 3587 1003 3637 ante
1028 3575 1243 3639 offerebatur:
1264 3587 1302 3638 ut

95 3678 141 3721 ex
159 3660 297 3743 Europa¹
315 3669 347 3721 et
368 3658 445 3720 Asia'
463 3658 647 3735 recederet,
670 3665 767 3741 atque
788 3660 874 3721 intra
895 3657 1040 3723 Taunum
1056 3676 1091 3716 se
1105 3661 1300 3730 contineret,

93 3740 131 3807 X
158 3742 261 3805 millia
290 3742 504 3804 talentorum·
526 3748 559 3803 et
592 3742 655 3801 XX
686 3738 816 3801 obsides
845 3742 1036 3821 praeberet,
1068 3738 1299 3812 Hannibalem,

93 3826 335 3887 concitatorem
359 3822 455 3896 belli,
485 3822 630 3886 dederet.
671 3819 808 3883 Eumeni
836 3821 908 3902 regi
934 3823 1072 3882 donatms
1091 3828 1166 3880 sunt
1191 3840 1300 3883 omnes

93 3906 194 3970 Asiae
222 3908 391 3981 civitates,
424 3925 503 3988 quae
532 3902 715 3967 Antiochus
745 3899 833 3963 hello
857 3903 1065 3978 perdideram
1089 3912 1121 3963 et
1141 3901 1297 3979 Rhodiil,

95 3990 155 4073 qui
178 3990 334 4052 auxilium
353 3988 507 4050 Romanis
528 3996 644 4049 contra
666 4005 776 4069 negem
791 3983 991 4045 Antiochum
1005 3982 1160 4058 tulerant,
1179 3985 1300 4048 multae

90 4074 195 4151 ¹tisbes
217 4092 388 4134 concessae
407 4078 493 4131 suut.
535 4069 648 4152 Scipio
670 4069 806 4130 Romam
827 4063 945 4139 rediit,
968 4064 1089 4148 ingenti
1115 4067 1300 4149 gloriatui-

82 4155 287 4233 ”lmphavitz
323 4173 442 4214 nomen
473 4159 506 4212 et
534 4152 622 4233 ipse,
653 4150 692 4211 ad
724 4148 939 4210 imitationem
969 4148 1100 4233 fratria,
1134 4150 1298 4233 Asiagenis

93 4237 265 4319 [Asiatici]
282 4236 419 4318 accepit,
442 4234 533 4315 [quia
547 4233 657 4293 Asiam
671 4232 812 4293 vicenatt
834 4230 918 4291 sicot
930 4229 1033 4292 irater
1047 4231 1146 4315 ipiiue
1160 4241 1298 4315 propter

91 4319 243 4383 Africam
264 4319 418 4380 domitam
443 4316 615 4377 Africanus
638 4312 892 4396 appellabatur]

141 4401 185 4460 V.
215 4399 335 4482 Spurio
365 4398 536 4460 Postumio
572 4396 710 4468 Albino,
739 4396 781 4473 Q.
805 4396 930 4456 Marcio
958 4392 1117 4477 Philippo
1140 4394 1226 4456 Coss.
1250 4396 1297 4462 M.

93 4483 231 4547 Fulvius
253 4482 293 4544 de
319 4502 501 4553 annonis
525 4476 753 4560 triumphavit.
797 4475 969 4550 Hannibal,
992 4477 1047 4557 qni
1069 4479 1155 4539 victo
1178 4474 1299 4537 Antic-

93 4568 183 4642 ehc,
216 4584 259 4627 ne
288 4564 440 4631 Romanis
463 4562 670 4636 tradebatur,
702 4558 743 4622 ad
769 4558 936 4635 Prusiam,
966 4560 1139 4645 bithyniae
1167 4582 1309 4643 cenem,
