2850 4958
175 266 225 372 9⁶
568 206 996 361 aaaamnoa

131 462 151 503 a
172 438 261 522 Ergo
283 436 401 499 Fulvio
434 430 604 498 Nobiliori
630 433 779 497 mandata
809 435 893 499 uitio
926 445 986 500 est.
1028 433 1093 497 llio
1116 432 1280 516 protinus
1302 444 1382 499 cart

130 522 276 605 Agentis
298 518 527 590 Ambracium,
551 518 673 603 regiam
694 516 837 602 Pyrrhi,
859 518 1018 587 machinis
1041 519 1159 601 quatit.
1190 516 1318 583 Secuta
1338 452 1382 583 Aa·

173 605 256 667 ditio
280 612 337 665 est.
381 600 527 662 Aderant
547 602 741 664 Aetolorum
764 600 918 687 precihus
942 601 1063 675 Attici,
1088 598 1232 663 Rhodii:
1264 613 1301 667 et
1320 626 1381 667 ms·

129 688 367 769 dmineramus
392 683 516 744 auxilii.
549 684 604 746 Sic
633 685 759 768 placuit
786 684 795 747 i
819 708 966 749 noscere.
1008 684 1135 765 Serpsit
1154 694 1271 747 tamen
1299 680 1380 751 iatius

173 770 205 833 in
228 771 398 852 proximos
419 765 563 842 bellum,
585 789 780 851 omnemque
798 709 865 833 iate
888 768 1147 854 Cephalleniam,
1175 764 1379 853 Zacynthon,

62 896 67 905 ·
178 861 212 916 et
237 852 397 935 quidquid
426 845 603 912 insularum
630 853 663 912 in
689 874 727 913 eo
760 853 841 915 mari
870 854 958 916 inter
988 850 1165 916 Ceraunios
1186 862 1324 917 montes
1341 848 1381 917 is-

171 959 314 1025 gumque
335 935 498 1009 Maleum,
521 933 664 997 Aetolici
686 934 766 998 belli
788 936 929 1000 accessio
951 938 1097 1001 fuerunt.

621 1110 850 1181 CAPUT
889 1112 937 1181 Xe

555 1270 723 1313 annuunt
754 1260 1017 1314 arararcuu.

136 1419 152 1463 1
218 1395 324 1459 Histri
337 1402 529 1478 sequuntur
550 1393 706 1459 Aetolos:
729 1397 854 1481 quippe
872 1396 1032 1460 bellantes
1053 1418 1108 1461 eos
1129 1416 1241 1483 nuper
1261 1394 1388 1463 autmo-
1419 1424 1421 1461 ι

173 1488 272 1543 rant:
305 1489 338 1542 et
365 1480 459 1542 initia
485 1501 614 1562 pugnae
640 1498 800 1563 prospera
819 1480 907 1543 hosti
929 1484 1076 1555 fuerant,
1099 1482 1282 1566 eademque
1303 1480 1379 1545 estut

31 1604 40 1617 ·
130 1584 298 1629 recussa.
341 1564 423 1625 Nam
446 1586 546 1646 quum
569 1564 791 1626 Cnaeihlullii
812 1564 958 1645 [Manlii]
981 1574 1085 1626 castra
1108 1568 1286 1648 cepissent,
1310 1566 1378 1649 opi·
1418 1591 1421 1626 a

172 1669 307 1732 uiaeque
328 1647 469 1729 praedae
490 1647 700 1719 incubarent,
725 1648 891 1731 epulantes
910 1670 947 1710 ac
967 1646 1167 1710 ludibundos
1189 1648 1377 1733 plerosque,
1418 1671 1421 1711 :

172 1741 250 1805 aut,
274 1731 330 1792 ubi
354 1740 476 1803 essent,
497 1749 578 1813 prae
598 1730 728 1814 poculis
749 1732 949 1804 nescientes,
972 1732 1099 1814 Appius
1119 1730 1271 1795 Pulcher
1292 1735 1376 1795 insa·—
1419 1772 1421 1785 ·

130 1813 234 1879 odit.
276 1814 332 1876 Sic
354 1836 428 1877 cum
449 1814 604 1896 sanguine
625 1823 658 1874 et
678 1816 799 1897 spiritu
820 1813 905 1875 male
924 1824 1051 1896 partam
1071 1832 1269 1878 revomuere
1283 1816 1379 1878 ricto·
1416 1837 1421 1875 ι

173 1897 268 1959 riam.
312 1898 386 1979 lpse
408 1917 466 1958 rex
486 1896 635 1979 Aepulo,
660 1918 743 1980 equo
767 1897 953 1980 impositus,
979 1920 1081 1981 quum
1100 1897 1240 1960 subinde
1260 1892 1378 1983 crepuit
1417 1924 1421 1955 ε

172 1988 206 2043 et
226 1979 344 2063 capitis
375 2000 490 2041 errore
518 1979 676 2058 lapsaret,
700 1989 832 2065 captum
855 2000 923 2042 sese
944 1981 999 2044 rix
1021 1992 1054 2045 et
1075 2000 1193 2067 aegre,
1215 1992 1378 2069 postqum
1418 2006 1421 2013 ·

170 2071 381 2146 experrectus
404 2071 473 2137 est,
496 2060 626 2137 didicd.

612 2240 841 2306 CAPUT
882 2244 942 2307 XI.

582 2396 706 2445 BELLUM
728 2395 992 2446 cluanensem.

135 2553 150 2597 r
217 2528 479 2617 Gallograeciam
510 2552 642 2617 quoque
669 2532 796 2616 Syriaci
827 2526 907 2597 beili
938 2533 1031 2595 ruina
1061 2522 1212 2594 insolvit.
1256 2524 1380 2607 Fuerint
1416 2586 1421 2595 .

176 2616 264 2680 inter
296 2613 415 2679 auxilia
448 2617 535 2701 regis
563 2616 744 2693 Antiochi,
773 2639 812 2678 an
840 2618 979 2700 rupidus
1001 2615 1160 2701 triumphi
1183 2612 1379 2699 Mallinseot
1412 2670 1421 2699 ,

137 2720 156 2762 a
177 2702 264 2761 risos
285 2696 507 2773 simulaverit,
539 2698 675 2761 dubium
698 2694 790 2781 [est].
834 2699 930 2763 Certe
951 2709 1086 2782 negatus
1108 2707 1156 2761 est
1176 2698 1302 2763 victori
1320 2698 1378 2761 tri·

136 2777 230 2845 bum
257 2782 337 2855 hur,
369 2780 446 2865 quia
476 2803 620 2845 caussam
656 2776 736 2849 helii
765 2806 831 2845 non
865 2780 1074 2867 approbavit.
1128 2783 1283 2845 Ceterum
1316 2798 1379 2868 gent

174 2806 484 2947 Galiograecorum',
516 2861 621 3010 fisicut
656 2862 927 2951 ipsum'nomem
958 2864 1081 2929 indicio
1114 2859 1196 2945 est‚]
1227 2867 1380 2929 mixtaet

172 2946 352 3033 adulterata
376 2958 439 3011 est:
465 2944 514 3030 [in
540 2954 572 3031 e]
595 2944 755 3036 reliquiae
777 2951 966 3024 Gallorum,
989 2945 1047 3034 qui
1074 2943 1134 3011 snb
1155 2950 1290 3029 Brenno·
1309 2948 1380 3011 dues
1414 3005 1421 3037 r

173 3042 375 3097 vastaverant
406 3027 598 3095 Graeciam:
632 3056 710 3097 mox
742 3034 915 3095 Orientem
951 3034 1072 3107 secuti,
1107 3032 1140 3093 in
1167 3028 1276 3095 media
1298 3032 1380 3095 sau

132 3119 154 3195 4
173 3122 268 3202 parte
296 3116 461 3178 sederunt.
506 3118 621 3202 ltaque
648 3128 686 3179 ut
705 3121 837 3199 frugum
860 3118 980 3181 semina
1002 3124 1126 3177 mutato
1148 3112 1219 3177 solo
1243 3115 1381 3201 degene-

173 3210 267 3276 rant,
290 3200 337 3261 sic
360 3198 414 3261 illa
438 3203 577 3282 genuina
599 3196 712 3263 feritas
736 3222 848 3262 eorum
878 3198 1021 3260 Asiatica
1044 3196 1240 3261 amoenitate
1262 3198 1383 3261 mollin

131 3278 233 3363 best.
277 3278 416 3344 Duobus
446 3281 490 3347 ita
518 3306 558 3345 ue
587 3276 726 3366 proeliis
757 3284 822 3345 iusi
850 3277 1020 3365 fugatique
1041 3290 1135 3345 sunt:
1162 3284 1312 3364 quamvis
1330 3280 1382 3345 snb

143 3392 149 3407 ·
176 3366 316 3427 adventu
337 3361 443 3425 hostis
465 3308 589 3428 relictis
612 3364 762 3440 sedibus,
787 3367 819 3427 in
841 3364 1015 3427 altissimos
1036 3388 1069 3428 se
1091 3372 1217 3426 montes
1231 3366 1383 3451 recepis-

118 3478 122 3485 ·
171 3454 267 3519 sent,
299 3440 511 3530 Tolistobogi
544 3446 744 3527 Olympum,
778 3442 950 3531 Tectosagi
988 3444 1157 3533 Magabam
1193 3448 1383 3519 insederant.

175 3526 353 3611 Utrimque
375 3526 484 3589 fundis
506 3526 697 3611 sagittisque
719 3531 807 3605 acti,
830 3531 862 3592 in
884 3535 1131 3615 perpetuam'se
1150 3552 1266 3614 pacem
1290 3532 1385 3595 dedi·

135 3609 307 3683 bderunt.
355 3606 419 3675 Sed
456 3609 580 3697 alligati
612 3610 771 3675 miraculo
804 3616 944 3697 quodam
980 3618 1090 3690 suere,
1128 3637 1226 3697 quum
1263 3626 1386 3679 catenes

176 3694 340 3759 morsibus
372 3702 405 3758 et
437 3718 495 3758 ore
524 3699 722 3773 tentassent,
759 3720 860 3783 quum
892 3696 1076 3762 offocandas
1109 3698 1247 3782 invicem
1283 3702 1387 3763 fanon

76 3780 79 3786 '
134 3776 413 3866 7spraebuissent.
454 3776 536 3841 Nam
569 3776 777 3864 Ortiagontis
803 3780 890 3866 regis
921 3801 1029 3859 uxor,
1058 3782 1390 3845 aCenturioniestn-

116 3926 119 3933 ,
176 3864 409 3946 prum'passa‚
432 3862 641 3926 memorabili
664 3864 812 3950 exemplo
841 3860 1024 3932 custodiam
1048 3867 1169 3941 erasit,
1201 3866 1389 3931 rorabim-

178 3966 243 4029 ,que
262 3946 377 4017 militis
398 3956 497 4031 capus
516 3946 558 4011 ad
578 3945 732 4012 maritum
752 3946 879 4013 retulit.
921 3978 924 3983 ·

567 4106 950 4197 leaenam.

377 4266 397 4285 ''
492 4230 615 4329 simin
636 4248 869 4329 uscanoarcurs
889 4282 1070 4331 scenarum.

139 4441 155 4485 r
218 4422 305 4485 Dum
336 4417 418 4482 alise
447 4412 732 4503 aliaeqne'gentes
760 4402 885 4501 Syriaci
914 4418 996 4483 belii
1027 4422 1209 4504 sequuntur
1238 4421 1389 4497 ruinam,

139 4526 158 4568 a
179 4502 370 4573 Macedonia
392 4524 426 4566 se
445 4522 559 4573 rursus
590 4498 705 4565 erexit.
748 4494 976 4563 Fortissimum
997 4502 1156 4589 populum
1178 4509 1393 4577 memoriast

165 4585 369 4650 'recordatio
379 4604 382 4609 ·
391 4606 468 4652 suae
487 4581 676 4677 nobilitatis¹
690 4582 853 4671 agitabat:
877 4588 910 4650 et
922 4594 1119 4651 successerat
1132 4580 1292 4679 Philippo
1307 4592 1392 4677 iilius
