2850 4958
453 272 601 349 naaa
634 272 868 353 uncinus.
993 378 996 383 ,
1192 280 1266 383 aa,

87 432 146 505 tct'
165 434 364 501 claruerunt.
405 439 560 503 Militaris
590 441 717 526 gloriae
745 438 1045 526 appetentissimus,
1069 446 1202 509 fortuna
1225 449 1260 511 in

95 522 149 587 llis
177 540 336 605 prospera
350 538 354 545 ’
368 522 432 583 fuit
444 570 453 598 ,
482 545 595 586 veram
618 528 684 601 ita,
718 535 754 587 ut
775 546 843 587 non
863 536 1032 607 superarat
1054 529 1259 593 industriam.

106 630 136 669 sn
159 608 257 668 etiam
280 605 428 679 Gothos,
457 617 534 689 post
555 607 652 669 civile
673 609 816 682 bellum,
841 607 931 671 rarie
951 610 1159 691 profligavit,
1183 636 1263 696 paco

126 690 166 753 ad
186 698 389 771 postremum
413 692 507 759 (lata,
532 691 760 775 ingentemque
781 691 868 773 apud
888 694 1044 755 barbaras
1064 706 1173 776 gentes
1193 719 1265 760 me-

110 775 179 835 riae
199 773 336 854 gratiam
357 774 544 835 collocavit.
588 776 745 836 Civilibus
768 776 894 836 artibus
916 785 949 837 et
971 775 1162 842 liberalibus
1185 789 1265 841 stu-

102 856 286 929 sdeditus3
309 854 492 917 adfectator
513 859 589 919 iusti
612 860 756 933 amoris,
789 880 884 941 quem
908 860 948 921 ab
972 862 1122 921 omnibus
1144 863 1206 925 sibi
1232 873 1264 925 et

21 960 42 1004 a
103 940 250 1002 eralitato
280 948 314 1000 et
342 938 512 1001 docilitate
539 944 709 1024 quaesivit.
754 942 847 1003 Sicut
880 944 912 1003 in
943 944 1116 1005 nonnullos
1142 948 1265 1008 amicos

10 1036 12 1041 '
36 1021 49 1057 -“
100 1023 194 1097 bius,
217 1024 263 1084 ita
284 1022 318 1083 in
339 1022 486 1106 reliquos
509 1025 678 1107 egregius:
711 1025 795 1086 nihil
816 1027 1025 1087 occasionum
1046 1031 1264 1110 praetermit-

109 1127 145 1182 s,
168 1128 235 1190 quo
259 1127 278 1167 o
306 1104 483 1167 alentiores
505 1128 561 1168 eos
582 1108 803 1191 clarioresque
822 1119 1014 1190 praestaret.

95 1190 192 1256 Vlll.
225 1127 344 1251 Multas
365 1188 451 1274 leges
472 1190 617 1273 rogavit,
641 1190 792 1274 quasdam
817 1213 855 1253 ex
878 1195 968 1254 bono
991 1201 1023 1252 et
1044 1215 1166 1279 aequo,
1187 1195 1264 1276 ple‹l

91 1294 171 1359 sque
191 1272 392 1356 superfluas,
413 1274 584 1337 nonnullas
605 1296 743 1337 severas.
779 1275 975 1359 Primusque
992 1277 1107 1338 urbem
1122 1279 1264 1339 nominis

43 1358 104 1421 bui
126 1357 167 1420 ad
188 1365 314 1418 tantum
334 1356 499 1440 fastigium
527 1359 664 1420 evehere
691 1356 825 1419 molitus
846 1367 914 1427 est,
947 1368 985 1421 ut
1003 1359 1125 1422 Romae
1145 1382 1265 1421 aemu-

43 1440 120 1505 lam
140 1442 273 1503 faceret.
318 1439 443 1500 Bellum
465 1440 615 1504 adversus
635 1441 777 1503 Parthos
798 1442 958 1514 moliens,
982 1445 1038 1525 qui
1062 1445 1125 1503 iam
1147 1445 1264 1504 Meso-

41 1525 234 1609 potamiam
262 1522 465 1606 fatigabant,
496 1544 563 1585 ano
594 1533 625 1586 et
652 1525 822 1607 trigesimo
852 1546 937 1585 anno
965 1526 1118 1609 imperii,
1150 1527 1266 1589 aetatis

10 1615 147 1669 ²'sexto
181 1616 215 1667 et
241 1606 461 1689 sexagesimo,
494 1607 705 1668 Nicomediae
730 1607 765 1667 in
795 1606 870 1667 villa
895 1608 1027 1688 publica
1049 1609 1145 1669 obiit.
1188 1612 1264 1669 De-

40 1689 204 1753 nuntiata
222 1698 312 1749 mors
334 1689 402 1749 eins
424 1698 472 1749 est
494 1690 591 1750 etiam
612 1688 844 1771 per³crinitam
871 1690 1019 1764 stellam,
1050 1712 1132 1775 quae
1153 1692 1264 1752 inusi-

42 1781 142 1835 tatae
159 1771 392 1855 magnitudinis
405 1770 606 1855 aliquamdiu
621 1772 732 1833 fulsit:
757 1794 825 1834 eam
839 1774 957 1835 Graeci
971 1774 1117 1858 κομήτην
1130 1783 1262 1837 vocantt

44 1865 155 1939 utque
175 1857 261 1917 inter
282 1856 385 1916 Divos
408 1857 528 1916 meruit
548 1856 679 1917 referri.
902 1904 905 1909 .

96 1940 156 2017 lX.
180 1940 396 2000 ·Successorea
418 1936 504 2019 filios
526 1948 591 2000 tres
613 1937 759 2020 reliquit,
781 1942 880 2020 atque
899 1961 997 2000 uuum
1018 1938 1130 2002 fratris
1145 1938 1262 2001 filium.

46 2022 183 2086 lVerum
203 2021 384 2084 Dalmatius
406 2020 522 2083 Caesar
540 2022 765 2104 prosperrima
787 2021 914 2097 indole,
937 2044 1042 2105 neque
1062 2032 1179 2105 patruo
1201 2023 1265 2084 ab·

44 2107 194 2180 similis,
212 2105 299 2166 baud
315 2105 427 2166 multo
446 2114 523 2188 post
539 2127 717 2188 oppressus
739 2112 787 2164 est
806 2105 949 2166 factione
969 2106 1117 2178 militari,
1134 2117 1166 2171 et
1177 2108 1267 2167 (lona

46 2189 197 2271 flantia,
228 2188 376 2271 patruele
406 2208 488 2263 suo,
519 2188 644 2249 sinente
672 2187 806 2267 potius,
840 2210 935 2269 quam
966 2190 1109 2251 iubente.
1155 2193 1264 2251 Con-

48 2284 311 2340 &rauranum
339 2292 464 2352 porro,
492 2272 588 2333 fratri
621 2272 743 2333 bellum
764 2271 973 2345 inferentem,
997 2282 1030 2334 ct
1050 2272 1136 2352 apud
1157 2272 1266 2354 alqui·-¹

48 2356 154 2421 leiam
176 2352 391 2416 inconsultius
410 2354 575 2435 proelium
597 2354 800 2437 adgressum,
833 2354 1016 2416 Constantis
1040 2355 1137 2417 duces
1158 2357 1267 2416 inter-

10 2450 20 2458 “
50 2444 218 2501 emerunt.
240 2439 310 2499 ··1ta
332 2436 525 2516 Respublica
547 2436 587 2497 ad
608 2437 689 2499 duos
718 2437 880 2518 Augustos
900 2438 1030 2499 redacta
1059 2447 1117 2499 est.
1162 2440 1267 2499 Goa-

49 2528 238 2585 'srsrtr'ss
278 2518 454 2603 imperium
494 2529 662 2581 strenuum
689 2518 906 2601 ¹aliquamdiu
957 2529 1003 2579 et.
1031 2520 1151 2581 iustum
1190 2521 1266 2581 fuit.

10 2674 13 2679 Ι
52 2596 145 2669 Mox'
168 2608 275 2687 quu'm·
305 2612 349 2663 et:
370 2602 554 2662 valetudine
596 2602 800 2684 improspera
841 2611 874 2662 et
910 2601 1022 2662 amieis
1056 2603 1267 2679 pravioribus

10 2724 31 2761 ,Γ
51 2695 229 2758 uteretur,
251 2684 292 2744 ad
314 2684 421 2765 gravia
445 2685 524 2743 vitia
547 2694 740 2758 conversus,
763 2706 863 2767 quum
884 2683 1101 2747 intolerabilis
1120 2686 1266 2767 prouin-

10 2768 219 2853 {cialibus,
249 2767 407 2828 militibus
431 2766 623 2826 iniucundus
646 2778 744 2837 esset,
775 2768 918 2828 factione
940 2768 1266 2848 Magnentii'occisns

10 2862 30 2939 ξ·
51 2861 121 2916 est.
167 2846 263 2913 Obiit
292 2851 380 2912 baad
407 2849 504 2933 longe
535 2849 575 2909 ab
605 2850 789 2932 Hispaniis,
823 2850 858 2910 in
890 2852 1019 2919 castro,
1051 2851 1103 2911 cui
1125 2852 1267 2918 Helenae

54 2958 180 3001 nornen
209 2940 287 3007 ast,¹
309 2955 393 2993 anno
426 2932 555 3015 imperii
587 2932 714 2994 decimo
747 2932 909 3013 septimo,
941 2930 1056 2990 aetatis
1079 2934 1264 3013 trigesimo:

10 3076 19 3087 ,
56 3021 158 3083 rebus
179 3028 288 3078 tamen
309 3016 461 3099 plurimis
482 3025 612 3076 strenue
634 3016 668 3075 in
688 3013 805 3075 militia
827 3014 944 3096 gestis,
967 3012 1192 3097 exercituique
1206 3038 1269 3099 per

10 3100 20 3166 ἶ
56 3122 157 3165 omne
178 3098 413 3183 vitae¹tempus
433 3099 502 3159 aine
522 3099 612 3181 gravi
634 3095 827 3158 crudelitate
848 3096 1020 3157 terribilis.
1151 3108 1154 3113 ·

10 3199 21 3253 :
101 3188 143 3249 Χ.
179 3186 316 3246 Diversa
346 3202 616 3243 consrsnrrs
647 3182 779 3241 fortuna
792 3180 867 3241 fuit.
901 3178 1272 3244 APersisenimmulta

10 3264 19 3273 “
59 3280 95 3335 et
126 3269 235 3352 gravia
263 3288 458 3349 perpessus,
489 3262 586 3346 saepe
614 3263 718 3346 captis
751 3262 1075 3345 oppidis-,obsessis
1109 3262 1268 3340 urbibus,

43 3357 162 3417 .'eaesis
194 3351 390 3413 exercitibus
403 3366 414 3408 τ’
448 3346 639 3430 nullumque
670 3346 700 3407 oi
732 3355 847 3408 contra
881 3345 1039 3428 Saporem
1073 3354 1272 3430 prosperum

10 3408 20 3474 l·
58 3437 226 3523 proelium
247 3434 330 3495 fuit:
352 3430 421 3494 nisi·
437 3428 547 3515 quod,
570 3429 657 3510 apud
677 3430 867 3514 Singaram,
894 3428 982 3491 baud
1003 3428 1137 3491 dubiam
1155 3432 1272 3494 victo-

10 3496 20 3535 *
58 3522 145 3585 rlam
178 3519 301 3579 ferocia
331 3516 472 3578 militum
503 3514 627 3586 amisit,
658 3515 714 3597 qui
739 3534 880 3597 pugnam
901 3511 1053 3575 seditiose
1075 3522 1108 3575 et
1130 3514 1269 3589 stolido,

10 3604 20 3695 ',
64 3611 180 3665 contra
212 3601 372 3661 rationem
398 3596 499 3670 belli,
529 3596 583 3657 die
607 3597 672 3658 iam
691 3596 888 3680 praecipiti,
912 3596 1149 3678 poposcerunt.
1191 3600 1275 3658 Post

10 3696 17 3776 ζ
62 3685 250 3748 Constantis
271 3703 403 3755 necem,
433 3679 620 3763 Magnentio
650 3680 796 3755 Italiam,
832 3676 999 3750 Africam,
1031 3676 1152 3737 Gallias
1176 3680 1275 3738 obst-s

10 3794 15 3840 ,¹
61 3778 186 3841 nente,
215 3766 309 3828 etiam
342 3764 511 3845 Illyricum
543 3784 595 3824 res
624 3781 724 3823 noras
752 3762 889 3833 babuit,
923 3764 1201 3820 varnasona
1232 3758 1274 3820 ad
1377 3760 1387 3777 '

62 3852 243 3934 im'prrium
272 3868 429 3909 consensu
455 3845 597 3907 militum
617 3843 743 3907 electo:
776 3864 874 3923 quem
894 3840 1113 3925 grandaevum
1135 3842 1218 3915 iam,
1242 3850 1276 3904 et

10 3960 13 3983 ²
64 3936 194 3999 cunctis
217 3930 405 4003 amabilem,
428 3928 696 3991 diuturnitate-et
719 3922 1040 3995 felicitatemilitiae,
1062 3922 1276 3987 adtuendam
1321 3931 1324 3937 '

10 4010 13 4088 ff
61 4019 259 4101 illyricum,
279 4010 463 4097 principem
486 4019 695 4073 creaverunt:
717 4009 826 4070 virum
846 4007 987 4087 probum
1011 4014 1043 4064 et
1058 4028 1197 4093 ¹morum
1216 4029 1275 4069 ve-

10 4090 19 4179 l
64 4112 195 4176 terum,
226 4118 264 4160 ao
295 4096 455 4159 iucundae
484 4093 671 4170 civilitatis,
702 4091 758 4154 aed
780 4087 926 4151 omnium
945 4086 1133 4151 liberalium
1155 4091 1277 4152 artium

10 4184 17 4257 ξ’
66 4193 237 4265 expertem
260 4179 364 4254 adeo,
396 4186 499 4240 utne
524 4176 681 4238 elementa
702 4173 835 4274 quidem
855 4168 961 4256 prima
981 4171 1190 4247 litterarum,
1211 4172 1278 4234 nisi

10 4339 12 4345 ¹
67 4264 271 4409 wlllllaedeud
291 4262 861 4422 ειἆὲπεῑῖιπέξῖθζοιξὶὐἓοῖιῖῗίῗιιιξω
886 4340 1057 4400 fraternae·
1077 4339 1166 4399 necis
1196 4335 1277 4398 bel.·

67 4434 140 4497 luna
162 4430 257 4491 civile
286 4426 526 4499 commoverat,
558 4426 751 4508 abrogatum
776 4430 823 4482 est
852 4420 1048 4509 Vetranioni
1079 4416 1277 4515 imperium:

68 4516 129 4601 qui
151 4533 239 4574 novo
261 4514 481 4595 inusitatoque
501 4529 613 4581 more,
636 4525 794 4569 consensu
820 4506 958 4566 militum
975 4502 1140 4585 deponere
1156 4502 1281 4581 insigne

69 4596 258 4683 tompulsus
278 4604 337 4659 est.
379 4596 503 4667 Romae
520 4606 655 4677 'qnoque
674 4588 833 4654 tumultus
855 4587 942 4663 luit,
961 4587 1153 4673 Nepotiane
1168 4632 1179 4659 ,
1194 4586 1295 4645 Qan-
