2850 4958
453 264 581 346 HIST.
604 263 727 344 ΗΘΜ.
749 258 841 345 blB.
866 261 913 345 ll.
1251 264 1296 346 br

84 451 245 522 gressus,
288 429 513 497 effusissimum
543 431 727 497 Hadriatici
757 434 855 495 maris
890 432 1021 498 traiecit
1054 432 1172 497 alnum.
1223 436 1300 515 Quo

88 518 223 603 quidem
253 518 290 579 in
319 534 416 579 cursu
447 517 652 599 conspectis,
685 525 723 577 ut
750 518 908 599 putabat,
939 519 1122 601 piratarum
1143 518 1300 595 naribus,

90 624 193 686 quum
213 602 354 663 exuisset
373 609 494 667 vestem
517 599 743 701 alligassetquc
763 599 940 684 pugionem
961 600 1002 661 ad
1016 602 1134 675 femur,
1150 601 1303 665 alterutri

90 709 124 749 se
142 688 298 747 fortunae
316 704 458 769 parans,
479 704 556 745 mox
577 682 739 746 intellexit
761 686 952 745 frustratum
977 704 1044 745 esse
1064 685 1168 747 visum
1189 708 1300 762 suum,

88 770 313 851 arborumque
335 789 372 829 cx
393 762 575 851 longinquo
600 766 749 831 ordinem
770 776 982 829 antennarum
1001 767 1190 851 praebuisse
1218 771 1304 831 ima-

87 855 211 938 ginem.
252 849 487 935 Reliqua-eius
518 858 588 911 acta
616 851 651 911 in
670 850 783 924 Urbe,
813 850 1082 935 nobilissimaque
1110 850 1303 914 Dolabellae

88 930 276 1010 accusatio,
311 944 343 995 et
368 933 476 1009 maior
505 930 646 996 civitatis
677 934 710 995 in
732 955 770 995 eo
792 935 888 996 saror
896 978 906 1007 ‚
934 954 1032 1019 quam
1057 935 1123 997 reis
1142 935 1312 1017 praestari'

88 1022 198 1093 solet·,
221 1019 511 1099 contentionesque
531 1017 644 1079 civiles
663 1039 738 1079 cum
758 1018 803 1094 Q.'
824 1015 961 1092 Catulo,
993 1023 1092 1103 atque
1112 1018 1185 1081 aliis
1213 1017 1302 1081 cmi-2

88 1103 290 1165 acutissimis
312 1102 411 1175 viris,
433 1098 686 1175 celeberrimae,
710 1109 742 1161 et
763 1109 838 1162 ante
857 1098 1049 1164 Praeturam
1070 1102 1174 1171 victus
1195 1098 1305 1164 Maxi-

88 1188 136 1249 mi
158 1185 374 1249 Pontificatus
393 1184 555 1267 petitione
610 1228 617 1244 .
642 1183 789 1257 Catulus,
814 1179 959 1247 omnium
981 1178 1186 1248 confessione
1200 1186 1306 1249 Sena·d

90 1279 146 1333 tus
166 1269 343 1353 princeps,
367 1276 400 1329 et
419 1267 570 1329 restituta
593 1288 626 1329 m
650 1266 845 1343 Aedilitate,
868 1266 1057 1330 adversante
1103 1270 1212 1332 uidem
1233 1272 1304 1333 noss·

89 1346 245 1426 bilitate,
266 1360 472 1412 monumenta
494 1352 531 1411 C.
554 1348 670 1425 Marii,
699 1350 862 1435 simulque
881 1353 1036 1413 revocati¹
1051 1291 1102 1414 adq
1122 1353 1173 1416 ius
1194 1354 1227 1415 di
1251 1351 1307 1416 ni·i

90 1437 171 1499 tatis
200 1435 467 1518 proscriptorum
489 1432 607 1507 libcri3
638 1443 671 1494 ct
690 1428 870 1508 Praetura,
893 1434 1140 1521 Quaesturaque
1160 1376 1308 1500 atribili

89 1522 217 1583 virtute
238 1527 336 1601 atque
355 1514 515 1578 industria
536 1516 627 1578 obita
649 1518 682 1578 in
703 1518 877 1599 Hispania,
905 1520 1019 1601 (quum
1040 1529 1123 1582 esset
1143 1522 1307 1599 Quaestor

91 1603 154 1665 sub
173 1602 299 1663 Vetere
320 1596 487 1672 Antistio,
519 1620 580 1661 avo
609 1598 707 1661 huius
730 1600 862 1661 Veteris
888 1598 1071 1664 Consularis
1098 1612 1196 1687 atque
1214 1602 1309 1667 Pon*

93 1685 211 1759 tiiicis,
234 1683 376 1747 duorum
399 1680 626 1753 Consularium
647 1692 681 1744 et
702 1683 916 1761 sacerdotum
935 1685 1057 1767 patris,
1084 1687 1149 1749 riri
1171 1688 1205 1749 in
1226 1696 1308 1749 tau-

93 1768 285 1843 sambuci,
308 1767 343 1829 in
364 1774 522 1851 qnantum
543 1764 683 1826 bumana
702 1764 894 1851 simplicitas
914 1766 1054 1852 intelligi
1073 1772 1217 1854 potest);
1240 1790 1308 1855 quo

93 1851 231 1917 notiora
252 1854 346 1926 sunt',
367 1851 475 1912 minus
495 1858 592 1931 egent
609 1845 697 1913 stilo.
925 1868 935 1929 j

134 1935 362 1997 xtlvsfloc
394 1934 496 2018 :gitur
522 1931 662 1994 Consule
692 1931 780 1995 inter
799 1948 884 2006 -eum
914 1940 948 1995 et
978 1935 1036 1997 Cn.
1058 1932 1254 2020 Pompeium
1276 1942 1310 1999 et

96 2018 315 2083 strumum
336 2019 418 2079 inita
433 2017 611 2098 potentiae·
627 2017 789 2091 societas,
811 2030 895 2100 quas
917 2016 1007 2096 ¹Urbi
1031 2019 1172 2103 orbique
1192 2030 1308 2083 torra-

100 2106 281 2178 rum,'·nec
301 2102 407 2163 minas
428 2102 558 2163 diverso
581 2098 715 2182 quoque
735 2108 884 2182 tempore
905 2094 1005 2181 ipsis,
1034 2103 1210 2165 exitiabilis
1230 2102 1306 2176 fuit.

99 2188 175 2249 Hoc
194 2184 368 2248 consilinm
389 2180 545 2268 sequendi
566 2183 743 2265 Pompeius
764 2198 907 2245 caussam
927 2183 1098 2259 babuerat,
1121 2192 1158 2247 ut
1178 2188 1321 2267 tandem·

99 2279 172 2333 acta
188 2269 229 2330 'in
247 2268 473 2331 transmarinis
492 2267 674 2347 provinciis
704 2267 858 2349 (quibus,
887 2275 924 2327 ut
943 2269 1183 2349 praediximus,
1215 2272 1311 2333 multi

98 2353 329 2415 obtrectabant
338 2352 363 2430 ,J
388 2370 450 2435 per
476 2352 644 2413 Caesarem
674 2351 948 2412 confirmarentur
969 2352 1163 2415 Consulem:
1197 2355 1314 2417 Caesar

97 2442 227 2509 autem,
262 2435 351 2517 quod
380 2433 676 2507 animadvertebat,
705 2432 906 2515 secedendo
930 2432 1087 2516 Pompeii
1105 2436 1230 2519 gloriae
1251 2461 1314 2500 au-

97 2530 230 2582 cturum
252 2540 343 2580 suam
355 2562 365 2591 ,
391 2526 445 2594 et,
468 2516 590 2579 invidia
611 2518 793 2579 communis
811 2514 980 2600 potentiae
1008 2518 1041 2579 in
1063 2517 1155 2580 illum
1178 2521 1312 2607 relega·-

98 2610 156 2679 ta,
180 2598 560 2663 confirmaturum'vires
590 2616 681 2661 suas:
713 2603 865 2674 Crassus,
897 2609 934 2661 ut
964 2618 1060 2682 quem
1089 2601 1313 2687 principatum

96 2687 190 2749 solus
210 2680 336 2765 assequi
356 2705 424 2745 non
443 2690 597 2765 poterat,
621 2686 818 2745 auctoritate
841 2685 1012 2767 Pompeii,
1040 2682 1165 2750 viribus
1185 2696 1313 2752 teneret

98 2764 257 2833 Caesaris.
300 2764 445 2826 Affinitas
467 2766 565 2826 etiam
586 2767 673 2827 iuter
699 2769 867 2828 Caesarem
889 2761 1150 2853 Pompeiumque
1174 2782 1311 2836 contra-

98 2863 153 2915 ctu
175 2846 320 2931 nuptiis:
343 2849 468 2930 quippe
488 2847 586 2908 filiam
609 2850 645 2908 C.
669 2850 812 2910 Caesaris
833 2852 890 2911 Cn.
906 2852 1041 2932 Magnus
1056 2852 1149 2915 duxit
1161 2870 1311 2919 uxorem.

99 2936 139 2997 In
161 2933 229 2993 boc
251 2930 430 2993 Consulatu
457 2930 579 2990 Caesa'r.
597 2930 702 3007 legem
722 2932 818 3003 tulit,
846 2940 884 2991 ut
903 2948 981 3010 ager
1002 2936 1182 3011 Campanus
1202 2935 1314 3018 plebei

101 3016 329 3088 divideretur,
361 3009 789 3103 suasore-legis'Pompeic.
832 3014 883 3095 ¹Ita
903 3017 1037 3094 circqtrr
1056 3018 1119 3077 XX
1138 3015 1242 3081 millia
1263 3021 1315 3081 ci-

101 3104 191 3163 vium
213 3122 251 3161 co
275 3097 435 3171 deducta,
459 3096 563 3155 etius
585 3092 727 3157 civitatis
747 3096 933 3179 restitutum
955 3107 1032 3178 post
1058 3122 1159 3161 annos
1180 3103 1317 3165 circiter

104 3186 210 3257 CLII,
231 3206 327 3266 quum
347 3180 437 3242 bello
458 3178 586 3240 Punico
608 3180 649 3239 ab
666 3172 825 3240 >Romanis
847 3181 955 3257 Capua
982 3180 1017 3240 in
1042 3183 1183 3245 sormam
1210 3207 1317 3267 prac-

102 3272 248 3331 fectura‘e
273 3266 404 3327 redacta
427 3272 519 3326 emt.-
552 3260 700 3336 Bibulus,
724 3260 848 3343 collega
869 3263 1025 3338 Caesaris,
1048 3288 1149 3349 quum
1171 3271 1315 3334 actiones

104 3352 175 3414 eius
203 3349 316 3431 magis.
335 3348 434 3410 vellet
463 3344 647 3429 impedire,
680 3366 776 3428 quam
806 3354 933 3428 posset,
966 3348 1093 3412 maiore
1121 3358 1218 3435 parte
1240 3352 1316 3417 anni

105 3430 250 3497 demisse
270 3432 402 3493 tenuit.'
431 3429 508 3506 Quo
530 3428 618 3491 facto
639 3424 717 3489 durii
737 3450 857 3511 augere
875 3422 946 3491 vult
968 3424 1124 3495 invidiam
1148 3437 1317 3515 collegae,

105 3518 197 3581 auxit
217 3516 409 3594 potentiam.
440 3512 525 3574 Tum
547 3512 675 3597 Caesari
692 3512 840 3574 decretae
855 3512 888 3574 in
904 3513 1162 3597 quinquennium
1178 3523 1315 3585 Galliae.

145 3600 248 3661 XLV.
280 3598 347 3660 Per
368 3596 454 3658 idem
475 3605 603 3675 tempus
618 3595 663 3655 Ρ.
687 3595 841 3668 Clodius,
862 3596 963 3659 bomo
985 3594 1130 3673 nobilis,
1153 3602 1316 3679 disertus,

107 3682 223 3756 audax,
245 3681 302 3765 qui
316 3700 423 3762 neque
443 3677 573 3740 dicendi
593 3698 701 3763 neque
719 3679 858 3740 faciendi
881 3680 996 3753 ullum,
1017 3680 1081 3741 nisi
1096 3692 1193 3765 quem
1207 3686 1317 3762 vellet,

103 3774 217 3829 nosset
235 3764 381 3835 modiim,
403 3762 566 3825 mulorum
583 3764 834 3844 propositorum
859 3772 1031 3825 exsecutor
1051 3763 1241 3842 acerrimus,
1264 3769 1318 3830 in-

104 3849 203 3913 famis
222 3845 467 3911 etiamsorcris
479 3854 615 3927 stupro,
638 3854 781 3907 stactus
802 3846 915 3906 incesti
936 3868 1012 3909 reus
1033 3847 1077 3908 ob
1099 3849 1217 3912 initum
1232 3852 1319 3915 inter

105 3930 353 4015 religiosissima
372 3929 489 4011 populi
505 3927 653 3990 Romani
669 3950 758 3991 sacra
776 3925 991 4013 adulterium
1015 3950 1113 4014 quum
1132 3954 1244 4016 graves
1258 3938 1319 3999 ini-

108 4016 248 4079 micitias
270 4036 344 4075 cam
365 4014 410 4073 Μ.
437 4010 596 4075 Cicerone
619 4019 806 4085 exerceret,
828 4010 921 4091 (quid
943 4014 1028 4074 enim
1050 4016 1138 4077 inter
1156 4024 1222 4080 tam
1244 4020 1319 4083 dis-

107 4098 232 4162 similes
252 4099 392 4159 amicam
413 4116 481 4159 essa
500 4101 663 4179 putaratt)
685 4104 718 4157 et
738 4118 754 4155 a
776 4090 925 4175 patribus
946 4095 986 4155 ad
1007 4093 1137 4177 plebem
1152 4102 1318 4180 transiret,

106 4182 214 4267 legem
236 4182 270 4243 in
292 4181 477 4243 Tribunatu
498 4179 595 4243 tulit:
624 4184 690 4263 Qui
706 4183 807 4245 ciuem
827 4186 1011 4240 Romanum
1030 4180 1247 4246 indamnatam
1267 4192 1323 4250 in-

106 4269 308 4339 teremisset,
339 4267 373 4325 ei
400 4270 487 4349 aqua
515 4276 563 4327 et.
577 4267 651 4347 z'gr'u'
665 4262 933 4325 interdiceretur.
976 4258 1104 4338 Quibus
1130 4268 1238 4331 verbis
1260 4272 1324 4336 etsi

106 4372 175 4413 ron
196 4346 429 4411 nominabatur
451 4348 716 4422 Cicero,·tamen
737 4346 825 4407 solus
845 4344 1030 4427 petebatur.
1063 4346 1114 4431 ita
1128 4350 1180 4411 vir
1198 4356 1324 4433 optimc

105 4434 248 4497 meritus
279 4431 319 4493 dc
341 4431 528 4513 'Republica
558 4438 766 4493 conservatae
790 4429 918 4513 patriae
938 4427 1083 4511 pretinm
1107 4432 1330 4503 calamitatem

110 4516 218 4579 exsilii
241 4514 329 4577 tulit.
370 4518 446 4577 Non
467 4525 644 4577 caruerunt
662 4514 850 4594 suspicione
872 4513 1019 4593 oppressi
1044 4512 1212 4577 Ciceronis
1236 4524 1331 4588 cae„

110 4621 164 4663 sar
185 4608 220 4663 et
236 4600 444 4683 Pompeius.:·
460 4600 542 4662 ·Hoc
563 4599 625 4661 sibi
649 4598 849 4660 contraxisse
869 4596 1043 4661 videbatur
1064 4598 1200 4668 Cicero,
1234 4599 1335 4691 quod
