2850 4958
177 276 255 363 ss
448 266 1166 383 mansionariorum·
1265 316 1268 322 ·

134 444 252 512 trees
271 442 406 525 smnus
435 448 532 523 atqua
556 437 703 501 omnium
723 437 877 521 princeps
893 446 983 502 'erat
1028 441 1076 502 Ira
1098 436 1192 501 nullo
1223 441 1372 504 exemp„

175 514 372 593 detrimento
386 525 457 587 ¹fusi
477 522 612 585 barbari
631 522 862 604 summotique,
883 532 1056 607 postquam
1077 524 1374 607 Imperatorvisam

134 608 383 695 ls'lleipublieus
407 607 505 685 dono,
519 604 620 668 dedit.
663 603 872 666 Adeobouis
892 608 977 668 salus
1000 608 1121 669 civium
1146 628 1186 668 ac
1211 605 1311 692 longe
1332 611 1373 671 sui

174 692 333 759 memoria
362 691 491 752 cariora
519 697 616 763 sunt·,
649 709 731 770 (quae
756 710 823 748 non
846 688 972 769 gloriae
995 691 1117 765 modo,
1143 710 1264 751 verum
1289 692 1375 754 etiam

131 779 300 869 pretione
320 774 459 858 quadam
488 780 698 855 posterorum
720 771 870 833 felicitati
891 773 1080 853 proficiunt.
1125 772 1201 835 Hoc
1224 774 1375 854 siquidem

173 859 380 925 Constantius
402 865 435 918 et
455 855 695 927 Constantinus,
717 864 814 937 atque
832 855 1051 935 Imperatores
1071 858 1178 919 nostri
1205 858 1285 895 *Η
1306 880 1374 919 cor-

171 944 331 1029 purisque
349 939 731 1021 ¹acceptior-militibus,
761 939 986 1019 praemiorum
1016 960 1093 1024 spe,
1127 963 1196 1003 seu.
1221 940 1373 1003 lasciviae.

130 1028 247 1108 ⁸Q¹¹⁰
276 1046 373 1108 ⁸⁸81*st
400 1021 614 1105 ulteriorque
645 1021 785 1084 victoria
814 1022 899 1096 fuit,
934 1024 1033 1097 dum,
1069 1023 1120 1085 uti
1150 1046 1228 1086 mos
1249 1025 1376 1087 subditis

172 1119 262 1184 erat,
282 1107 392 1171 studio
418 1104 750 1192 impunspeooandi,
775 1105 908 1168 remissa
927 1106 1067 1193 imperia·
1085 1110 1269 1192 promtius,
1286 1130 1377 1194 quam

145 1192 267 1261 'utilia
286 1186 475 1257 detendunt.
1370 1236 1373 1241 ¹

499 1384 503 1389 -
581 1338 807 1408 CAPUT
847 1338 985 1406 XXXV.

682 1472 887 1518 sensumve.

212 1612 365 1677 Ceterum
385 1604 601 1680 Aurelianus,
628 1625 778 1668 successu
802 1614 894 1669 tanto
920 1604 1169 1683 vehementior,
1194 1608 1373 1689 confestim,

132 1717 153 1761 a
220 1696 266 1759 asi
289 1688 369 1755 belli
387 1691 546 1775 reliquiae
567 1699 783 1772 superessent,
805 1689 839 1750 in
860 1690 974 1752 Persas
992 1710 1188 1776 progressus
1212 1703 1273 1755 est.
1306 1694 1374 1771 Quis

133 1836 146 1855 ¹.
168 1840 172 1847 ,
197 1779 305 1850 eletis,
331 1774 460 1837 ltaliam
483 1775 659 1857 repetivit,
682 1774 774 1836 cuius
798 1774 896 1835 urbes
920 1773 1177 1836 Alamannorum
1203 1777 1375 1839 vexationi·
1413 1799 1417 1858 p

130 1860 234 1926 Ubus
256 1858 491 1942 affligebantur.
534 1856 642 1919 Simul
671 1858 840 1919 Germanis
863 1855 967 1918 Gallia
990 1857 1150 1932 demotis,
1176 1860 1320 1931 Tetrici,
1338 1858 1374 1921 de
1412 1906 1417 1942 ,

195 1967 238 2009 oo
269 1963 369 2022 snpra
398 1940 740 2014 commemoravimus,
772 1962 882 2002 caesae
913 1941 1075 2024 legiones,
1108 1943 1291 2022 proditore
1310 1943 1371 2023 ipso

129 1968 265 2107 diluce.
308 2026 393 2088 Nam
423 2021 597 2094 Tetricus,
631 2040 732 2104 quum
756 2022 901 2085 Faustini
932 2025 1091 2105 praesidis
1112 2025 1195 2087 dolo
1220 2026 1369 2107 corruptis
1410 2047 1415 2060 ·

131 2174 136 2185 ,
170 2108 330 2172 militibus
353 2106 547 2188 plerumque
570 2112 750 2187 peteretur,
771 2104 939 2167 Aureliani
960 2128 1021 2188 per
1039 2107 1168 2171 litteras
1184 2110 1367 2192 praesidium

172 2190 424 2274 imploraverat,
451 2188 546 2269 eiquo
568 2187 774 2259 adventanti,
801 2189 971 2269 producta
989 2191 1029 2251 ad
1049 2194 1195 2274 speciem
1222 2196 1308 2268 acie,
1329 2193 1365 2252 iu·

130 2272 385 2358 literpugnam
405 2292 439 2333 se
460 2271 561 2332 dedit.
605 2271 676 2345 Ita,
702 2271 752 2331 uti
775 2280 906 2334 rectore
929 2272 1020 2334 nullo
1042 2275 1146 2348 solet,
1174 2278 1304 2340 turbati
1324 2296 1367 2337 or-

130 2416 139 2431 ,
171 2358 264 2421 dines
289 2355 438 2439 oppressi
453 2363 548 2416 sunt:
573 2352 643 2436 ipse
661 2364 738 2437 post
763 2354 883 2417 celsum
906 2356 1033 2419 biennii
1056 2357 1191 2440 imperii
1216 2362 1249 2423 in
1268 2366 1369 2422 trium·

67 2494 70 2499 .
171 2441 274 2526 phum
298 2440 435 2512 ductus,
456 2437 618 2501 Lucaniae
639 2447 876 2512 correcturum,
898 2438 1034 2521 filioque
1052 2443 1182 2504 veniam
1205 2452 1300 2528 atque
1315 2443 1370 2503 bo-

131 2524 151 2589 8
170 2546 286 2589 norem
306 2526 499 2587 Senatorum
520 2522 699 2603 cooptavit.
742 2522 857 2604 Neque
875 2542 966 2584 secus
980 2526 1067 2585 intra
1085 2525 1218 2588 Urbem
1239 2535 1371 2589 monetae

131 2666 142 2683 ,,
173 2609 307 2693 opifices
332 2606 463 2669 deleti:·
488 2605 564 2687 qui,
591 2628 693 2687 quum
717 2614 852 2667 auctore
874 2605 1076 2669 Felicissimo
1101 2611 1263 2673 rationali
1286 2632 1372 2672 num·
1411 2627 1417 2690 ἦ

171 2691 309 2765 mariam
342 2699 454 2752 notam
482 2690 732 2761 ¹corrosissent,
774 2709 899 2768 poenae
930 2700 1019 2752 metu
1056 2691 1180 2753 bellom
1220 2697 1370 2764 fecerant,
1413 2720 1417 2774 1

170 2796 274 2857 nsque
295 2794 490 2857 ·eo·grave,
525 2773 593 2846 uti,
624 2794 685 2855 per
705 2772 852 2834 Coelium
878 2783 1023 2836 montem
1045 2777 1237 2858 congressi,
1265 2785 1371 2860 septen

129 2880 154 2944 7,
170 2860 241 2921 fere
263 2857 366 2918 millia
392 2855 590 2918 bellatorum
614 2857 828 2917 confecerint.
872 2856 932 2917 His
961 2866 1014 2919 tot
1036 2861 1202 2942 tantisque
1225 2878 1371 2945 prospers¹

172 2941 290 3026 gestis,
320 2941 432 3002 fanum
459 2934 581 2999 Romae
608 2937 678 3000 Soli
706 2938 912 3022 magnificum
932 2938 1124 3017 constituit,
1147 2943 1302 3009 donariis
1324 2966 1371 3006 or-

169 3046 248 3087 nans
269 3022 443 3106 opulentis.
488 3021 535 3081 Ac
556 3043 597 3082 ne
618 3045 787 3104 umquam,
812 3044 893 3104 quae
912 3047 973 3105 per
997 3025 1183 3087 Gallienum
1199 3034 1370 3098 evenerant,
1415 3049 1417 3055 ·

146 3108 378 3181 acciderent,
400 3105 501 3166 muris
522 3105 648 3167 Urbem
672 3129 767 3188 quum
793 3106 998 3171 validissimis
1021 3110 1147 3171 laxiore
1167 3113 1301 3175 ambitu
1319 3112 1373 3174 cir·
1416 3156 1417 3161 η

171 3190 362 3272 cumsepsit:
385 3188 545 3271 simulque
574 3211 649 3251 usus
673 3188 832 3272 porcinas
857 3192 986 3265 carnis,
1015 3215 1080 3277 quo
1102 3191 1197 3274 plebi
1221 3196 1372 3258 Romanas

148 3273 291 3355 ,affatim
312 3273 460 3343 eederet,
484 3272 665 3354 prudenter
684 3272 901 3355 munificaque
924 3276 1164 3359 prospectarit:
1194 3278 1372 3362 deletaeque

170 3355 295 3419 fiscales
318 3363 351 3419 et
372 3354 683 3439 quadruplatorum,
706 3377 790 3439 quae
810 3357 936 3418 Urbem
950 3359 1184 3431 miserabiliter
1199 3363 1371 3431 affecerant,

145 3438 350 3509 :calumniae
363 3462 394 3512 ς..
410 3439 587 3527 consumtis
618 3438 687 3522 igni
709 3438 837 3503 ¹tabulis
852 3492 857 3503 .
871 3444 1156 3524 monumentisque
1177 3443 1376 3511 ..huiusmodi

169 3523 391 3605 negotiorum,
413 3532 510 3603 atque
534 3520 574 3581 ad
599 3520 755 3599 Graeciae
774 3543 901 3583 morem
917 3522 1047 3587 decreta
1069 3526 1279 3607 abolitione3
1302 3532 1372 3592 inter

171 3626 254 3690 quae
286 3605 440 3667 avaritiae
469 3604 681 3689 peculatum,
717 3606 963 3688 prouinciarum
988 3610 1229 3691 praedatores,
1272 3622 1369 3677 centn

173 3711 300 3751 morem
324 3689 537 3762 militarium,
564 3686 705 3770 qu‘orum
738 3710 755 3749 e
780 3710 917 3751 numero
945 3692 1034 3766 erat,
1063 3694 1203 3757 immane
1228 3706 1371 3780 quantun

133 3772 155 3837 8
176 3773 405 3835 insectabatur.
448 3773 520 3852 Qua
542 3792 650 3832 caussa
675 3771 816 3835 ministri
840 3773 982 3850 scelere,
1007 3776 1059 3837 oui
1080 3788 1288 3842 secretorum
1313 3776 1373 3841 olli-

177 3856 263 3917 cium
288 3856 491 3929 crediderat,
519 3854 776 3931 circumventus,
811 3857 898 3936 apud
923 3859 1212 3942 Caenophrurium
1236 3862 1368 3928 interiit:

176 3961 277 4021 quum
291 3939 384 4014 -ill'e·‚·
396 3938 537 4022 praedae
556 3941 762 4002 conseientia
776 3939 973 4023 delictique,
1000 3942 1122 4027 scripta
1141 3946 1267 4011 'callide'
1284 3964 1369 4008 eom-

174 4022 291 4105 posita-
305 4023 463 4085 Tribunis
474 4062 489 4098 ,·
507 4024 598 4103 quqsi
619 4026 684 4106 per'
702 4022 860 4109 gratiam,
887 4027 1104 4107 prodidisset,
1131 4033 1255 4111 quibus
1278 4032 1373 4092 inter-

175 4107 233 4169 fisi.
255 4104 476 4169 iubebantur:
512 4107 647 4191 illique,
678 4113 732 4170 eo·
756 4119 844 4171 metu
868 4110 1011 4185 accensi,
1044 4113 1170 4175 facinus
1195 4125 1370 4196 patravere.

135 4190 449 4277 gluterea'milites
463 4238 477 4266 ,.
499 4193 617 4254 omisso
643 4190 813 4274 Principe,-
835 4193 959 4274 legatos
983 4195 1090 4255 statim
1118 4197 1261 4259 Romam
1282 4196 1373 4259 desti-

132 4282 272 4347 narant,
289 4277 346 4336 uti
367 4277 666 4358 suopte'arbitratu
685 4277 798 4337 Patres
819 4276 1056 4357 imperatorem
1077 4278 1272 4363 deligerent.
1298 4279 1373 4359 Qui·

173 4357 322 4421 bus-hoo
343 4359 488 4440 ipsorum
514 4359 729 4438 potissimum,
750 4361 925 4421 convenire
948 4382 1063 4422 munus
1087 4365 1372 4445 respondentibus,

173 4446 313 4505 rursum.
327 4441 472 4525 legione's
487 4442 527 4502 ad
550 4462 604 4502 eos
627 4442 791 4504 reiiciunts
834 4444 884 4504 Ita
906 4446 1072 4527 utrimque
1095 4448 1226 4530 pudore
1244 4472 1283 4512 ac
1300 4469 1374 4510 mo-

130 4532 144 4599 ,l
171 4527 276 4589 lestis
299 4524 549 4598 decertabatur,
571 4527 699 4587 rarain
721 4525 909 4590 hominibus
931 4528 1074 4605 virtute,
1094 4533 1198 4593 rebus
1222 4550 1375 4616 praeser-

55 4647 58 4654 ,
113 4609 226 4672 antina
256 4608 474 4701 bqiusmodit
512 4633 553 4680 ac
567 4631 690 4700 :prope
716 4608 836 4697 ignota
857 4610 1030 4674 militibus.
1071 4614 1213 4681 Tantum
1242 4617 1300 4682 ifle
1327 4613 1375 4679 ris
