2850 4958
420 250 667 381 terrentii
714 260 822 346 etr.
856 278 923 369 aa.
941 260 957 344 ,¹
1078 370 1081 375 ¹
1229 265 1309 347 nes

536 433 711 503 caru
731 435 762 497 a
803 436 873 503 ιι.
969 528 973 537 ¹

171 560 404 637 emeramus,
427 568 579 616 casurus
605 556 829 635 naamam,
852 554 1011 625 cassans,
1025 548 1234 625 'matinata
1271 554 1278 567 '
1338 532 1352 563 ¹

322 655 520 717 usxrxmns,
547 652 705 711 cremus,
729 654 932 713 annxnnnru,
954 650 1081 699 rtners.

140 788 201 852 His
222 788 336 852 diebus
359 787 578 863 Constantius,
600 787 803 853 Constantini
822 794 929 868 pater,
942 794 1051 885 ¹atque
1072 781 1309 855 ermentarius,

92 872 270 950 Caesares,
302 870 440 957 Augusti
471 892 487 931 a
514 873 698 955 pellantur,
729 872 848 935 creatis
878 871 1086 942 Caesaribus,
1107 868 1228 934 Severo
1249 884 1316 949 per
1358 950 1361 955 Ι
1413 942 1418 953 ¹

92 956 242 1032 Italiam,
265 956 458 1028 Maximino,
480 892 603 1019 Oalerii
624 954 750 1019 scrcris
769 952 852 1028 filio,
874 974 936 1039 per
958 953 1150 1016 Orientem:
1177 948 1314 1011 ecdem·
1345 974 1349 979 ·

92 1062 164 1135 qne
183 1049 334 1124 tempore
356 1040 585 1101 Constantinus
605 1038 722 1100 Caesar
742 1037 893 1103 efficitur.
923 1036 1107 1101 Maxentius
1125 1034 1313 1115 Imperator
1331 1040 1360 1103 1

95 1123 229 1186 invilla
249 1143 305 1184 sex
323 1122 468 1185 millibus
490 1124 530 1185 ab
552 1123 646 1186 Urbe
666 1121 824 1196 discreta,
845 1123 965 1183 itinere
985 1120 1167 1191 Lavican03
1193 1115 1319 1178 dehiuc'

95 1207 244 1289 Licinius
264 1206 428 1288 Augustus
448 1206 606 1281 efficitur3
628 1206 768 1289 parique
787 1206 886 1268 modo
908 1203 1093 1285 Alexander
1115 1200 1202 1285 apud
1225 1200 1313 1261 car-

80 1290 263 1374 ··thaginem
283 1291 470 1371 Imperator
488 1289 545 1365 fir,
571 1290 735 1374 similique
753 1287 998 1354 modo'Valens
1018 1288 1204 1371 Imperator
1217 1303 1320 1345 crea-·
1366 1310 1369 1315 ¹

93 1382 174 1447 tur,
197 1394 337 1456 quorum
360 1374 465 1434 exitus
489 1374 551 1436 iste
577 1375 652 1436 tuit.
695 1372 834 1433 Severus
860 1368 1096 1435 abHerculio'
1113 1366 1310 1431 Maximiano
1331 1357 1363 1441 5,

94 1457 223 1518 Romae
245 1455 286 1516 ad
309 1456 390 1516 Tres
417 1457 583 1519 Tabernas
612 1456 852 1539 exstinguitur3
882 1457 1044 1537 funusque
1072 1453 1140 1515 eins
1171 1447 1312 1511 Gallieni
1359 1450 1362 1455 ’

95 1540 252 1621 sepulcro
276 1539 429 1612 infertur,
452 1540 542 1621 quod
562 1541 601 1602 ab
622 1541 716 1603 Urbe
734 1538 825 1601 abest
845 1560 907 1623 per
926 1536 977 1617 Ap
1004 1538 1067 1597 iam
1089 1535 1236 1597 millibus
1255 1551 1315 1595 nc-
1347 1600 1350 1605 ,

95 1643 183 1693 vem.
228 1621 377 1683 Galerius
399 1623 613 1689 Maximianus
638 1623 816 1685 consumtis
844 1560 1039 1707 genitalibus
1064 1618 1195 1683 deiecit.
1239 1616 1313 1674 Ma·
1332 1610 1362 1688 4·

94 1705 261 1769 ximianas
287 1706 485 1779 Herculius,
518 1728 536 1766 a
565 1708 778 1768 Constantino
814 1704 901 1789 apud
933 1702 1110 1767 Massiliam
1141 1690 1352 1770 obsessus‚5

97 1788 218 1851 deinde
239 1798 372 1870 captus,
397 1808 519 1872 poenas
542 1786 633 1851 dedit
650 1789 768 1853 mortis
787 1808 906 1872 genere
925 1796 1107 1873 postremo,
1128 1784 1241 1851 frictis
1261 1779 1314 1840 la-

84 1870 185 1955 'queo
218 1868 413 1937 cervicibus.
463 1872 646 1935 Alexander
672 1894 690 1932 a
721 1871 924 1939 Constantini
957 1869 1102 1934 exercitu
1132 1865 1309 1951 iugulatur.
1334 1857 1356 1923 6

96 1955 305 2029 Maxentius,
331 1952 580 2018 dum'adversus
605 1954 851 2016 Constantinum
870 1953 1104 2040 congreditur,
1127 1948 1227 2035 paulo
1250 1964 1357 2032 ειν-7

94 2038 212 2141 perias
231 2061 249 2098 a
269 2047 370 2120 ponte
391 2038 528 2111 Mulvio,
553 2040 587 2101 in
608 2047 744 2121 pontem
763 2038 900 2122 navigiis
915 2037 1133 2118 compositum
1155 2035 1195 2095 ab
1210 2032 1327 2113 latere.

97 2121 229 2207 ingredi
258 2122 433 2197 festinans,
457 2120 550 2202 lapsu
576 2120 651 2204 equi
679 2121 715 2203 in
737 2120 939 2203 profundum
963 2118 1128 2181 demersus
1156 2125 1224 2188 est·,
1249 2126 1321 2174 roi

97 2214 275 2288 ratumque
294 2204 392 2278 limo,
413 2206 562 2289 pondere
583 2203 749 2268 thoracis.
773 2224 894 2287 corpus
917 2205 971 2266 vix
992 2210 1170 2287 repertum.
1205 2197 1315 2259 Maxi·
1335 2191 1357 2258 8

97 2289 209 2352 minus
233 2287 320 2371 apud
351 2287 489 2350 Tarsum
518 2296 626 2351 morte
648 2285 791 2369 simplici
819 2290 933 2371 perlit.
984 2284 1105 2353 Valens
1137 2308 1155 2345 a
1185 2281 1357 2362 Licini09

98 2382 210 2443 morte
230 2371 420 2435 mulctatur.
434 2365 446 2387 '
462 2373 610 2434 Fuerunt
633 2378 741 2430 autem
765 2390 894 2431 morum
917 2370 1119 2431 huiusmodi.
1161 2364 1359 2427 Aureliusxc

98 2455 337 2528 Maximianus,
361 2463 579 2538 cognomento
603 2450 796 2524 Herculius,
817 2454 907 2520 ierus
927 2462 1064 2524 natura,
1088 2446 1204 2511 ardens
1227 2446 1316 2507 libi-

101 2538 199 2612 dine,
221 2537 368 2599 ccnsiliis
391 2537 552 2610 stolidus,
582 2544 659 2598 ortu
681 2532 800 2619 agresti
820 2534 1069 2617 Panncnloque.
1112 2532 1195 2592 Nam
1218 2530 1318 2590 ctiam

100 2642 190 2683 nunc
210 2620 298 2685 haud
318 2619 416 2702 longe
436 2618 559 2682 Sirmio
582 2620 703 2680 eminet
721 2614 814 2682 locus
834 2617 956 2699 palatio
974 2616 1096 2680 ibidem
1111 2621 1315 2686 constructo,

69 2720 71 2725 ’
100 2702 161 2775 ubi
182 2712 333 2786 parentes
355 2702 423 2764 eius
455 2702 650 2769 exercebant
665 2700 775 2783 'opera
796 2698 1008 2765 mercenaria.
1052 2700 1167 2760 Aetate
1188 2695 1357 2759 interiitsr

101 2787 348 2871 sexagenarius,
372 2806 533 2849 annorum
552 2785 669 2869 viginti
693 2786 891 2867 Imperator.
936 2784 1058 2845 Genuit
1077 2804 1116 2845 ex
1138 2781 1357 2861 Eutropium

102 2868 186 2952 Syra
209 2870 366 2940 muliere,
399 2868 599 2931 Maxentium
624 2878 657 2929 et
683 2869 856 2941 Faustam,
888 2869 1059 2951 coniugem
1090 2864 1314 2936 Constantini3

104 2954 197 3015 cuius
227 2953 315 3034 patri
347 2952 537 3015 Constantio
568 2950 749 3018 tradiderat
772 2948 984 3013 Theodoram
1014 2948 1207 3033 privignam.
1250 2943 1360 3010 Sede

103 3039 306 3100 Maxentium
326 3037 533 3117 suppositum
555 3037 667 3097 ierunt
688 3044 758 3097 arte
778 3033 953 3110 muliebri,
974 3044 1086 3095 tenere
1112 3031 1220 3092 mariti
1242 3031 1317 3092 ani-

104 3145 193 3182 mum
223 3120 404 3181 laborantis
429 3119 576 3200 auspicio
609 3116 783 3201 gratissimi
814 3124 927 3201 partus
955 3117 1065 3198 coepti
1086 3138 1104 3177 a
1124 3136 1242 3197 puero.
1284 3110 1360 3197 Istq

104 3205 320 3275 Maximianus
341 3224 436 3264 carus
456 3200 538 3264 nulli
560 3224 714 3285 umquam
734 3200 819 3272 fuit,
847 3221 889 3261 ne
934 3201 995 3262 atri
1018 3209 1074 3265 aut
1094 3219 1209 3260 socero
1232 3197 1314 3279 qni-
1354 3240 1358 3247 -

105 3287 178 3349 dem
201 3286 347 3349 Galerio.
392 3284 541 3347 Galerius
571 3295 679 3347 autem
698 3284 780 3357 tutt,
809 3282 888 3345 licet
908 3219 1031 3345 Inculta
1051 3283 1234 3373 agrestique
1256 3272 1357 3341 iu-15

104 3372 216 3444 stitia,
237 3372 313 3432 satis
335 3368 533 3444 laudabilis,
554 3366 694 3452 pulcher
715 3387 877 3449 corpore,
900 3364 1037 3433 eximius
1059 3376 1090 3428 et
1110 3366 1190 3428 felix
1209 3364 1317 3427 bella-

106 3463 180 3525 tor,
213 3462 304 3514 crtus
334 3454 525 3534 parentibus
556 3452 717 3537 agrariis,
749 3458 864 3533 pastor
895 3460 1136 3521 armentorum}
1173 3451 1258 3512 unde
1287 3446 1316 3508 ei

108 3556 290 3613 cognomen
313 3534 540 3599 Armentarius
563 3535 638 3603 luit.
682 3535 785 3596 Ortus
808 3532 910 3603 Dacia
936 3534 1090 3616 Ripensi‚
1118 3534 1231 3619 ibique
1256 3527 1359 3595 se-rii

107 3618 220 3703 pultus
236 3624 303 3677 est:
325 3639 420 3699 quem
434 3621 545 3682 locum
558 3618 789 3680 Romulianum
805 3638 844 3686 ex
858 3618 1018 3685 vocabulo
1034 3618 1191 3680 Romulae
1206 3616 1317 3679 matris

108 3700 301 3781 appellarat.
344 3703 375 3761 Is
406 3703 584 3766 insolenter
613 3701 773 3764 affirmare
804 3722 899 3763 ausus
930 3711 999 3775 est,
1031 3708 1189 3772 matrem,
1224 3696 1358 3782 morer?

107 3782 337 3866 Olympiadis,
370 3781 546 3847 Alexandri
576 3786 686 3869 Magni
715 3785 904 3858 creatricis,
937 3804 1154 3866 compressam
1176 3782 1318 3843 dracone

104 3876 210 3932 semet
230 3869 428 3949 concepisse.
471 3868 622 3931 Galerius
642 3868 859 3940 Maximinus,
885 3888 1002 3930 sorore
1022 3866 1219 3927 Armentarii
1240 3867 1359 3952 pro-18

105 3953 254 4037 genitus,
286 3970 365 4012 vero
393 3973 432 4013 ue
462 3952 594 4015 nomine
626 3962 700 4014 ante
731 3949 907 4031 imperium
937 3954 1025 4012 Daca
1047 3950 1173 4022 dictus,
1203 3951 1320 4015 Caesar

106 4035 345 4119 quadriennio,
368 3974 487 4096 dehinc
508 4057 568 4118 per
592 4037 762 4098 Orientem
784 4032 946 4118 Augustus
966 4032 1109 4097 triennio
1132 4034 1216 4107 fult3
1243 4043 1319 4095 ortu

108 4121 240 4203 quidem
264 4128 361 4203 atque
389 4119 540 4180 instituto
563 4118 743 4200 pastorali,
775 4138 887 4179 verum
913 4117 1140 4197 sapientissimi
1163 4118 1319 4198 cuiusque

95 4223 148 4287 'ac
167 4201 388 4264 litteratorum
415 4200 534 4275 cultor,
557 4202 688 4288 ingenio
710 4200 835 4284 quicto,
852 4200 918 4260 vini
934 4199 1073 4267 avidior.
1103 4202 1178 4278 Quo
1195 4196 1375 4289 ebrius,19'

108 4284 266 4367 quaedam
295 4294 453 4367 corrupta
485 4295 592 4347 mente
617 4307 731 4365 aspera
763 4283 916 4347 iubebat:
950 4283 1038 4365 quod
1069 4306 1168 4364 quum
1192 4285 1321 4363 pigeret

98 4370 252 4441 'sactum
275 4369 419 4445 differri,
442 4390 527 4449 quae
546 4368 786 4450 praecepisset,
809 4366 843 4427 in
866 4377 992 4442 tempus
1014 4366 1159 4429 sobrium
1185 4388 1222 4439 ac
1244 4390 1319 4426 ma-

104 4451 251 4513 tutinum
271 4452 395 4513 statuit.
439 4450 624 4515 Alexander
643 4444 707 4515 tlalt
725 4449 839 4530 Phryx
861 4450 999 4533 origine,
1022 4448 1363 4537 ingenic'timlalus,no

95 4534 250 4621 ‘inferior
271 4534 421 4621 adsersus
444 4534 595 4605 laborem
619 4532 701 4601 sitio
724 4541 871 4603 senectae
885 4532 1018 4601 ,aetatis
1130 4530 1135 4539 '
1303 4548 1307 4557 ·
