2850 4958
426 275 521 353 LlB·
543 274 608 351 ΠΙ.
640 273 878 357 car.·xv1.
1140 298 1146 317 ‘
1186 297 1254 373 ¹¹7

47 462 152 525 quum
174 461 208 501 se
235 441 270 501 in
299 437 495 502 Aventinum
527 441 724 523 recepisset3
756 439 832 503 inde
853 459 985 524 quoquc
1006 440 1103 503 obvia
1124 438 1260 500 Senatus

47 548 171 598 manu,
199 525 239 586 ab
269 522 405 605 Opimio
439 524 578 587 Consule
609 541 783 606 oppressus
810 532 870 586 est.
913 523 1107 586 Insultatum
1128 518 1300 608 quoqueli

48 610 169 671 mortis
191 608 359 691 reliquiis:
382 614 416 667 et
436 608 518 672 illud
537 617 779 671 sacrosanctum
798 614 899 693 caput
913 607 1052 672 Tribuni
1066 600 1259 693 plebisper-

50 691 239 756 cursoribus
259 711 341 755 auro
362 701 570 775 repensatum
592 701 651 754 est.

485 872 713 939 CAPUT
753 872 847 941 XVI.

400 1011 583 1053 SEDITIO
615 1008 907 1057 urrunnun.

89 1134 315 1198 Nihilominus
345 1135 525 1219 Appuleius
551 1135 745 1199 Saturninus
773 1135 977 1201 Gracchanas
1006 1153 1149 1197 asserere
1172 1132 1300 1215 leges,

46 1242 119 1283 non
140 1220 277 1281 destitit.
321 1221 386 1298 Qui
409 1224 548 1297 (tantum
569 1222 755 1282 animorum
775 1224 847 1284 viro
869 1220 993 1282 Marius
1015 1217 1139 1297 dabat,)
1160 1217 1262 1278 nohi-

14 1364 21 1371 .
46 1302 145 1368 litati
160 1324 287 1383 semper
308 1303 477 1378 inimicus,-
501 1304 676 1365 Consulatu
698 1325 757 1366 suo
779 1313 949 1389 praeterea
970 1302 1128 1375 confisus,
1152 1302 1261 1362 occiso

48 1384 159 1472 palam
180 1386 324 1446 comitiis
344 1386 452 1449 Annio
475 1388 531 1467 [A.
553 1389 582 1447 N
586 1388 681 1468 onio]
704 1389 923 1471 competitore
945 1386 1155 1454 Tribunatus,
1179 1383 1262 1445 sub-

48 1488 171 1553 rogare
202 1478 338 1530 conatus
371 1480 419 1531 est
445 1472 478 1531 iu
500 1471 568 1532 eius
588 1470 699 1532 locum
722 1472 834 1532 Caium
856 1471 1061 1542 Gracchum,
1093 1466 1263 1527 hominem

9 1558 14 1577 ¹
50 1553 122 1613 siue
143 1552 255 1624 tribu,
278 1554 347 1614 sine
367 1555 521 1615 nornine:
554 1552 627 1625 sed,
659 1554 791 1616 subdito
812 1554 932 1625 titulo,
960 1553 993 1612 in
1015 1550 1170 1611 familiam
1194 1550 1263 1631 ipse

50 1657 85 1698 se
107 1635 295 1712 adoptabat.
339 1637 447 1713 Quum
470 1645 521 1696 tot
541 1638 704 1719 tantisque
726 1637 880 1699 ludibriis
912 1635 1087 1697 exsultaret
1109 1634 1238 1712 impune
1251 1676 1260 1705 ,
1283 1653 1302 1695 a

52 1719 206 1802 rogandis
229 1719 454 1780 Gracchorum
475 1719 602 1801 legibus
625 1720 670 1779 ita
691 1720 899 1781 vehementer
917 1718 1082 1790 incubuit,
1105 1724 1142 1775 ut
1161 1717 1265 1776 Sena-

50 1811 122 1862 tum
145 1809 277 1882 cogeret
292 1803 323 1861 in
346 1802 445 1864 verba
468 1803 590 1879 iurare,
610 1823 710 1883 quum
732 1804 947 1864 abnuentibus
968 1824 1049 1884 aqua
1070 1808 1101 1859 et
1123 1800 1188 1878 igni
1210 1798 1265 1857 in-

51 1884 271 1946 terdicturum
301 1906 335 1945 se
369 1887 562 1948 minaretur.
614 1888 719 1948 Unus'
739 1895 846 1947 tamen
879 1886 1024 1957 exstitit,
1062 1884 1118 1965 qni
1154 1880 1264 1941 mallet

52 1967 214 2031 exsilium.
256 1968 364 2051 Igitur
392 1978 470 2051 post
501 1968 625 2032 Metelli
657 1971 767 2053 fugam
790 1969 878 2030 omni
900 1968 1072 2029 nobilitate
1094 1962 1305 2048 perculsa,3

53 2072 154 2135 quum
175 2051 241 2110 iam
262 2053 397 2113 tertium
426 2068 554 2113 annum'
578 2052 821 2126 dominaretur,
846 2074 884 2113 eo
906 2050 1052 2113 vesaniae
1072 2066 1263 2131 progressus

53 2145 121 2209 est,
145 2141 182 2195 ut
202 2135 386 2196 consularia
407 2156 541 2219 quoque
561 2137 695 2197 comitia
716 2158 800 2198 nova
822 2134 919 2196 caede
941 2135 1099 2195 turbaret.
1131 2132 1262 2212 Quippe
1283 2129 1306 2206 4

49 2228 90 2280 ut
119 2216 291 2279 satellitem
326 2219 451 2280 furoris
486 2220 535 2281 sui
567 2218 735 2281 Glauciam
772 2218 944 2280 Consulem
974 2219 1116 2288 faceret,
1151 2215 1265 2275 Caium

10 2336 15 2361 ·.
52 2302 244 2363 Memmium
266 2302 515 2387 competitorem
539 2302 679 2363 interfici
703 2302 796 2364 iussit
809 2322 828 2361 τ.
841 2312 874 2364 et
895 2303 929 2362 in
945 2322 983 2363 eo
1000 2299 1141 2362 tumultu
1157 2318 1267 2379 regem

53 2406 94 2447 ex
114 2384 308 2447 satellitibus
339 2387 405 2448 suis
436 2407 470 2447 se
500 2384 719 2468 appellatum,
750 2384 854 2447 laetus
886 2383 1023 2466 accepit.
1069 2383 1152 2443 Tum
1184 2369 1304 2440 ver05

54 2469 120 2530 iam
151 2467 394 2547 conspiratione
425 2468 577 2542 Senatus,
610 2469 682 2552 ipso
716 2490 848 2569 quoque
879 2468 944 2529 inm
974 2465 1081 2527 Mario
1105 2461 1264 2533 Consule,

54 2552 132 2634 quia
153 2553 239 2611 tueri
261 2573 328 2611 non
348 2560 501 2635 poterat,
524 2553 682 2626 adverso,
705 2552 850 2614 directae
873 2551 905 2611 in
926 2552 1001 2612 foro
1025 2550 1129 2609 acies:
1152 2545 1264 2627 pulsus

10 2670 17 2689 ·-
51 2634 149 2706 inde,
174 2632 372 2714 Capitolium
391 2635 518 2696 invasit.
562 2634 626 2697 Sed
649 2657 768 2718 quum,
792 2635 941 2715 abruptis
962 2632 1094 2706 fistulis,
1126 2622 1307 2692 obside-6

10 2750 21 2781 ,-
52 2725 169 2786 retur,
191 2714 391 2798 senatuique
410 2739 471 2799 per
488 2716 613 2803 legatos
634 2719 855 2799 poenitentiae
876 2718 973 2783 fidem
987 2718 1120 2789 faceret,
1136 2714 1176 2774 ab
1192 2733 1266 2772 arce

10 2790 20 2877 i
54 2799 244 2881 degressus,
277 2820 352 2859 cum
378 2797 514 2860 ducibus
542 2800 693 2862 factionis
723 2811 874 2883 receptus
904 2799 1084 2860 incuriam
1105 2806 1163 2859 est.
1208 2795 1305 2876 Ibi7¹

11 2912 23 2963 ς
54 2903 155 2953 eum,
178 2882 264 2939 facta
285 2881 488 2962 irruptione,
519 2884 663 2965 populus
683 2883 824 2946 {ustibus
845 2883 993 2967 saxisque
1014 2891 1208 2965 coopertum
1231 2876 1267 2938 in

52 2967 128 3051 ipsa
150 2983 283 3047 quoque
301 2972 411 3026 morte
430 2963 597 3029 laceravit.

472 3162 701 3227 CAPUT
742 3163 853 3230 XVII.

506 3300 663 3343 DRUSIANA
684 3300 822 3343 srmrro.

101 3429 274 3491 Postremo
296 3428 407 3491 Livius
428 3431 555 3491 Drusus
583 3448 651 3488 non
680 3425 880 3488 Tribunatus
906 3420 1006 3511 modo
1033 3420 1179 3495 viribus,
1212 3416 1306 3482 aad:

49 3513 158 3593 ipsius
180 3514 277 3573 etiam
297 3515 432 3575 Senatus
453 3511 662 3584 auctoritate,
684 3511 850 3591 totiusque
870 3506 984 3587 ltaliae
1004 3527 1172 3580 consensu,
1196 3526 1269 3568 eas-

56 3598 134 3659 dem
154 3596 241 3677 leges
271 3618 414 3659 asserere
442 3606 597 3667 conatus,
628 3594 704 3655 dum
733 3593 822 3654 alind
845 3598 958 3673 captat
977 3610 1016 3650 ex
1037 3588 1121 3662 alio,
1145 3598 1310 3648 tantuma

56 3679 215 3741 conflavit
234 3679 432 3753 incendium,
453 3689 492 3740 ut
513 3700 556 3740 ne
575 3677 682 3756 prima
705 3676 792 3736 illius
813 3675 939 3735 flamma
960 3679 1072 3754 posset
1094 3671 1266 3741 sustineri3

56 3771 96 3825 et
116 3763 223 3823 subita
244 3772 352 3824 morte
372 3771 557 3844 correptus,
578 3759 816 3821 hereditarium
837 3758 871 3817 in
891 3765 1042 3837 posteros
1057 3773 1132 3812 suos
1146 3751 1269 3811 bellum

54 3854 273 3931 propagaret.
317 3844 491 3906 Iudiciaria
511 3845 584 3928 lege
604 3839 746 3902 Gracchi
770 3840 948 3900 diuiserunt
964 3835 1126 3919 populum
1148 3833 1271 3894 Roma-
1289 3831 1310 3894 3

54 3950 161 4001 raum,
185 3937 217 3989 et
237 3924 408 4010 bicipitem
430 3948 469 3989 ex
489 3948 553 3988 una
574 3928 720 3986 fecerant
743 3922 918 3984 civitatem.
961 3919 1095 4002 Equites
1119 3917 1268 3990 Romani,

57 4020 153 4072 tanta
174 4020 336 4093 potestate
355 4009 507 4084 subnixi,
539 4018 575 4069 ut
595 4009 652 4090 qui
674 4010 740 4067 fata
761 4006 974 4085 fortunasque
994 4002 1179 4084 principum
1200 4000 1270 4060 ha-

54 4095 180 4157 berent
201 4095 234 4154 in
256 4116 373 4166 manu,
395 4093 585 4175 interceptis
606 4087 839 4171 vectigalibus,
861 4086 1096 4164 peculabantur
1115 4105 1175 4145 suo
1198 4080 1270 4142 iure

53 4177 322 4258 Rempublicam.
353 4177 489 4238 Senatus
511 4174 625 4237 exsilio
648 4171 784 4246 Metelli,
806 4168 1013 4230 damnatione
1032 4166 1148 4229 Rutilii
1168 4163 1270 4226 dabi-

59 4261 198 4333 litatus,
231 4282 326 4337 omne
355 4259 455 4321 decus
483 4257 660 4320 maiestatis
690 4255 852 4317 amiserat.
895 4249 934 4310 In
959 4249 1026 4312 hoc
1052 4256 1136 4312 statu
1159 4245 1311 4321 rerumd

58 4361 162 4421 pares
184 4344 317 4424 opibus,
340 4342 467 4416 animis,
490 4341 660 4429 dignitato,
682 4336 783 4415 (unde
806 4345 839 4398 et
859 4332 1012 4394 natalium
1034 4336 1142 4395 Druso
1158 4352 1271 4391 aemu-

59 4426 150 4491 latio
183 4428 393 4506 accesserat,)
435 4427 579 4509 equitem
608 4419 765 4483 Servilius
796 4418 940 4496 Caepio,
977 4416 1130 4477 Senatum
1162 4412 1271 4474 Livius

59 4514 193 4573 Drusus
214 4530 365 4570 asserere.
408 4508 518 4591 Signa,
542 4516 575 4568 et
595 4502 722 4588 aquilae
744 4513 776 4563 et
795 4502 911 4564 vexilla
932 4496 1084 4562 aderant:
1109 4504 1272 4560 caeterum
1292 4490 1311 4557 5

64 4594 114 4657 sic
137 4590 219 4654 urbe
242 4593 275 4655 in
297 4614 381 4666 una,
404 4593 496 4677 qnasi
519 4593 550 4654 in
571 4590 657 4653 binis
678 4589 793 4651 eastris
812 4584 1045 4649 dissidebatur.
1070 4583 1175 4647 taos
1194 4578 1286 4643 Gar--
