<?xml version="1.0" encoding="UTF-8"?>
<!DOCTYPE html PUBLIC "-//W3C//DTD XHTML 1.0 Transitional//EN"
    "http://www.w3.org/TR/xhtml1/DTD/xhtml1-transitional.dtd">
<html xmlns="http://www.w3.org/1999/xhtml" xml:lang="en" lang="en">
 <head>
  <title>
</title>
<meta http-equiv="Content-Type" content="text/html;charset=utf-8" />
  <meta name='ocr-system' content='tesseract 3.04.00' />
  <meta name='ocr-capabilities' content='ocr_page ocr_carea ocr_par ocr_line ocrx_word'/>
</head>
<body>
  <div class='ocr_page' id='page_1' title='image "./scriptoreshisto00fiedgoog_0102.png"; bbox 0 0 2850 4958; ppageno 0'>
   <div class='ocr_carea' id='block_1_1' title="bbox 359 818 934 910">
    <p class='ocr_par' dir='ltr' id='par_1_1' title="bbox 359 818 934 910">
     <span class='ocr_line' id='line_1_1' title="bbox 359 818 934 910; baseline -0.005 -1"><span class='ocrx_word' id='word_1_1' title='bbox 359 848 364 852; x_wconf 82' lang='lat'>&#39;</span> <span class='ocrx_word' id='word_1_2' title='bbox 398 832 443 910; x_wconf 76' lang='lat'><strong>1.</strong></span> <span class='ocrx_word' id='word_1_3' title='bbox 477 828 718 908; x_wconf 69' lang='lat' dir='ltr'><strong>aaran}</strong></span> <span class='ocrx_word' id='word_1_4' title='bbox 744 818 934 907; x_wconf 73' lang='lat' dir='ltr'><strong>FLO&#39;RI</strong></span> 
     </span>
    </p>
   </div>
   <div class='ocr_carea' id='block_1_2' title="bbox 91 1070 1142 1204">
    <p class='ocr_par' dir='ltr' id='par_1_2' title="bbox 91 1070 1142 1204">
     <span class='ocr_line' id='line_1_2' title="bbox 91 1070 1142 1204; baseline -0.007 1"><span class='ocrx_word' id='word_1_5' title='bbox 91 1105 94 1110; x_wconf 81' lang='grc'>’</span> <span class='ocrx_word' id='word_1_6' title='bbox 202 1089 511 1204; x_wconf 88' lang='lat' dir='ltr'>RERUM</span> <span class='ocrx_word' id='word_1_7' title='bbox 573 1070 1142 1202; x_wconf 80' lang='lat' dir='ltr'><strong>ROMANARUM</strong></span> 
     </span>
    </p>
   </div>
   <div class='ocr_carea' id='block_1_3' title="bbox 496 1322 838 1460">
    <p class='ocr_par' dir='ltr' id='par_1_3' title="bbox 496 1322 838 1460">
     <span class='ocr_line' id='line_1_3' title="bbox 496 1322 838 1460; baseline -0.009 -34"><span class='ocrx_word' id='word_1_8' title='bbox 496 1322 838 1460; x_wconf 67' lang='lat' dir='ltr'><strong>armona.</strong></span> 
     </span>
    </p>
   </div>
   <div class='ocr_carea' id='block_1_4' title="bbox 379 1593 901 1673">
    <p class='ocr_par' dir='ltr' id='par_1_4' title="bbox 379 1593 901 1673">
     <span class='ocr_line' id='line_1_4' title="bbox 379 1593 901 1673; baseline 0.002 -1"><span class='ocrx_word' id='word_1_9' title='bbox 379 1634 380 1638; x_wconf 38' lang='lat'>¹</span> <span class='ocrx_word' id='word_1_10' title='bbox 421 1596 607 1672; x_wconf 86' lang='lat' dir='ltr'>LIBER</span> <span class='ocrx_word' id='word_1_11' title='bbox 654 1593 901 1673; x_wconf 79' lang='lat' dir='ltr'><strong>PRIMUS·</strong></span> 
     </span>
    </p>
   </div>
   <div class='ocr_carea' id='block_1_5' title="bbox 455 1756 850 2049">
    <p class='ocr_par' dir='ltr' id='par_1_5' title="bbox 455 1756 850 2049">
     <span class='ocr_line' id='line_1_5' title="bbox 504 1756 829 1819; baseline -0.006 2"><span class='ocrx_word' id='word_1_12' title='bbox 504 1756 829 1819; x_wconf 57' lang='lat'><em>··*······„···</em></span> 
     </span>
     <span class='ocr_line' id='line_1_6' title="bbox 455 1924 850 2049; baseline -0.003 -30"><span class='ocrx_word' id='word_1_13' title='bbox 455 1924 850 2049; x_wconf 74' lang='lat' dir='ltr'><strong>&#39;annosarum</strong></span> 
     </span>
    </p>
   </div>
   <div class='ocr_carea' id='block_1_6' title="bbox 68 2093 1324 4658">
    <p class='ocr_par' dir='ltr' id='par_1_6' title="bbox 68 2093 1324 4658">
     <span class='ocr_line' id='line_1_7' title="bbox 68 2093 1316 2242; baseline 0.002 -22"><span class='ocrx_word' id='word_1_14' title='bbox 68 2093 232 2241; x_wconf 78' lang='lat' dir='ltr'><strong>Populus</strong></span> <span class='ocrx_word' id='word_1_15' title='bbox 262 2155 426 2219; x_wconf 87' lang='lat' dir='ltr'><strong>Romanus</strong></span> <span class='ocrx_word' id='word_1_16' title='bbox 456 2180 474 2219; x_wconf 93' lang='lat' dir='ltr'><strong>a</strong></span> <span class='ocrx_word' id='word_1_17' title='bbox 496 2180 574 2242; x_wconf 86' lang='lat' dir='ltr'><strong>rege</strong></span> <span class='ocrx_word' id='word_1_18' title='bbox 599 2157 742 2221; x_wconf 87' lang='lat' dir='ltr'><strong>Romulo</strong></span> <span class='ocrx_word' id='word_1_19' title='bbox 765 2158 800 2220; x_wconf 95' lang='lat' dir='ltr'><strong>in</strong></span> <span class='ocrx_word' id='word_1_20' title='bbox 825 2157 994 2219; x_wconf 77' lang='lat' dir='ltr'><strong>Caesarem</strong></span> <span class='ocrx_word' id='word_1_21' title='bbox 1017 2153 1210 2242; x_wconf 71' lang='lat' dir='ltr'><strong>Angustum</strong></span> <span class='ocrx_word' id='word_1_22' title='bbox 1222 2174 1278 2219; x_wconf 83' lang='lat' dir='ltr'><strong>se·</strong></span> <span class='ocrx_word' id='word_1_23' title='bbox 1300 2178 1316 2223; x_wconf 83' lang='lat'>1</span> 
     </span>
     <span class='ocr_line' id='line_1_8' title="bbox 69 2233 1277 2327; baseline 0.004 -32"><span class='ocrx_word' id='word_1_24' title='bbox 69 2241 247 2324; x_wconf 72' lang='lat' dir='ltr'><strong>stiugrntos</strong></span> <span class='ocrx_word' id='word_1_25' title='bbox 271 2260 334 2322; x_wconf 85' lang='lat' dir='ltr'><strong>per</strong></span> <span class='ocrx_word' id='word_1_26' title='bbox 362 2262 463 2303; x_wconf 84' lang='lat' dir='ltr'><strong>annos</strong></span> <span class='ocrx_word' id='word_1_27' title='bbox 488 2250 615 2303; x_wconf 89' lang='lat' dir='ltr'><strong>tantum</strong></span> <span class='ocrx_word' id='word_1_28' title='bbox 645 2262 783 2327; x_wconf 88' lang='lat' dir='ltr'><strong>operum</strong></span> <span class='ocrx_word' id='word_1_29' title='bbox 804 2260 885 2324; x_wconf 89' lang='lat' dir='ltr'><strong>pace</strong></span> <span class='ocrx_word' id='word_1_30' title='bbox 905 2233 1059 2324; x_wconf 86' lang='lat' dir='ltr'><strong>belloque</strong></span> <span class='ocrx_word' id='word_1_31' title='bbox 1080 2242 1199 2325; x_wconf 79' lang='lat' dir='ltr'><strong>gessit,</strong></span> <span class='ocrx_word' id='word_1_32' title='bbox 1222 2248 1277 2317; x_wconf 88' lang='lat' dir='ltr'><strong>ut,</strong></span> 
     </span>
     <span class='ocr_line' id='line_1_9' title="bbox 69 2322 1279 2409; baseline 0.004 -29"><span class='ocrx_word' id='word_1_33' title='bbox 69 2322 88 2381; x_wconf 71' lang='lat' dir='ltr'><strong>a</strong></span> <span class='ocrx_word' id='word_1_34' title='bbox 110 2327 180 2406; x_wconf 84' lang='lat' dir='ltr'><strong>quis</strong></span> <span class='ocrx_word' id='word_1_35' title='bbox 203 2323 456 2407; x_wconf 77' lang='lat' dir='ltr'><strong>magnitudinem</strong></span> <span class='ocrx_word' id='word_1_36' title='bbox 481 2325 613 2409; x_wconf 89' lang='lat' dir='ltr'><strong>imperii</strong></span> <span class='ocrx_word' id='word_1_37' title='bbox 636 2348 710 2395; x_wconf 74' lang='lat' dir='ltr'><strong>curn</strong></span> <span class='ocrx_word' id='word_1_38' title='bbox 731 2325 822 2387; x_wconf 89' lang='lat' dir='ltr'><strong>annis</strong></span> <span class='ocrx_word' id='word_1_39' title='bbox 843 2322 1008 2398; x_wconf 87' lang='lat' dir='ltr'><strong>conferat,</strong></span> <span class='ocrx_word' id='word_1_40' title='bbox 1032 2332 1170 2387; x_wconf 87' lang='lat' dir='ltr'><strong>aetatem</strong></span> <span class='ocrx_word' id='word_1_41' title='bbox 1191 2322 1279 2385; x_wconf 88' lang='lat' dir='ltr'><strong>ultra</strong></span> 
     </span>
     <span class='ocr_line' id='line_1_10' title="bbox 69 2402 1321 2552; baseline 0.002 -87"><span class='ocrx_word' id='word_1_42' title='bbox 69 2416 163 2486; x_wconf 86' lang='lat' dir='ltr'><strong>putet.</strong></span> <span class='ocrx_word' id='word_1_43' title='bbox 207 2408 257 2467; x_wconf 88' lang='lat' dir='ltr'><strong>Ita</strong></span> <span class='ocrx_word' id='word_1_44' title='bbox 279 2408 344 2469; x_wconf 88' lang='lat' dir='ltr'><strong>late</strong></span> <span class='ocrx_word' id='word_1_45' title='bbox 365 2431 426 2491; x_wconf 86' lang='lat' dir='ltr'><strong>per</strong></span> <span class='ocrx_word' id='word_1_46' title='bbox 448 2410 564 2471; x_wconf 88' lang='lat' dir='ltr'><strong>orbem</strong></span> <span class='ocrx_word' id='word_1_47' title='bbox 587 2419 751 2470; x_wconf 87' lang='lat' dir='ltr'><strong>terrarum</strong></span> <span class='ocrx_word' id='word_1_48' title='bbox 773 2428 862 2470; x_wconf 88' lang='lat' dir='ltr'><strong>arma</strong></span> <span class='ocrx_word' id='word_1_49' title='bbox 885 2406 1197 2483; x_wconf 58' lang='lat' dir='ltr'><strong>circumtulimus,</strong></span> <span class='ocrx_word' id='word_1_50' title='bbox 1220 2402 1277 2552; x_wconf 45' lang='lat' dir='ltr'><strong>(gui</strong></span> <span class='ocrx_word' id='word_1_51' title='bbox 1299 2428 1321 2487; x_wconf 50' lang='grc' dir='ltr'><em>ᾳ</em></span> 
     </span>
     <span class='ocr_line' id='line_1_11' title="bbox 69 2487 1280 2575; baseline 0.004 -28"><span class='ocrx_word' id='word_1_52' title='bbox 69 2509 113 2549; x_wconf 85' lang='lat' dir='ltr'><strong>res</strong></span> <span class='ocrx_word' id='word_1_53' title='bbox 134 2492 202 2552; x_wconf 87' lang='lat' dir='ltr'><strong>eius</strong></span> <span class='ocrx_word' id='word_1_54' title='bbox 223 2491 356 2572; x_wconf 88' lang='lat' dir='ltr'><strong>legunt,</strong></span> <span class='ocrx_word' id='word_1_55' title='bbox 379 2492 445 2553; x_wconf 89' lang='lat' dir='ltr'><strong>non</strong></span> <span class='ocrx_word' id='word_1_56' title='bbox 468 2492 563 2554; x_wconf 91' lang='lat' dir='ltr'><strong>unius</strong></span> <span class='ocrx_word' id='word_1_57' title='bbox 585 2491 721 2575; x_wconf 91' lang='lat' dir='ltr'><strong>populi,</strong></span> <span class='ocrx_word' id='word_1_58' title='bbox 744 2490 808 2557; x_wconf 84' lang='lat' dir='ltr'><strong>sed,</strong></span> <span class='ocrx_word' id='word_1_59' title='bbox 824 2487 951 2574; x_wconf 85' lang='lat' dir='ltr'><strong>generis</strong></span> <span class='ocrx_word' id='word_1_60' title='bbox 968 2489 1102 2553; x_wconf 88' lang='lat' dir='ltr'><strong>humani</strong></span> <span class='ocrx_word' id='word_1_61' title='bbox 1124 2492 1209 2554; x_wconf 87' lang='lat' dir='ltr'><strong>facta</strong></span> <span class='ocrx_word' id='word_1_62' title='bbox 1254 2490 1280 2552; x_wconf 93' lang='lat' dir='ltr'><strong>i·</strong></span> 
     </span>
     <span class='ocr_line' id='line_1_12' title="bbox 69 2571 1279 2659; baseline 0.006 -31"><span class='ocrx_word' id='word_1_63' title='bbox 69 2585 169 2647; x_wconf 73' lang='lat' dir='ltr'><strong>acent,</strong></span> <span class='ocrx_word' id='word_1_64' title='bbox 193 2582 245 2634; x_wconf 86' lang='lat' dir='ltr'><strong>tot</strong></span> <span class='ocrx_word' id='word_1_65' title='bbox 267 2575 300 2635; x_wconf 88' lang='lat' dir='ltr'><strong>in</strong></span> <span class='ocrx_word' id='word_1_66' title='bbox 321 2574 492 2636; x_wconf 79' lang='lat' dir='ltr'>laboribus</span> <span class='ocrx_word' id='word_1_67' title='bbox 513 2577 737 2659; x_wconf 84' lang='lat' dir='ltr'><strong>periculisque</strong></span> <span class='ocrx_word' id='word_1_68' title='bbox 762 2571 899 2637; x_wconf 85' lang='lat' dir='ltr'><strong>iactatus</strong></span> <span class='ocrx_word' id='word_1_69' title='bbox 925 2583 993 2650; x_wconf 87' lang='lat' dir='ltr'><strong>est,</strong></span> <span class='ocrx_word' id='word_1_70' title='bbox 1028 2582 1065 2636; x_wconf 88' lang='lat' dir='ltr'><strong>ut</strong></span> <span class='ocrx_word' id='word_1_71' title='bbox 1086 2573 1127 2636; x_wconf 90' lang='lat' dir='ltr'><strong>ad</strong></span> <span class='ocrx_word' id='word_1_72' title='bbox 1149 2572 1279 2637; x_wconf 84' lang='lat' dir='ltr'><strong>consti-</strong></span> 
     </span>
     <span class='ocr_line' id='line_1_13' title="bbox 69 2654 1279 2739; baseline 0.008 -27"><span class='ocrx_word' id='word_1_73' title='bbox 69 2658 216 2719; x_wconf 87' lang='lat' dir='ltr'><strong>tuendum</strong></span> <span class='ocrx_word' id='word_1_74' title='bbox 238 2657 307 2718; x_wconf 88' lang='lat' dir='ltr'><strong>eius</strong></span> <span class='ocrx_word' id='word_1_75' title='bbox 330 2658 503 2739; x_wconf 88' lang='lat' dir='ltr'><strong>imperium</strong></span> <span class='ocrx_word' id='word_1_76' title='bbox 527 2660 732 2721; x_wconf 85' lang='lat' dir='ltr'><strong>contendisse</strong></span> <span class='ocrx_word' id='word_1_77' title='bbox 753 2659 869 2719; x_wconf 84' lang='lat' dir='ltr'><strong>Virtus</strong></span> <span class='ocrx_word' id='word_1_78' title='bbox 886 2663 918 2718; x_wconf 85' lang='lat' dir='ltr'><strong>et</strong></span> <span class='ocrx_word' id='word_1_79' title='bbox 932 2654 1078 2722; x_wconf 79' lang='lat' dir='ltr'><strong>Fortuna</strong></span> <span class='ocrx_word' id='word_1_80' title='bbox 1094 2654 1279 2722; x_wconf 84' lang='lat' dir='ltr'><strong>videantur.</strong></span> 
     </span>
     <span class='ocr_line' id='line_1_14' title="bbox 69 2732 1323 2827; baseline 0.006 -28"><span class='ocrx_word' id='word_1_81' title='bbox 69 2732 171 2813; x_wconf 85' lang='lat' dir='ltr'><strong>Quare</strong></span> <span class='ocrx_word' id='word_1_82' title='bbox 193 2762 295 2823; x_wconf 91' lang='lat' dir='ltr'><strong>quum</strong></span> <span class='ocrx_word' id='word_1_83' title='bbox 314 2739 492 2825; x_wconf 78' lang='lat' dir='ltr'><strong>praecipue</strong></span> <span class='ocrx_word' id='word_1_84' title='bbox 512 2738 580 2803; x_wconf 89' lang='lat' dir='ltr'><strong>boc</strong></span> <span class='ocrx_word' id='word_1_85' title='bbox 602 2762 735 2826; x_wconf 87' lang='lat' dir='ltr'><strong>quoque</strong></span> <span class='ocrx_word' id='word_1_86' title='bbox 753 2738 856 2822; x_wconf 84' lang='lat' dir='ltr'><strong>[siout</strong></span> <span class='ocrx_word' id='word_1_87' title='bbox 876 2749 984 2803; x_wconf 86' lang='lat' dir='ltr'><strong>cetera</strong></span> <span class='ocrx_word' id='word_1_88' title='bbox 993 2740 1017 2822; x_wconf 91' lang='lat'><strong>,]</strong></span> <span class='ocrx_word' id='word_1_89' title='bbox 1040 2763 1158 2825; x_wconf 81' lang='lat' dir='ltr'><strong>operae</strong></span> <span class='ocrx_word' id='word_1_90' title='bbox 1178 2737 1323 2827; x_wconf 76' lang='lat' dir='ltr'><strong>preti-5</strong></span> 
     </span>
     <span class='ocr_line' id='line_1_15' title="bbox 69 2817 1324 2924; baseline 0.009 -46"><span class='ocrx_word' id='word_1_91' title='bbox 69 2837 114 2881; x_wconf 86' lang='lat' dir='ltr'><strong>nm</strong></span> <span class='ocrx_word' id='word_1_92' title='bbox 138 2823 182 2883; x_wconf 90' lang='lat' dir='ltr'><strong>sit</strong></span> <span class='ocrx_word' id='word_1_93' title='bbox 201 2842 422 2904; x_wconf 81' lang='lat' dir='ltr'><strong>cognoscere,</strong></span> <span class='ocrx_word' id='word_1_94' title='bbox 444 2833 569 2898; x_wconf 88' lang='lat' dir='ltr'><strong>tamen,</strong></span> <span class='ocrx_word' id='word_1_95' title='bbox 592 2826 669 2907; x_wconf 91' lang='lat' dir='ltr'><strong>quia</strong></span> <span class='ocrx_word' id='word_1_96' title='bbox 691 2827 761 2924; x_wconf 87' lang='lat' dir='ltr'><strong>ipsa</strong></span> <span class='ocrx_word' id='word_1_97' title='bbox 782 2817 846 2885; x_wconf 91' lang='lat' dir='ltr'><strong>sibi</strong></span> <span class='ocrx_word' id='word_1_98' title='bbox 869 2821 978 2885; x_wconf 83' lang='lat' dir='ltr'><strong>obstat</strong></span> <span class='ocrx_word' id='word_1_99' title='bbox 998 2821 1207 2908; x_wconf 83' lang='lat' dir='ltr'><strong>magnitudo,</strong></span> <span class='ocrx_word' id='word_1_100' title='bbox 1222 2846 1282 2888; x_wconf 85' lang='lat' dir='ltr'><strong>re-</strong></span> <span class='ocrx_word' id='word_1_101' title='bbox 1317 2888 1324 2899; x_wconf 82' lang='grc'>,</span> 
     </span>
     <span class='ocr_line' id='line_1_16' title="bbox 69 2902 1283 2991; baseline 0.005 -28"><span class='ocrx_word' id='word_1_102' title='bbox 69 2920 201 2991; x_wconf 83' lang='lat' dir='ltr'><strong>rumque</strong></span> <span class='ocrx_word' id='word_1_103' title='bbox 223 2903 393 2967; x_wconf 83' lang='lat' dir='ltr'><strong>diversitas</strong></span> <span class='ocrx_word' id='word_1_104' title='bbox 413 2906 517 2969; x_wconf 87' lang='lat' dir='ltr'><strong>aciem</strong></span> <span class='ocrx_word' id='word_1_105' title='bbox 537 2905 730 2968; x_wconf 78' lang='lat' dir='ltr'><strong>intentionis</strong></span> <span class='ocrx_word' id='word_1_106' title='bbox 752 2902 937 2986; x_wconf 85' lang='lat' dir='ltr'><strong>abrumpit,</strong></span> <span class='ocrx_word' id='word_1_107' title='bbox 959 2904 1088 2979; x_wconf 86' lang='lat' dir='ltr'><strong>faciam,</strong></span> <span class='ocrx_word' id='word_1_108' title='bbox 1135 2906 1202 2969; x_wconf 88' lang='lat' dir='ltr'><strong>uod</strong></span> <span class='ocrx_word' id='word_1_109' title='bbox 1222 2928 1283 2970; x_wconf 90' lang='lat' dir='ltr'><strong>so-</strong></span> 
     </span>
     <span class='ocr_line' id='line_1_17' title="bbox 70 2930 1284 3074; baseline 0.006 -29"><span class='ocrx_word' id='word_1_110' title='bbox 70 2978 145 3065; x_wconf 77' lang='lat' dir='ltr'><strong>lent,</strong></span> <span class='ocrx_word' id='word_1_111' title='bbox 170 2990 228 3073; x_wconf 89' lang='lat' dir='ltr'><strong>qui</strong></span> <span class='ocrx_word' id='word_1_112' title='bbox 251 2998 415 3050; x_wconf 86' lang='lat' dir='ltr'><strong>terrarum</strong></span> <span class='ocrx_word' id='word_1_113' title='bbox 437 2988 517 3051; x_wconf 90' lang='lat' dir='ltr'><strong>situs</strong></span> <span class='ocrx_word' id='word_1_114' title='bbox 547 2988 705 3074; x_wconf 82' lang='lat' dir='ltr'><strong>pingunt:</strong></span> <span class='ocrx_word' id='word_1_115' title='bbox 741 2986 777 3050; x_wconf 92' lang='lat' dir='ltr'><strong>in</strong></span> <span class='ocrx_word' id='word_1_116' title='bbox 796 2985 890 3050; x_wconf 78' lang='lat' dir='ltr'><strong>brevi</strong></span> <span class='ocrx_word' id='word_1_117' title='bbox 920 2986 1012 3071; x_wconf 86' lang='lat' dir='ltr'><strong>quasi</strong></span> <span class='ocrx_word' id='word_1_118' title='bbox 1036 2930 1155 3051; x_wconf 87' lang='lat' dir='ltr'><strong>tabella</strong></span> <span class='ocrx_word' id='word_1_119' title='bbox 1176 2981 1284 3052; x_wconf 84' lang='lat' dir='ltr'><strong>totam</strong></span> 
     </span>
     <span class='ocr_line' id='line_1_18' title="bbox 71 3060 1284 3158; baseline 0.006 -29"><span class='ocrx_word' id='word_1_120' title='bbox 71 3067 130 3134; x_wconf 80' lang='lat' dir='ltr'><strong>eins</strong></span> <span class='ocrx_word' id='word_1_121' title='bbox 152 3075 327 3157; x_wconf 80' lang='lat' dir='ltr'><strong>imaginem</strong></span> <span class='ocrx_word' id='word_1_122' title='bbox 351 3071 550 3158; x_wconf 85' lang='lat' dir='ltr'><strong>amplectar,</strong></span> <span class='ocrx_word' id='word_1_123' title='bbox 573 3069 750 3144; x_wconf 84' lang='lat' dir='ltr'><strong>nonnihil,</strong></span> <span class='ocrx_word' id='word_1_124' title='bbox 772 3078 809 3132; x_wconf 90' lang='lat' dir='ltr'><strong>ut</strong></span> <span class='ocrx_word' id='word_1_125' title='bbox 830 3090 946 3152; x_wconf 85' lang='lat' dir='ltr'><strong>spero,</strong></span> <span class='ocrx_word' id='word_1_126' title='bbox 970 3070 1010 3132; x_wconf 88' lang='lat' dir='ltr'><strong>ad</strong></span> <span class='ocrx_word' id='word_1_127' title='bbox 1031 3060 1284 3136; x_wconf 85' lang='lat' dir='ltr'><strong>admirationem</strong></span> 
     </span>
     <span class='ocr_line' id='line_1_19' title="bbox 70 3150 1283 3241; baseline 0.002 -27"><span class='ocrx_word' id='word_1_128' title='bbox 70 3154 220 3239; x_wconf 77' lang='lat' dir='ltr'><strong>principis</strong></span> <span class='ocrx_word' id='word_1_129' title='bbox 248 3155 367 3241; x_wconf 91' lang='lat' dir='ltr'><strong>populi</strong></span> <span class='ocrx_word' id='word_1_130' title='bbox 399 3153 601 3231; x_wconf 85' lang='lat' dir='ltr'><strong>collaturus,</strong></span> <span class='ocrx_word' id='word_1_131' title='bbox 629 3155 656 3221; x_wconf 89' lang='lat' dir='ltr'><strong>si</strong></span> <span class='ocrx_word' id='word_1_132' title='bbox 678 3151 806 3238; x_wconf 86' lang='lat' dir='ltr'><strong>pariter</strong></span> <span class='ocrx_word' id='word_1_133' title='bbox 827 3159 925 3236; x_wconf 86' lang='lat' dir='ltr'><strong>atque</strong></span> <span class='ocrx_word' id='word_1_134' title='bbox 946 3150 1079 3218; x_wconf 87' lang='lat' dir='ltr'><strong>insimul</strong></span> <span class='ocrx_word' id='word_1_135' title='bbox 1098 3155 1283 3225; x_wconf 83' lang='lat' dir='ltr'><strong>universam</strong></span> 
     </span>
     <span class='ocr_line' id='line_1_20' title="bbox 71 3234 1323 3323; baseline 0.004 -28"><span class='ocrx_word' id='word_1_136' title='bbox 71 3240 316 3322; x_wconf 78' lang='lat' dir='ltr'><strong>magnitudinem</strong></span> <span class='ocrx_word' id='word_1_137' title='bbox 338 3239 407 3301; x_wconf 89' lang='lat' dir='ltr'><strong>eius</strong></span> <span class='ocrx_word' id='word_1_138' title='bbox 429 3239 616 3305; x_wconf 85' lang='lat' dir='ltr'><strong>ostendero.</strong></span> <span class='ocrx_word' id='word_1_139' title='bbox 659 3239 695 3303; x_wconf 84' lang='lat' dir='ltr'><strong>si</strong></span> <span class='ocrx_word' id='word_1_140' title='bbox 719 3238 792 3323; x_wconf 84' lang='lat' dir='ltr'><strong>quis</strong></span> <span class='ocrx_word' id='word_1_141' title='bbox 814 3238 893 3321; x_wconf 81' lang='lat' dir='ltr'><strong>ergo</strong></span> <span class='ocrx_word' id='word_1_142' title='bbox 908 3234 1323 3321; x_wconf 26' lang='lat' dir='ltr'><strong>populum-Romanumd</strong></span> 
     </span>
     <span class='ocr_line' id='line_1_21' title="bbox 72 3319 1281 3406; baseline 0.003 -26"><span class='ocrx_word' id='word_1_143' title='bbox 72 3325 152 3394; x_wconf 77' lang='lat' dir='ltr'><strong>quasi</strong></span> <span class='ocrx_word' id='word_1_144' title='bbox 174 3323 342 3385; x_wconf 88' lang='lat' dir='ltr'><strong>bominem</strong></span> <span class='ocrx_word' id='word_1_145' title='bbox 375 3322 583 3397; x_wconf 84' lang='lat' dir='ltr'><strong>consideret,</strong></span> <span class='ocrx_word' id='word_1_146' title='bbox 620 3330 790 3406; x_wconf 87' lang='lat' dir='ltr'><strong>totamque</strong></span> <span class='ocrx_word' id='word_1_147' title='bbox 813 3319 882 3383; x_wconf 91' lang='lat' dir='ltr'><strong>eius</strong></span> <span class='ocrx_word' id='word_1_148' title='bbox 906 3325 1044 3384; x_wconf 88' lang='lat' dir='ltr'><strong>aetatem</strong></span> <span class='ocrx_word' id='word_1_149' title='bbox 1068 3327 1281 3405; x_wconf 87' lang='lat' dir='ltr'><strong>percenseat,</strong></span> 
     </span>
     <span class='ocr_line' id='line_1_22' title="bbox 71 3398 1284 3490; baseline 0.002 -23"><span class='ocrx_word' id='word_1_150' title='bbox 71 3404 103 3459; x_wconf 64' lang='lat' dir='ltr'><strong>ul</strong></span> <span class='ocrx_word' id='word_1_151' title='bbox 121 3408 285 3486; x_wconf 82' lang='lat' dir='ltr'><strong>eoeperit,</strong></span> <span class='ocrx_word' id='word_1_152' title='bbox 308 3415 410 3490; x_wconf 87' lang='lat' dir='ltr'><strong>utque</strong></span> <span class='ocrx_word' id='word_1_153' title='bbox 431 3404 630 3482; x_wconf 79' lang='lat' dir='ltr'><strong>adoleverit,</strong></span> <span class='ocrx_word' id='word_1_154' title='bbox 652 3403 804 3490; x_wconf 67' lang='lat' dir='ltr'><strong>ut&#39;quasi</strong></span> <span class='ocrx_word' id='word_1_155' title='bbox 825 3398 868 3464; x_wconf 90' lang='lat' dir='ltr'><strong>ad</strong></span> <span class='ocrx_word' id='word_1_156' title='bbox 882 3404 1043 3489; x_wconf 86' lang='lat' dir='ltr'><strong>quendam</strong></span> <span class='ocrx_word' id='word_1_157' title='bbox 1058 3404 1208 3469; x_wconf 82' lang='lat' dir='ltr'><strong>iuventae</strong></span> <span class='ocrx_word' id='word_1_158' title='bbox 1222 3404 1284 3469; x_wconf 85' lang='lat' dir='ltr'><strong>flo-</strong></span> 
     </span>
     <span class='ocr_line' id='line_1_23' title="bbox 71 3487 1285 3573; baseline 0.003 -25"><span class='ocrx_word' id='word_1_159' title='bbox 71 3493 133 3548; x_wconf 64' lang='lat' dir='ltr'><strong>rtm</strong></span> <span class='ocrx_word' id='word_1_160' title='bbox 151 3489 354 3572; x_wconf 83' lang='lat' dir='ltr'><strong>pervenerit,</strong></span> <span class='ocrx_word' id='word_1_161' title='bbox 378 3498 415 3552; x_wconf 88' lang='lat' dir='ltr'><strong>ut</strong></span> <span class='ocrx_word' id='word_1_162' title='bbox 433 3497 547 3572; x_wconf 86' lang='lat' dir='ltr'><strong>postea</strong></span> <span class='ocrx_word' id='word_1_163' title='bbox 569 3490 659 3573; x_wconf 78' lang='lat' dir='ltr'><strong>velut</strong></span> <span class='ocrx_word' id='word_1_164' title='bbox 673 3487 893 3566; x_wconf 80' lang='lat' dir='ltr'><strong>consenuerit,</strong></span> <span class='ocrx_word' id='word_1_165' title='bbox 910 3488 1285 3573; x_wconf 69' lang='lat' dir='ltr'><strong>quatuorgraduspro-</strong></span> 
     </span>
     <span class='ocr_line' id='line_1_24' title="bbox 72 3567 1323 3657; baseline 0.006 -30"><span class='ocrx_word' id='word_1_166' title='bbox 72 3573 233 3657; x_wconf 68' lang='lat' dir='ltr'><strong>cessosque</strong></span> <span class='ocrx_word' id='word_1_167' title='bbox 255 3573 325 3635; x_wconf 89' lang='lat' dir='ltr'><strong>eius</strong></span> <span class='ocrx_word' id='word_1_168' title='bbox 346 3572 499 3636; x_wconf 69' lang='lat' dir='ltr'><strong>insaniet.</strong></span> <span class='ocrx_word' id='word_1_169' title='bbox 543 3568 657 3637; x_wconf 85' lang='lat' dir='ltr'><strong>Prima</strong></span> <span class='ocrx_word' id='word_1_170' title='bbox 687 3578 773 3635; x_wconf 89' lang='lat' dir='ltr'><strong>aetas</strong></span> <span class='ocrx_word' id='word_1_171' title='bbox 800 3569 859 3633; x_wconf 86' lang='lat' dir='ltr'><strong>sub</strong></span> <span class='ocrx_word' id='word_1_172' title='bbox 887 3570 1030 3657; x_wconf 82' lang='lat' dir='ltr'><strong>Regibus</strong></span> <span class='ocrx_word' id='word_1_173' title='bbox 1060 3574 1143 3646; x_wconf 82' lang='lat' dir='ltr'><strong>fuit„</strong></span> <span class='ocrx_word' id='word_1_174' title='bbox 1172 3567 1323 3657; x_wconf 71' lang='lat' dir='ltr'><strong>propefi</strong></span> 
     </span>
     <span class='ocr_line' id='line_1_25' title="bbox 73 3638 1283 3740; baseline 0.002 -26"><span class='ocrx_word' id='word_1_175' title='bbox 73 3638 219 3717; x_wconf 71' lang='lat' dir='ltr'><strong>ducentos</strong></span> <span class='ocrx_word' id='word_1_176' title='bbox 248 3655 327 3738; x_wconf 91' lang='lat' dir='ltr'><strong>quin</strong></span> <span class='ocrx_word' id='word_1_177' title='bbox 352 3657 484 3740; x_wconf 87' lang='lat' dir='ltr'><strong>uaginta</strong></span> <span class='ocrx_word' id='word_1_178' title='bbox 504 3676 567 3738; x_wconf 88' lang='lat' dir='ltr'><strong>per</strong></span> <span class='ocrx_word' id='word_1_179' title='bbox 587 3677 701 3731; x_wconf 88' lang='lat' dir='ltr'><strong>annos,</strong></span> <span class='ocrx_word' id='word_1_180' title='bbox 727 3654 848 3739; x_wconf 84' lang='lat' dir='ltr'><strong>quibus</strong></span> <span class='ocrx_word' id='word_1_181' title='bbox 870 3652 995 3723; x_wconf 86' lang='lat' dir='ltr'><strong>circum</strong></span> <span class='ocrx_word' id='word_1_182' title='bbox 1018 3653 1283 3736; x_wconf 86' lang='lat' dir='ltr'><strong>ipsam.1&#39;natrem</strong></span> 
     </span>
     <span class='ocr_line' id='line_1_26' title="bbox 73 3677 1320 3825; baseline 0.001 -26"><span class='ocrx_word' id='word_1_183' title='bbox 73 3744 140 3799; x_wconf 62' lang='lat' dir='ltr'><strong>tum</strong></span> <span class='ocrx_word' id='word_1_184' title='bbox 168 3737 314 3800; x_wconf 87' lang='lat' dir='ltr'><strong>finitimis</strong></span> <span class='ocrx_word' id='word_1_185' title='bbox 330 3677 484 3801; x_wconf 68' lang='lat' dir='ltr'><strong>luctatus</strong></span> <span class='ocrx_word' id='word_1_186' title='bbox 508 3745 567 3802; x_wconf 87' lang='lat' dir='ltr'><strong>est.</strong></span> <span class='ocrx_word' id='word_1_187' title='bbox 612 3740 701 3803; x_wconf 85' lang='lat' dir='ltr'><strong>Haec</strong></span> <span class='ocrx_word' id='word_1_188' title='bbox 723 3735 789 3825; x_wconf 77' lang='lat' dir='ltr'><strong>erit</strong></span> <span class='ocrx_word' id='word_1_189' title='bbox 810 3736 879 3798; x_wconf 86' lang='lat' dir='ltr'><strong>eius</strong></span> <span class='ocrx_word' id='word_1_190' title='bbox 898 3734 1050 3799; x_wconf 82' lang='lat' dir='ltr'><strong>Infantia.</strong></span> <span class='ocrx_word' id='word_1_191' title='bbox 1094 3736 1240 3819; x_wconf 86' lang='lat' dir='ltr'><strong>Sequens</strong></span> <span class='ocrx_word' id='word_1_192' title='bbox 1259 3733 1320 3800; x_wconf 67' lang='lat' dir='ltr'><strong>ad</strong></span> 
     </span>
     <span class='ocr_line' id='line_1_27' title="bbox 74 3804 1279 3906; baseline -0.001 -23"><span class='ocrx_word' id='word_1_193' title='bbox 74 3804 167 3883; x_wconf 72' lang='lat' dir='ltr'><strong>bruto</strong></span> <span class='ocrx_word' id='word_1_194' title='bbox 190 3818 420 3904; x_wconf 80' lang='lat' dir='ltr'><strong>Collatinoque</strong></span> <span class='ocrx_word' id='word_1_195' title='bbox 441 3818 658 3897; x_wconf 84' lang='lat' dir='ltr'><strong>Consulibus,</strong></span> <span class='ocrx_word' id='word_1_196' title='bbox 681 3821 715 3886; x_wconf 90' lang='lat' dir='ltr'><strong>in</strong></span> <span class='ocrx_word' id='word_1_197' title='bbox 730 3817 880 3905; x_wconf 79' lang='lat' dir='ltr'><strong>¹Appium</strong></span> <span class='ocrx_word' id='word_1_198' title='bbox 892 3814 1096 3906; x_wconf 72' lang='lat' dir='ltr'><strong>Claudium,</strong></span> <span class='ocrx_word' id='word_1_199' title='bbox 1118 3816 1279 3900; x_wconf 85' lang='lat' dir='ltr'><strong>Quintum</strong></span> 
     </span>
     <span class='ocr_line' id='line_1_28' title="bbox 76 3888 1319 4006; baseline 0 -41"><span class='ocrx_word' id='word_1_200' title='bbox 76 3888 218 3968; x_wconf 69' lang='lat' dir='ltr'><strong>Fulvium</strong></span> <span class='ocrx_word' id='word_1_201' title='bbox 252 3905 427 3978; x_wconf 90' lang='lat' dir='ltr'><strong>Consules,</strong></span> <span class='ocrx_word' id='word_1_202' title='bbox 456 3904 614 3967; x_wconf 88' lang='lat' dir='ltr'><strong>ducentos</strong></span> <span class='ocrx_word' id='word_1_203' title='bbox 644 3898 878 4006; x_wconf 64' lang='lat' dir='ltr'><strong>quinquaginta</strong></span> <span class='ocrx_word' id='word_1_204' title='bbox 903 3902 1003 3967; x_wconf 87' lang='lat' dir='ltr'><strong>annos</strong></span> <span class='ocrx_word' id='word_1_205' title='bbox 1024 3909 1136 3986; x_wconf 57' lang='lat' dir='ltr'><strong>patav,</strong></span> <span class='ocrx_word' id='word_1_206' title='bbox 1159 3899 1278 4003; x_wconf 74' lang='lat' dir='ltr'><strong>galbas</strong></span> <span class='ocrx_word' id='word_1_207' title='bbox 1315 3974 1319 3981; x_wconf 47' lang='grc'>,</span> 
     </span>
     <span class='ocr_line' id='line_1_29' title="bbox 75 3976 1276 4070; baseline 0.002 -25"><span class='ocrx_word' id='word_1_208' title='bbox 75 3976 195 4053; x_wconf 86' lang='lat' dir='ltr'><strong>ltaliam</strong></span> <span class='ocrx_word' id='word_1_209' title='bbox 216 3988 294 4050; x_wconf 91' lang='lat' dir='ltr'><strong>sube</strong></span> <span class='ocrx_word' id='word_1_210' title='bbox 318 3989 355 4051; x_wconf 88' lang='lat' dir='ltr'><strong>it.</strong></span> <span class='ocrx_word' id='word_1_211' title='bbox 386 3986 460 4050; x_wconf 88' lang='lat' dir='ltr'><strong>Hoc</strong></span> <span class='ocrx_word' id='word_1_212' title='bbox 479 3988 544 4051; x_wconf 82' lang='lat' dir='ltr'><strong>fnit</strong></span> <span class='ocrx_word' id='word_1_213' title='bbox 565 3996 692 4070; x_wconf 90' lang='lat' dir='ltr'><strong>tempus</strong></span> <span class='ocrx_word' id='word_1_214' title='bbox 713 3980 911 4051; x_wconf 79' lang='lat' dir='ltr'><strong>varisarmis</strong></span> <span class='ocrx_word' id='word_1_215' title='bbox 937 3984 978 4056; x_wconf 71' lang='lat' dir='ltr'><strong>ue,</strong></span> <span class='ocrx_word' id='word_1_216' title='bbox 997 3984 1276 4049; x_wconf 85' lang='lat' dir='ltr'><strong>incitatissrmum:</strong></span> 
     </span>
     <span class='ocr_line' id='line_1_30' title="bbox 73 4006 1321 4171; baseline 0 -40"><span class='ocrx_word' id='word_1_217' title='bbox 73 4060 140 4134; x_wconf 86' lang='lat' dir='ltr'><strong>ideo</strong></span> <span class='ocrx_word' id='word_1_218' title='bbox 187 4069 238 4136; x_wconf 90' lang='lat' dir='ltr'><strong>nis</strong></span> <span class='ocrx_word' id='word_1_219' title='bbox 259 4009 520 4134; x_wconf 77' lang='lat' dir='ltr'><strong>adolescentiam</strong></span> <span class='ocrx_word' id='word_1_220' title='bbox 543 4069 675 4133; x_wconf 82' lang='lat' dir='ltr'><strong>dixerit.</strong></span> <span class='ocrx_word' id='word_1_221' title='bbox 717 4071 881 4152; x_wconf 89' lang='lat' dir='ltr'><strong>Deinceps</strong></span> <span class='ocrx_word' id='word_1_222' title='bbox 903 4006 943 4129; x_wconf 67' lang='lat' dir='ltr'><strong>ab</strong></span> <span class='ocrx_word' id='word_1_223' title='bbox 965 4068 1133 4133; x_wconf 86' lang='lat' dir='ltr'><strong>Caesarem</strong></span> <span class='ocrx_word' id='word_1_224' title='bbox 1157 4066 1321 4171; x_wconf 81' lang='lat' dir='ltr'><strong>Augu-7</strong></span> 
     </span>
     <span class='ocr_line' id='line_1_31' title="bbox 71 4095 1280 4237; baseline -0.002 -20"><span class='ocrx_word' id='word_1_225' title='bbox 71 4162 149 4219; x_wconf 80' lang='lat' dir='ltr'><strong>ttnm</strong></span> <span class='ocrx_word' id='word_1_226' title='bbox 165 4095 304 4218; x_wconf 70' lang='lat' dir='ltr'><strong>tilueenti</strong></span> <span class='ocrx_word' id='word_1_227' title='bbox 327 4149 423 4230; x_wconf 88' lang='lat' dir='ltr'><strong>anni,</strong></span> <span class='ocrx_word' id='word_1_228' title='bbox 448 4147 566 4237; x_wconf 88' lang='lat' dir='ltr'><strong>quibus</strong></span> <span class='ocrx_word' id='word_1_229' title='bbox 588 4162 694 4217; x_wconf 90' lang='lat' dir='ltr'><strong>totum</strong></span> <span class='ocrx_word' id='word_1_230' title='bbox 718 4149 832 4219; x_wconf 89' lang='lat' dir='ltr'><strong>orbem</strong></span> <span class='ocrx_word' id='word_1_231' title='bbox 856 4148 1004 4235; x_wconf 76' lang='lat' dir='ltr'><strong>pacavitz</strong></span> <span class='ocrx_word' id='word_1_232' title='bbox 1035 4147 1092 4215; x_wconf 87' lang='lat' dir='ltr'><strong>bio</strong></span> <span class='ocrx_word' id='word_1_233' title='bbox 1122 4153 1188 4216; x_wconf 87' lang='lat' dir='ltr'><strong>iam</strong></span> <span class='ocrx_word' id='word_1_234' title='bbox 1209 4172 1280 4237; x_wconf 76' lang='lat' dir='ltr'><strong>apsa</strong></span> 
     </span>
     <span class='ocr_line' id='line_1_32' title="bbox 71 4230 1322 4327; baseline -0.002 -26"><span class='ocrx_word' id='word_1_235' title='bbox 71 4234 215 4327; x_wconf 62' lang='lat' dir='ltr'><strong>inuentos</strong></span> <span class='ocrx_word' id='word_1_236' title='bbox 238 4235 391 4320; x_wconf 85' lang='lat' dir='ltr'><strong>imperii,</strong></span> <span class='ocrx_word' id='word_1_237' title='bbox 415 4243 447 4301; x_wconf 88' lang='lat' dir='ltr'><strong>et</strong></span> <span class='ocrx_word' id='word_1_238' title='bbox 492 4236 560 4298; x_wconf 90' lang='lat' dir='ltr'><strong>uasi</strong></span> <span class='ocrx_word' id='word_1_239' title='bbox 583 4232 741 4321; x_wconf 87' lang='lat' dir='ltr'><strong>quaedam</strong></span> <span class='ocrx_word' id='word_1_240' title='bbox 762 4232 897 4299; x_wconf 84' lang='lat' dir='ltr'><strong>robusta</strong></span> <span class='ocrx_word' id='word_1_241' title='bbox 921 4230 1104 4301; x_wconf 86' lang='lat' dir='ltr'><strong>maturitas.</strong></span> <span class='ocrx_word' id='word_1_242' title='bbox 1146 4234 1177 4297; x_wconf 82' lang='lat' dir='ltr'>A</span> <span class='ocrx_word' id='word_1_243' title='bbox 1198 4236 1322 4305; x_wconf 85' lang='lat' dir='ltr'><strong>Cae-8</strong></span> 
     </span>
     <span class='ocr_line' id='line_1_33' title="bbox 71 4259 1280 4405; baseline -0.003 -21"><span class='ocrx_word' id='word_1_244' title='bbox 71 4345 138 4391; x_wconf 77' lang='lat' dir='ltr'><strong>aare</strong></span> <span class='ocrx_word' id='word_1_245' title='bbox 161 4321 306 4405; x_wconf 79' lang='lat' dir='ltr'><strong>Angusto</strong></span> <span class='ocrx_word' id='word_1_246' title='bbox 334 4322 366 4383; x_wconf 88' lang='lat' dir='ltr'><strong>in</strong></span> <span class='ocrx_word' id='word_1_247' title='bbox 388 4259 552 4383; x_wconf 78' lang='lat' dir='ltr'><strong>saecidum</strong></span> <span class='ocrx_word' id='word_1_248' title='bbox 574 4327 723 4384; x_wconf 84' lang='lat' dir='ltr'><strong>nostrum</strong></span> <span class='ocrx_word' id='word_1_249' title='bbox 744 4319 834 4382; x_wconf 89' lang='lat' dir='ltr'><strong>baud</strong></span> <span class='ocrx_word' id='word_1_250' title='bbox 853 4311 958 4381; x_wconf 88' lang='lat' dir='ltr'><strong>multo</strong></span> <span class='ocrx_word' id='word_1_251' title='bbox 981 4313 1088 4381; x_wconf 86' lang='lat' dir='ltr'><strong>minus</strong></span> <span class='ocrx_word' id='word_1_252' title='bbox 1111 4318 1187 4380; x_wconf 88' lang='lat' dir='ltr'><strong>anui</strong></span> <span class='ocrx_word' id='word_1_253' title='bbox 1208 4319 1280 4380; x_wconf 86' lang='lat' dir='ltr'><strong>dn-</strong></span> 
     </span>
     <span class='ocr_line' id='line_1_34' title="bbox 71 4398 1278 4488; baseline -0.008 -13"><span class='ocrx_word' id='word_1_254' title='bbox 71 4406 169 4475; x_wconf 75' lang='lat' dir='ltr'><strong>renti:</strong></span> <span class='ocrx_word' id='word_1_255' title='bbox 205 4405 322 4487; x_wconf 89' lang='lat' dir='ltr'><strong>quibus</strong></span> <span class='ocrx_word' id='word_1_256' title='bbox 354 4403 474 4467; x_wconf 85' lang='lat' dir='ltr'><strong>inertia</strong></span> <span class='ocrx_word' id='word_1_257' title='bbox 506 4405 677 4467; x_wconf 86' lang='lat' dir='ltr'><strong>Caesarum</strong></span> <span class='ocrx_word' id='word_1_258' title='bbox 700 4400 792 4488; x_wconf 91' lang='lat' dir='ltr'><strong>quasi</strong></span> <span class='ocrx_word' id='word_1_259' title='bbox 814 4399 986 4465; x_wconf 88' lang='lat' dir='ltr'><strong>consenuit</strong></span> <span class='ocrx_word' id='word_1_260' title='bbox 1006 4407 1104 4485; x_wconf 85' lang='lat' dir='ltr'><strong>atque</strong></span> <span class='ocrx_word' id='word_1_261' title='bbox 1126 4398 1278 4481; x_wconf 84' lang='lat' dir='ltr'><strong>decoxit;</strong></span> 
     </span>
     <span class='ocr_line' id='line_1_35' title="bbox 71 4484 1282 4586; baseline -0.007 -30"><span class='ocrx_word' id='word_1_262' title='bbox 71 4492 122 4555; x_wconf 82' lang='lat' dir='ltr'><strong>risi</strong></span> <span class='ocrx_word' id='word_1_263' title='bbox 147 4488 239 4573; x_wconf 88' lang='lat' dir='ltr'><strong>quod</strong></span> <span class='ocrx_word' id='word_1_264' title='bbox 259 4489 317 4549; x_wconf 86' lang='lat' dir='ltr'><strong>sub</strong></span> <span class='ocrx_word' id='word_1_265' title='bbox 341 4484 488 4550; x_wconf 86' lang='lat' dir='ltr'><strong>Traiano</strong></span> <span class='ocrx_word' id='word_1_266' title='bbox 508 4485 663 4573; x_wconf 88' lang='lat' dir='ltr'><strong>principe</strong></span> <span class='ocrx_word' id='word_1_267' title='bbox 684 4495 794 4549; x_wconf 87' lang='lat' dir='ltr'><strong>movet</strong></span> <span class='ocrx_word' id='word_1_268' title='bbox 815 4486 968 4561; x_wconf 86' lang='lat' dir='ltr'><strong>lacertos,</strong></span> <span class='ocrx_word' id='word_1_269' title='bbox 992 4489 1171 4569; x_wconf 84' lang='lat' dir='ltr'><strong>etpraeter</strong></span> <span class='ocrx_word' id='word_1_270' title='bbox 1189 4506 1282 4586; x_wconf 82' lang='lat' dir='ltr'><strong>spem</strong></span> 
     </span>
     <span class='ocr_line' id='line_1_36' title="bbox 72 4566 1239 4658; baseline -0.007 -17"><span class='ocrx_word' id='word_1_271' title='bbox 72 4574 210 4641; x_wconf 68' lang='lat' dir='ltr'><strong>amnium</strong></span> <span class='ocrx_word' id='word_1_272' title='bbox 236 4580 383 4635; x_wconf 87' lang='lat' dir='ltr'><strong>senectus</strong></span> <span class='ocrx_word' id='word_1_273' title='bbox 406 4570 537 4658; x_wconf 88' lang='lat' dir='ltr'><strong>imperii</strong></span> <span class='ocrx_word' id='word_1_274' title='bbox 547 4569 673 4657; x_wconf 56' lang='lat' dir='ltr'><strong>,lquasi</strong></span> <span class='ocrx_word' id='word_1_275' title='bbox 693 4566 823 4635; x_wconf 85' lang='lat' dir='ltr'><strong>reddita</strong></span> <span class='ocrx_word' id='word_1_276' title='bbox 845 4569 1034 4645; x_wconf 79' lang='lat' dir='ltr'><strong>iuventute,</strong></span> <span class='ocrx_word' id='word_1_277' title='bbox 1054 4566 1239 4635; x_wconf 78' lang='lat' dir='ltr'><strong>revirescat·</strong></span> 
     </span>
    </p>
   </div>
   <div class='ocr_carea' id='block_1_7' title="bbox 0 0 1438 4958">
    <p class='ocr_par' dir='ltr' id='par_1_7' title="bbox 0 0 1438 4958">
     <span class='ocr_line' id='line_1_37' title="bbox 0 0 1438 4958; baseline 0 0"><span class='ocrx_word' id='word_1_278' title='bbox 0 0 1438 4958; x_wconf 95' lang='lat' dir='ltr'><strong> </strong></span> 
     </span>
    </p>
   </div>
  </div>
 </body>
</html>
