2850 4958
168 296 245 375 ιρι,
551 276 596 369 Β.
622 271 808 363 ΔΝΝΑΕΙ
837 272 1007 363 stoma*

159 437 269 515 deris,
290 437 434 522 flagrans·
449 437 628 521 ignominia
648 461 687 501 ac
706 437 835 520 pudore
853 439 997 522 populus
1018 440 1207 514 Romanus,
1228 438 1375 517 dedecuit

118 523 139 590 8
184 522 293 586 uidem
323 522 487 605 praesenti
518 518 633 604 flagitii
663 520 831 583 deditione
861 522 1005 583 Mancini
1036 523 1201 606 expiarit:
1231 532 1377 597 ceterum

160 545 244 669 duce
265 604 432 688 Scipione,
461 602 665 687 Carthaginis
688 600 846 667 incendiis
866 605 907 666 ad
930 604 1055 667 excidia
1078 606 1376 681 urbiumimbslo,

110 687 291 780 ,qtandem
314 688 410 749 etiam
433 688 466 749 in
488 687 648 749 ultionem
669 687 852 750 excanduit.
885 687 950 752 Sed
971 696 1049 751 tunc
1069 690 1177 751 acrius
1201 688 1235 750 in
1252 688 1373 763 castris,

132 836 136 849 ,
162 793 261 857 quam
291 772 325 833 in
356 792 496 853 campo,
529 778 643 831 nostro
676 792 750 833 cum
776 769 903 847 milite,
936 793 1033 854 quam
1055 793 1129 839 cum
1151 774 1372 851 Numantino,

121 853 390 941 soproeliandum
411 854 485 917 fuit.
510 855 663 936 'Quippe
684 852 819 915 assiduis
842 863 875 915 et
897 855 1026 917 iniustis
1047 866 1081 918 et
1101 854 1372 933 servilibusms-

158 938 246 1003 xime
268 937 424 1021 operibus
445 937 563 1012 attriti,
585 939 674 1007 ferre
694 938 822 1022 plenius
844 937 975 1012 vallum,
998 939 1055 1021 qui
1077 960 1167 1009 arma
1187 938 1376 1013 nescireuta,

159 1020 232 1085 luto
254 1020 432 1104 inquinari,
456 1024 513 1104 qui
532 1019 688 1106 sanguine
708 1020 846 1093 nollent,
870 1020 1079 1083 iubebantur.
1121 1022 1172 1085 Ad
1193 1019 1265 1082 hoc
1287 1042 1373 1085 soor-

130 1180 134 1187 ·
158 1113 210 1181 ta,
244 1104 396 1178 calones„
427 1106 593 1179 sarcinae,
623 1104 687 1165 uisi
712 1104 760 1175 ,ad
790 1127 885 1166 usum
907 1105 1124 1180 necessariae,
1148 1113 1375 1185 amputantur.

122 1192 265 1256 terami
286 1210 352 1249 esse
378 1193 580 1260 excreatum,
607 1192 723 1270 quanti
742 1193 993 1270 imperatorem,
1024 1208 1102 1249 rere
1121 1188 1300 1272 proditum
1320 1196 1371 1251 est.

159 1271 217 1345 Sic
237 1269 371 1370 redacto
394 1271 428 1334 in
448 1269 654 1352 disciplinam
675 1270 802 1345 milite,
824 1270 995 1339 commissa
1015 1271 1121 1332 acies:
1145 1272 1307 1355 quodque
1327 1290 1374 1333 ne-

121 1374 386 1503 stultit?
406 1355 1135 1521 qt.tttttattit?'‘tti’..i⁰ltt.²:23.
1150 1355 1373 1511 ttittttff‘t

144 1519 331 1597 ¹toleranda
352 1520 431 1583 viris
453 1523 706 1602 imperarentur.
749 1519 814 1582 Sed
836 1541 937 1603 quuan
956 1520 1069 1602 Scipio
1091 1541 1204 1583 reram
1224 1520 1326 1582 vellet
1347 1526 1375 1583 et

162 1605 232 1669 siue
253 1604 447 1685 exceptione
466 1605 662 1677 victoriam,
695 1624 734 1666 eo
757 1604 986 1665 necessitatum
1008 1603 1190 1685 compulsi,
1214 1603 1375 1685 primum,

161 1697 201 1751 ut
219 1687 378 1750 destinata
401 1696 509 1750 morte
531 1688 566 1747 in
586 1686 751 1767 proelium
776 1695 930 1760 ruerent,
952 1710 1053 1769 quum
1073 1707 1108 1749 ee
1128 1688 1223 1771 prius
1247 1686 1374 1769 epulis,

129 1771 254 1857 2qaasi
282 1771 428 1845 inferiis,
462 1768 698 1854 implevissent,
731 1775 836 1832 carnis
867 1769 1091 1843 semicrudae,
1114 1779 1155 1835 ,et
1185 1769 1292 1833 celiae
1318 1766 1375 1851 (sis

122 1855 281 1919 tbvocant
307 1852 493 1937 indigenam
519 1874 558 1913 ex
585 1854 749 1915 frumento
777 1852 973 1935 potionem).
1016 1852 1223 1916 Intellectum
1245 1853 1289 1915 ab
1317 1854 1375 1913 in·

162 1945 317 2019 peratore
343 1935 536 1997 consilium:
568 1935 678 2019 itaque
705 1956 772 1996 uon
804 1943 853 1995 est
882 1936 1039 2015 permissa
1066 1957 1175 2019 pugna
1196 1934 1376 2019 morituris·

48 2024 51 2029 '
163 2022 273 2099 Quum
300 2020 386 2081 fossa
412 2027 511 2100 atque
531 2017 655 2090 lorica,
678 2026 886 2100 quatuorque
908 2020 1022 2081 castris
1043 2019 1373 2083 circumduceremus

129 2150 148 2179 ,.
161 2108 346 2186 premerem
370 2099 409 2162 ab
432 2100 514 2163 duee
536 2110 666 2163 orantes
686 2100 863 2183 proelium,
886 2107 924 2160 ut
944 2108 1108 2185 tamquam
1129 2102 1218 2165 viros
1242 2100 1376 2165 occide-

14 2234 18 2249 .
124 2182 236 2264 siret,
266 2184 324 2247 ubi
345 2205 414 2246 non
437 2183 673 2266 impetrabant,
702 2182 829 2266 placuit
850 2185 995 2266 eruptio.
1037 2185 1093 2248 Sic
1114 2193 1266 2247 conserta
1289 2204 1376 2259 mans

163 2267 300 2353 plurimi
323 2264 445 2341 occisi3
470 2277 502 2328 et
522 2289 622 2350 quum
644 2275 778 2350 urgeret
795 2270 911 2345 ¹inatres,
933 2266 976 2329 ali
1004 2269 1170 2351 nantisper
1191 2267 1272 2331 inde
1292 2268 1376 2330 vixe-

164 2360 255 2417 runt.
298 2350 482 2413 Novissime
502 2349 676 2427 consilium
700 2352 795 2433 fugae
816 2350 922 2413 sedit:
944 2290 1001 2415 sed
1022 2351 1088 2413 hoc
1109 2373 1256 2435 quoque,
1279 2348 1379 2435 ruptis

169 2456 333 2521 equorum
356 2431 513 2517 cingulis.
544 2453 664 2496 uxores
686 2433 858 2508 ademere,
886 2455 1013 2497 summo
1026 2434 1179 2508 scelere,
1202 2455 1267 2517 per
1286 2454 1377 2497 amo·

127 2510 251 2582 15rem.
295 2518 411 2600 Itaque
442 2514 615 2597 deplorato
648 2516 757 2590 exitu,
789 2516 822 2577 in
854 2514 1000 2579 ultimam
1024 2518 1150 2596 rabiem
1168 2519 1378 2603 furoremque

170 2601 342 2673 conversi,
372 2608 540 2681 postremo
567 2600 651 2660 mori
681 2598 747 2659 boc
777 2620 896 2683 genere
917 2599 1137 2662 destinarunt:
1165 2599 1267 2663 duces
1287 2620 1376 2674 suos,

168 2705 286 2767 seque,
318 2683 545 2767 patriamque,
568 2684 658 2749 ferro
680 2692 712 2744 et
734 2702 880 2757 veneno,
904 2684 1123 2767 'subiectoque
1144 2683 1292 2766 undique
1313 2684 1379 2767 igne

128 2760 390 2848 tbperemerunt.
435 2768 541 2827 Macte
564 2788 583 2828 o
605 2765 839 2842 fortissimam,
868 2773 922 2840 et,
956 2789 1030 2828 meo
1054 2766 1202 2841 iudicio,
1224 2766 1379 2829 beatissi-

169 2872 256 2912 mam
277 2850 311 2911 in
333 2847 410 2930 ipsis
434 2848 528 2911 malis
550 2846 730 2911 civitateml
764 2847 913 2910 Asseruit
936 2870 1010 2912 oum
1034 2849 1097 2912 fide
1123 2850 1252 2924 socios,
1275 2872 1380 2932 popu·

139 2977 148 2991 .-
168 2932 239 3001 lum
260 2931 352 2998 orbis
373 2941 537 2995 terrarum
560 2933 685 2996 viribus
707 2930 828 2995 fultum
854 2941 921 2993 tam
947 2954 1048 3016 parva
1068 2955 1178 3005 manu,
1200 2942 1310 2995 aetate
1322 2942 1381 3011 tan

132 3008 147 3077 i
171 3015 268 3102 longa
284 3015 450 3079 sustinuit.
483 3016 667 3078 Novissime
687 3016 827 3079 maximo
849 3017 932 3078 duce
950 3037 1108 3100 oppressa
1127 3015 1241 3077 civitas
1264 3014 1383 3081 nullan

133 3038 214 3163 adde
242 3120 276 3163 se
306 3098 461 3184 gaudium
485 3097 574 3161 bosti
596 3098 743 3183 reliquit.
785 3101 879 3165 Unus
900 3100 987 3161 enim
1009 3100 1060 3163 vir
1081 3099 1302 3163 Numantinus
1323 3118 1383 3163 non

130 3234 148 3267 ;..
171 3181 248 3261 fuit,
271 3183 329 3267 qui
350 3186 385 3247 in
404 3183 525 3246 catenis
545 3180 732 3247 duceretur.
774 3180 912 3253 Praeda,
932 3184 972 3242 ‘ut
993 3181 1034 3243 de
1054 3182 1290 3265 pauperrimis,
1312 3180 1384 3245 nul-

170 3264 223 3331 ls:
244 3286 336 3331 arma
355 3265 420 3350 ipsi
440 3274 675 3330 cremaverant.
718 3263 920 3348 Triumphus
945 3264 1157 3329 initantum
1179 3264 1220 3329 de
1240 3266 1384 3335 nuntius.

603 3552 832 3635 orror
871 3555 964 3620 xrx.
1054 3530 1057 3535 ’

137 3782 157 3842 ,¹
222 3761 396 3825 Hactenus.
406 3756 548 3842 populus
569 3757 733 3822 Romanus
756 3761 917 3845 pulcher,
939 3762 1108 3848 egregius,
1130 3759 1222 3844 pius,
1243 3770 1390 3833 sanctus,

141 3850 145 3859 “
181 3855 280 3927 atque
300 3841 510 3924 magnificus:
534 3842 662 3926 reliqua
683 3843 815 3920 saeculi,
837 3855 876 3908 ut
895 3846 1031 3933 grandia
1052 3865 1166 3929 aeque,
1189 3845 1235 3905 ita
1257 3844 1308 3907 vel
1320 3864 1393 3903 ms-

182 3928 232 4011 gis
251 3927 384 3989 turbida
405 3936 440 3987 et
459 3924 577 4002 foeda,
601 3928 820 3991 crescentibus
845 3952 919 3992 cum
945 3930 1015 4013 ipsa
1035 3927 1261 4012 magnitudine
1283 3929 1394 4009 impe-

142 4010 227 4079 urii
257 4010 367 4072 vitiis:
400 4009 482 4072 adeo
512 4017 549 4071 ut
573 4011 601 4072 si
623 4011 696 4094 quis
717 4012 801 4074 hanc
828 4014 959 4076 tertiam
983 4012 1052 4075 eius
1072 4020 1210 4073 aetatem
1232 4020 1395 4074 transma-

184 4094 310 4168 rinam,
343 4115 439 4176 quam
471 4093 687 4157 ducentorum
715 4117 873 4157 annorum
903 4095 1058 4169 fecimus,
1090 4092 1236 4169 dividat,
1265 4102 1395 4159 centum

184 4176 248 4240 bos
267 4176 419 4259 priores,
448 4177 567 4263 quibus
588 4177 750 4253 Africam,
778 4177 1023 4253 Macedoniam,
1045 4176 1207 4259 [Siciliam
1221 4180 1247 4258 ,]
1273 4178 1395 4260 Hispa-

139 4316 145 4333 ,
186 4259 274 4321 niam
296 4259 439 4333 domuit,
460 4282 596 4333 aureos,
619 4259 717 4333 (sicut
742 4267 861 4343 potitae
882 4267 1015 4341 canunt)
1037 4262 1110 4325 iare
1130 4260 1320 4344 meritoque
1340 4262 1394 4323 ts-

145 4340 320 4443 bteatnrz·
344 4350 473 4444 eentum
498 4351 668 4442 sequentes
684 4343 943 4444 ,ferrecs'plane‘
959 4353 993 4431 et
1013 4352 1188 4444 cruentos,
1211 4346 1294 4442 etosi
1317 4338 1395 4444 qqid

139 4484 144 4499 ’·
186 4447 361 4571 iiiiii:
371 4472 379 4487 ’
392 4447 546 4573 tttttt.
566 4426 872 4584 ‘iiisllffl‘dsliis'if
891 4425 1396 4594 ..lttl'ttttnllltllttt

125 4636 128 4641 -
180 4589 312 4657 coelum
336 4592 444 4681 ipsum
462 4591 573 4682 gloria
589 4588 770 4671 adscendit,
784 4591 1002 4673 Gracchanas,
1014 4591 1260 4678 Drusianasque
1273 4592 1398 4675 caede,
