<?xml version="1.0" encoding="UTF-8"?>
<!DOCTYPE html PUBLIC "-//W3C//DTD XHTML 1.0 Transitional//EN"
    "http://www.w3.org/TR/xhtml1/DTD/xhtml1-transitional.dtd">
<html xmlns="http://www.w3.org/1999/xhtml" xml:lang="en" lang="en">
 <head>
  <title>
</title>
<meta http-equiv="Content-Type" content="text/html;charset=utf-8" />
  <meta name='ocr-system' content='tesseract 3.04.00' />
  <meta name='ocr-capabilities' content='ocr_page ocr_carea ocr_par ocr_line ocrx_word'/>
</head>
<body>
  <div class='ocr_page' id='page_1' title='image "./scriptoreshisto00fiedgoog_0204.png"; bbox 0 0 2850 4958; ppageno 0'>
   <div class='ocr_carea' id='block_1_1' title="bbox 307 268 1288 523">
    <p class='ocr_par' dir='ltr' id='par_1_1' title="bbox 307 268 1288 523">
     <span class='ocr_line' id='line_1_1' title="bbox 469 268 1288 376; baseline -0.006 -22"><span class='ocrx_word' id='word_1_1' title='bbox 469 278 614 357; x_wconf 83' lang='lat' dir='ltr'>LIBER</span> <span class='ocrx_word' id='word_1_2' title='bbox 646 268 892 355; x_wconf 68' lang='lat' dir='ltr'>OCTAVUS</span> <span class='ocrx_word' id='word_1_3' title='bbox 1217 274 1288 376; x_wconf 67' lang='lat'>175²</span> 
     </span>
     <span class='ocr_line' id='line_1_2' title="bbox 307 398 972 523; baseline 0.008 -8"><span class='ocrx_word' id='word_1_4' title='bbox 307 398 317 417; x_wconf 87' lang='lat'><em>&#39;</em></span> <span class='ocrx_word' id='word_1_5' title='bbox 399 440 606 523; x_wconf 78' lang='lat' dir='ltr'>amaa</span> <span class='ocrx_word' id='word_1_6' title='bbox 655 437 972 522; x_wconf 84' lang='lat' dir='ltr'>ocravns.</span> 
     </span>
    </p>
   </div>
   <div class='ocr_carea' id='block_1_2' title="bbox 69 615 1322 1538">
    <p class='ocr_par' dir='ltr' id='par_1_2' title="bbox 69 615 1322 1538">
     <span class='ocr_line' id='line_1_3' title="bbox 85 615 1291 709; baseline -0.005 -17"><span class='ocrx_word' id='word_1_7' title='bbox 85 628 122 693; x_wconf 76' lang='lat' dir='ltr'>I·-</span> <span class='ocrx_word' id='word_1_8' title='bbox 215 641 284 688; x_wconf 91' lang='lat' dir='ltr'>nno</span> <span class='ocrx_word' id='word_1_9' title='bbox 305 623 572 709; x_wconf 80' lang='lat' dir='ltr'>octingentesimo</span> <span class='ocrx_word' id='word_1_10' title='bbox 592 630 625 687; x_wconf 87' lang='lat' dir='ltr'>et</span> <span class='ocrx_word' id='word_1_11' title='bbox 655 621 924 708; x_wconf 82' lang='lat' dir='ltr'>quinquagesimo</span> <span class='ocrx_word' id='word_1_12' title='bbox 954 618 996 683; x_wconf 88' lang='lat' dir='ltr'>ab</span> <span class='ocrx_word' id='word_1_13' title='bbox 1016 615 1108 684; x_wconf 81' lang='lat' dir='ltr'>Urba</span> <span class='ocrx_word' id='word_1_14' title='bbox 1137 623 1291 702; x_wconf 69' lang='lat' dir='ltr'>condita,</span> 
     </span>
     <span class='ocr_line' id='line_1_4' title="bbox 86 703 1293 789; baseline -0.004 -15"><span class='ocrx_word' id='word_1_15' title='bbox 86 714 217 774; x_wconf 76' lang='lat' dir='ltr'>Vetere</span> <span class='ocrx_word' id='word_1_16' title='bbox 239 718 273 770; x_wconf 87' lang='lat' dir='ltr'>et</span> <span class='ocrx_word' id='word_1_17' title='bbox 292 707 430 769; x_wconf 82' lang='lat' dir='ltr'>Valente</span> <span class='ocrx_word' id='word_1_18' title='bbox 455 707 663 781; x_wconf 81' lang='lat' dir='ltr'>Consulibus,</span> <span class='ocrx_word' id='word_1_19' title='bbox 685 706 877 789; x_wconf 69' lang='lat' dir='ltr'>Respublica</span> <span class='ocrx_word' id='word_1_20' title='bbox 899 703 938 765; x_wconf 90' lang='lat' dir='ltr'>ad</span> <span class='ocrx_word' id='word_1_21' title='bbox 953 704 1209 787; x_wconf 77' lang='lat' dir='ltr'>prosperrimum</span> <span class='ocrx_word' id='word_1_22' title='bbox 1223 716 1293 770; x_wconf 89' lang='lat' dir='ltr'>sta-</span> 
     </span>
     <span class='ocr_line' id='line_1_5' title="bbox 74 788 1293 877; baseline -0.005 -18"><span class='ocrx_word' id='word_1_23' title='bbox 74 804 164 859; x_wconf 68' lang='lat' dir='ltr'>tum</span> <span class='ocrx_word' id='word_1_24' title='bbox 184 792 302 866; x_wconf 88' lang='lat' dir='ltr'>rediit,</span> <span class='ocrx_word' id='word_1_25' title='bbox 325 792 418 853; x_wconf 91' lang='lat' dir='ltr'>bonis</span> <span class='ocrx_word' id='word_1_26' title='bbox 441 788 644 875; x_wconf 87' lang='lat' dir='ltr'>principibus</span> <span class='ocrx_word' id='word_1_27' title='bbox 673 791 795 877; x_wconf 72' lang='lat' dir='ltr'>ingenti</span> <span class='ocrx_word' id='word_1_28' title='bbox 819 788 975 850; x_wconf 86' lang='lat' dir='ltr'>felicitate</span> <span class='ocrx_word' id='word_1_29' title='bbox 998 788 1177 851; x_wconf 89' lang='lat' dir='ltr'>commissa.</span> <span class='ocrx_word' id='word_1_30' title='bbox 1218 794 1293 853; x_wconf 84' lang='lat' dir='ltr'>Do·-</span> 
     </span>
     <span class='ocr_line' id='line_1_6' title="bbox 75 873 1295 956; baseline -0.005 -13"><span class='ocrx_word' id='word_1_31' title='bbox 75 879 229 943; x_wconf 86' lang='lat' dir='ltr'>·mitiano</span> <span class='ocrx_word' id='word_1_32' title='bbox 253 877 356 946; x_wconf 87' lang='lat' dir='ltr'>enim,</span> <span class='ocrx_word' id='word_1_33' title='bbox 381 874 539 936; x_wconf 83' lang='lat' dir='ltr'>exitiabili</span> <span class='ocrx_word' id='word_1_34' title='bbox 562 883 721 956; x_wconf 85' lang='lat' dir='ltr'>tyranno,</span> <span class='ocrx_word' id='word_1_35' title='bbox 743 892 873 934; x_wconf 80' lang='lat' dir='ltr'>aaava</span> <span class='ocrx_word' id='word_1_36' title='bbox 897 873 1070 947; x_wconf 80' lang='lat' dir='ltr'>successit3</span> <span class='ocrx_word' id='word_1_37' title='bbox 1092 873 1144 933; x_wconf 90' lang='lat' dir='ltr'>vir</span> <span class='ocrx_word' id='word_1_38' title='bbox 1165 874 1198 933; x_wconf 93' lang='lat' dir='ltr'>in</span> <span class='ocrx_word' id='word_1_39' title='bbox 1218 876 1295 955; x_wconf 89' lang='lat' dir='ltr'>pri-</span> 
     </span>
     <span class='ocr_line' id='line_1_7' title="bbox 86 953 1294 1035; baseline -0.005 -10"><span class='ocrx_word' id='word_1_40' title='bbox 86 964 167 1025; x_wconf 71' lang='lat' dir='ltr'>vata</span> <span class='ocrx_word' id='word_1_41' title='bbox 190 960 254 1019; x_wconf 90' lang='lat' dir='ltr'>vita</span> <span class='ocrx_word' id='word_1_42' title='bbox 274 958 459 1021; x_wconf 89' lang='lat' dir='ltr'>moderatas</span> <span class='ocrx_word' id='word_1_43' title='bbox 486 966 518 1018; x_wconf 87' lang='lat' dir='ltr'>et</span> <span class='ocrx_word' id='word_1_44' title='bbox 541 966 708 1031; x_wconf 87' lang='lat' dir='ltr'>strenuus·‚</span> <span class='ocrx_word' id='word_1_45' title='bbox 733 955 914 1016; x_wconf 78' lang='lat' dir='ltr'>nobilitatis</span> <span class='ocrx_word' id='word_1_46' title='bbox 935 953 1070 1016; x_wconf 90' lang='lat' dir='ltr'>mediae.</span> <span class='ocrx_word' id='word_1_47' title='bbox 1113 956 1178 1035; x_wconf 87' lang='lat' dir='ltr'>Qui</span> <span class='ocrx_word' id='word_1_48' title='bbox 1198 978 1294 1020; x_wconf 80' lang='lat' dir='ltr'>senex</span> 
     </span>
     <span class='ocr_line' id='line_1_8' title="bbox 71 1036 1295 1122; baseline -0.006 -14"><span class='ocrx_word' id='word_1_49' title='bbox 71 1042 292 1114; x_wconf 82' lang='lat' dir='ltr'>-admodum,</span> <span class='ocrx_word' id='word_1_50' title='bbox 316 1060 449 1122; x_wconf 87' lang='lat' dir='ltr'>operam</span> <span class='ocrx_word' id='word_1_51' title='bbox 473 1041 568 1101; x_wconf 89' lang='lat' dir='ltr'>dante</span> <span class='ocrx_word' id='word_1_52' title='bbox 591 1038 748 1101; x_wconf 88' lang='lat' dir='ltr'>Petronio</span> <span class='ocrx_word' id='word_1_53' title='bbox 772 1038 937 1110; x_wconf 84' lang='lat' dir='ltr'>Secundo,</span> <span class='ocrx_word' id='word_1_54' title='bbox 962 1036 1132 1101; x_wconf 82' lang='lat' dir='ltr'>Praefecto</span> <span class='ocrx_word' id='word_1_55' title='bbox 1157 1049 1295 1121; x_wconf 89' lang='lat' dir='ltr'>praeto-</span> 
     </span>
     <span class='ocr_line' id='line_1_9' title="bbox 74 1120 1292 1202; baseline -0.006 -11"><span class='ocrx_word' id='word_1_56' title='bbox 74 1128 169 1200; x_wconf 80' lang='lat' dir='ltr'>.rio,</span> <span class='ocrx_word' id='word_1_57' title='bbox 192 1126 270 1185; x_wconf 90' lang='lat' dir='ltr'>item</span> <span class='ocrx_word' id='word_1_58' title='bbox 289 1120 482 1199; x_wconf 87' lang='lat' dir='ltr'>Parthenio,</span> <span class='ocrx_word' id='word_1_59' title='bbox 504 1125 714 1184; x_wconf 83' lang='lat' dir='ltr'>interfectore</span> <span class='ocrx_word' id='word_1_60' title='bbox 737 1122 934 1196; x_wconf 82' lang='lat' dir='ltr'>Domitiani,</span> <span class='ocrx_word' id='word_1_61' title='bbox 960 1120 1145 1202; x_wconf 82' lang='lat' dir='ltr'>Imperator</span> <span class='ocrx_word' id='word_1_62' title='bbox 1167 1125 1292 1198; x_wconf 88' lang='lat' dir='ltr'>factas,</span> 
     </span>
     <span class='ocr_line' id='line_1_10' title="bbox 89 1204 1322 1293; baseline -0.003 -20"><span class='ocrx_word' id='word_1_63' title='bbox 89 1208 324 1293; x_wconf 84' lang='lat' dir='ltr'>aequissimum</span> <span class='ocrx_word' id='word_1_64' title='bbox 356 1227 390 1268; x_wconf 83' lang='lat' dir='ltr'>se</span> <span class='ocrx_word' id='word_1_65' title='bbox 416 1215 449 1268; x_wconf 90' lang='lat' dir='ltr'>et</span> <span class='ocrx_word' id='word_1_66' title='bbox 473 1206 696 1267; x_wconf 80' lang='lat' dir='ltr'>civilissimum</span> <span class='ocrx_word' id='word_1_67' title='bbox 728 1206 891 1286; x_wconf 89' lang='lat' dir='ltr'>praebuit.</span> <span class='ocrx_word' id='word_1_68' title='bbox 941 1204 1151 1285; x_wconf 81' lang='lat' dir='ltr'>Reipublicae</span> <span class='ocrx_word' id='word_1_69' title='bbox 1185 1205 1322 1269; x_wconf 68' lang='lat' dir='ltr'>divina1</span> 
     </span>
     <span class='ocr_line' id='line_1_11' title="bbox 81 1287 1298 1378; baseline -0.002 -24"><span class='ocrx_word' id='word_1_70' title='bbox 81 1292 285 1378; x_wconf 73' lang='lat' dir='ltr'>provisione</span> <span class='ocrx_word' id='word_1_71' title='bbox 314 1290 496 1363; x_wconf 87' lang='lat' dir='ltr'>consuluit,</span> <span class='ocrx_word' id='word_1_72' title='bbox 528 1289 705 1353; x_wconf 86' lang='lat' dir='ltr'>Traianum</span> <span class='ocrx_word' id='word_1_73' title='bbox 732 1287 930 1367; x_wconf 88' lang='lat' dir='ltr'>adoptando.</span> <span class='ocrx_word' id='word_1_74' title='bbox 974 1290 1124 1349; x_wconf 88' lang='lat' dir='ltr'>Mortuus</span> <span class='ocrx_word' id='word_1_75' title='bbox 1149 1296 1196 1348; x_wconf 87' lang='lat' dir='ltr'>est</span> <span class='ocrx_word' id='word_1_76' title='bbox 1219 1291 1298 1351; x_wconf 65' lang='lat' dir='ltr'>Ro«,</span> 
     </span>
     <span class='ocr_line' id='line_1_12' title="bbox 81 1371 1299 1456; baseline 0.004 -27"><span class='ocrx_word' id='word_1_77' title='bbox 81 1398 166 1439; x_wconf 88' lang='lat' dir='ltr'>.1nae</span> <span class='ocrx_word' id='word_1_78' title='bbox 186 1383 262 1456; x_wconf 87' lang='lat' dir='ltr'>post</span> <span class='ocrx_word' id='word_1_79' title='bbox 284 1394 401 1434; x_wconf 90' lang='lat' dir='ltr'>annum</span> <span class='ocrx_word' id='word_1_80' title='bbox 426 1383 458 1435; x_wconf 91' lang='lat' dir='ltr'>ct</span> <span class='ocrx_word' id='word_1_81' title='bbox 481 1381 624 1455; x_wconf 86' lang='lat' dir='ltr'>quatuor</span> <span class='ocrx_word' id='word_1_82' title='bbox 647 1389 769 1433; x_wconf 84' lang='lat' dir='ltr'>menses</span> <span class='ocrx_word' id='word_1_83' title='bbox 792 1371 921 1455; x_wconf 88' lang='lat' dir='ltr'>imperii</span> <span class='ocrx_word' id='word_1_84' title='bbox 946 1371 1017 1443; x_wconf 89' lang='lat' dir='ltr'>sni,</span> <span class='ocrx_word' id='word_1_85' title='bbox 1043 1392 1079 1432; x_wconf 91' lang='lat' dir='ltr'>ac</span> <span class='ocrx_word' id='word_1_86' title='bbox 1104 1371 1171 1432; x_wconf 91' lang='lat' dir='ltr'>dies</span> <span class='ocrx_word' id='word_1_87' title='bbox 1195 1382 1299 1447; x_wconf 60' lang='lat' dir='ltr'>actua</span> 
     </span>
     <span class='ocr_line' id='line_1_13' title="bbox 69 1452 1299 1538; baseline -0.002 -17"><span class='ocrx_word' id='word_1_88' title='bbox 69 1460 209 1521; x_wconf 83' lang='lat' dir='ltr'>-aetatis</span> <span class='ocrx_word' id='word_1_89' title='bbox 230 1457 466 1538; x_wconf 83' lang='lat' dir='ltr'>septuagesimo</span> <span class='ocrx_word' id='word_1_90' title='bbox 487 1464 519 1517; x_wconf 88' lang='lat' dir='ltr'>et</span> <span class='ocrx_word' id='word_1_91' title='bbox 533 1456 635 1517; x_wconf 86' lang='lat' dir='ltr'>altero</span> <span class='ocrx_word' id='word_1_92' title='bbox 653 1471 751 1528; x_wconf 76' lang='lat' dir='ltr'>anno,</span> <span class='ocrx_word' id='word_1_93' title='bbox 765 1464 863 1538; x_wconf 85' lang='lat' dir='ltr'>atque</span> <span class='ocrx_word' id='word_1_94' title='bbox 878 1455 967 1515; x_wconf 88' lang='lat' dir='ltr'>inter</span> <span class='ocrx_word' id='word_1_95' title='bbox 984 1456 1086 1514; x_wconf 84' lang='lat' dir='ltr'>Divos</span> <span class='ocrx_word' id='word_1_96' title='bbox 1101 1452 1221 1515; x_wconf 90' lang='lat' dir='ltr'>relatus</span> <span class='ocrx_word' id='word_1_97' title='bbox 1235 1464 1299 1520; x_wconf 66' lang='lat' dir='ltr'>esta</span> 
     </span>
    </p>
   </div>
   <div class='ocr_carea' id='block_1_3' title="bbox 78 1550 1304 2532">
    <p class='ocr_par' dir='ltr' id='par_1_3' title="bbox 78 1550 1304 2532">
     <span class='ocr_line' id='line_1_14' title="bbox 137 1550 1300 1630; baseline 0 -13"><span class='ocrx_word' id='word_1_98' title='bbox 137 1559 183 1617; x_wconf 91' lang='lat'>11.</span> <span class='ocrx_word' id='word_1_99' title='bbox 208 1557 370 1618; x_wconf 87' lang='lat' dir='ltr'>Successit</span> <span class='ocrx_word' id='word_1_100' title='bbox 385 1557 414 1617; x_wconf 92' lang='lat' dir='ltr'>ei</span> <span class='ocrx_word' id='word_1_101' title='bbox 434 1550 591 1620; x_wconf 74' lang='lat' dir='ltr'>narsus</span> <span class='ocrx_word' id='word_1_102' title='bbox 614 1572 832 1616; x_wconf 79' lang='lat' dir='ltr'>rasurus</span> <span class='ocrx_word' id='word_1_103' title='bbox 860 1574 1085 1630; x_wconf 71' lang='lat' dir='ltr'>enarras,</span> <span class='ocrx_word' id='word_1_104' title='bbox 1110 1566 1202 1618; x_wconf 90' lang='lat' dir='ltr'>natus</span> <span class='ocrx_word' id='word_1_105' title='bbox 1227 1559 1300 1619; x_wconf 79' lang='lat' dir='ltr'>ra·-</span> 
     </span>
     <span class='ocr_line' id='line_1_15' title="bbox 87 1636 1300 1721; baseline 0.001 -19"><span class='ocrx_word' id='word_1_106' title='bbox 87 1640 180 1703; x_wconf 85' lang='lat' dir='ltr'>licae</span> <span class='ocrx_word' id='word_1_107' title='bbox 207 1641 242 1701; x_wconf 94' lang='lat' dir='ltr'>in</span> <span class='ocrx_word' id='word_1_108' title='bbox 272 1638 453 1721; x_wconf 84' lang='lat' dir='ltr'>Hispania,¹</span> <span class='ocrx_word' id='word_1_109' title='bbox 480 1638 604 1699; x_wconf 87' lang='lat' dir='ltr'>familia</span> <span class='ocrx_word' id='word_1_110' title='bbox 638 1637 770 1721; x_wconf 88' lang='lat' dir='ltr'>antiqua</span> <span class='ocrx_word' id='word_1_111' title='bbox 795 1640 916 1721; x_wconf 80' lang='lat' dir='ltr'>magis,</span> <span class='ocrx_word' id='word_1_112' title='bbox 947 1662 1042 1721; x_wconf 90' lang='lat' dir='ltr'>quam</span> <span class='ocrx_word' id='word_1_113' title='bbox 1077 1636 1173 1700; x_wconf 87' lang='lat' dir='ltr'>clara.</span> <span class='ocrx_word' id='word_1_114' title='bbox 1214 1642 1300 1703; x_wconf 85' lang='lat' dir='ltr'>Nam</span> 
     </span>
     <span class='ocr_line' id='line_1_16' title="bbox 78 1720 1302 1809; baseline 0.001 -26"><span class='ocrx_word' id='word_1_115' title='bbox 78 1733 193 1809; x_wconf 65' lang='lat' dir='ltr'>spater</span> <span class='ocrx_word' id='word_1_116' title='bbox 214 1723 283 1784; x_wconf 88' lang='lat' dir='ltr'>eins</span> <span class='ocrx_word' id='word_1_117' title='bbox 306 1722 448 1803; x_wconf 91' lang='lat' dir='ltr'>primum</span> <span class='ocrx_word' id='word_1_118' title='bbox 470 1720 592 1782; x_wconf 88' lang='lat' dir='ltr'>Consul</span> <span class='ocrx_word' id='word_1_119' title='bbox 612 1720 688 1782; x_wconf 88' lang='lat' dir='ltr'>fuit.</span> <span class='ocrx_word' id='word_1_120' title='bbox 730 1720 914 1798; x_wconf 84' lang='lat' dir='ltr'>Imperator</span> <span class='ocrx_word' id='word_1_121' title='bbox 932 1732 1038 1784; x_wconf 90' lang='lat' dir='ltr'>autem</span> <span class='ocrx_word' id='word_1_122' title='bbox 1062 1722 1147 1803; x_wconf 90' lang='lat' dir='ltr'>apud</span> <span class='ocrx_word' id='word_1_123' title='bbox 1169 1721 1302 1808; x_wconf 61' lang='lat' dir='ltr'>Agrip-⁶</span> 
     </span>
     <span class='ocr_line' id='line_1_17' title="bbox 81 1802 1302 1891; baseline 0.002 -25"><span class='ocrx_word' id='word_1_124' title='bbox 81 1808 208 1891; x_wconf 66' lang='lat' dir='ltr'>*piram</span> <span class='ocrx_word' id='word_1_125' title='bbox 232 1806 267 1867; x_wconf 92' lang='lat' dir='ltr'>in</span> <span class='ocrx_word' id='word_1_126' title='bbox 289 1803 403 1866; x_wconf 89' lang='lat' dir='ltr'>Galliis</span> <span class='ocrx_word' id='word_1_127' title='bbox 423 1807 526 1866; x_wconf 83' lang='lat' dir='ltr'>faetus</span> <span class='ocrx_word' id='word_1_128' title='bbox 553 1813 610 1864; x_wconf 90' lang='lat' dir='ltr'>est.</span> <span class='ocrx_word' id='word_1_129' title='bbox 653 1802 897 1883; x_wconf 80' lang='lat' dir='ltr'>Rempublicam</span> <span class='ocrx_word' id='word_1_130' title='bbox 918 1804 963 1865; x_wconf 84' lang='lat' dir='ltr'>ile</span> <span class='ocrx_word' id='word_1_131' title='bbox 987 1806 1239 1881; x_wconf 87' lang='lat' dir='ltr'>administravit,</span> <span class='ocrx_word' id='word_1_132' title='bbox 1264 1815 1302 1868; x_wconf 88' lang='lat' dir='ltr'>ut</span> 
     </span>
     <span class='ocr_line' id='line_1_18' title="bbox 82 1886 1304 1970; baseline 0 -18"><span class='ocrx_word' id='word_1_133' title='bbox 82 1887 249 1952; x_wconf 83' lang='lat' dir='ltr'>-omnibus</span> <span class='ocrx_word' id='word_1_134' title='bbox 277 1886 484 1970; x_wconf 80' lang='lat' dir='ltr'>principibus</span> <span class='ocrx_word' id='word_1_135' title='bbox 517 1886 636 1948; x_wconf 90' lang='lat' dir='ltr'>merito</span> <span class='ocrx_word' id='word_1_136' title='bbox 664 1888 881 1969; x_wconf 84' lang='lat' dir='ltr'>praeferatur.</span> <span class='ocrx_word' id='word_1_137' title='bbox 934 1888 1304 1956; x_wconf 85' lang='lat' dir='ltr'>Inusitatae.civilitatis</span> 
     </span>
     <span class='ocr_line' id='line_1_19' title="bbox 82 1967 1301 2055; baseline 0 -20"><span class='ocrx_word' id='word_1_138' title='bbox 82 1982 131 2035; x_wconf 88' lang='lat' dir='ltr'>·et</span> <span class='ocrx_word' id='word_1_139' title='bbox 150 1971 353 2033; x_wconf 91' lang='lat' dir='ltr'>fortitudinis</span> <span class='ocrx_word' id='word_1_140' title='bbox 372 1972 446 2032; x_wconf 90' lang='lat' dir='ltr'>fait.</span> <span class='ocrx_word' id='word_1_141' title='bbox 488 1968 624 2032; x_wconf 81' lang='lat' dir='ltr'>Romani</span> <span class='ocrx_word' id='word_1_142' title='bbox 648 1970 801 2051; x_wconf 84' lang='lat' dir='ltr'>imperii,</span> <span class='ocrx_word' id='word_1_143' title='bbox 828 1967 916 2055; x_wconf 86' lang='lat' dir='ltr'>quod</span> <span class='ocrx_word' id='word_1_144' title='bbox 940 1982 1013 2049; x_wconf 88' lang='lat' dir='ltr'>post</span> <span class='ocrx_word' id='word_1_145' title='bbox 1035 1971 1213 2054; x_wconf 78' lang='lat' dir='ltr'>Augustum</span> <span class='ocrx_word' id='word_1_146' title='bbox 1238 1976 1301 2037; x_wconf 90' lang='lat' dir='ltr'>de-</span> 
     </span>
     <span class='ocr_line' id='line_1_20' title="bbox 84 2051 1301 2145; baseline 0.003 -28"><span class='ocrx_word' id='word_1_147' title='bbox 84 2058 225 2117; x_wconf 83' lang='lat' dir='ltr'>·fensum</span> <span class='ocrx_word' id='word_1_148' title='bbox 252 2052 351 2131; x_wconf 71' lang='lat' dir='ltr'>magis</span> <span class='ocrx_word' id='word_1_149' title='bbox 382 2057 507 2126; x_wconf 87' lang='lat' dir='ltr'>fuerat,</span> <span class='ocrx_word' id='word_1_150' title='bbox 544 2074 639 2135; x_wconf 90' lang='lat' dir='ltr'>quam</span> <span class='ocrx_word' id='word_1_151' title='bbox 670 2051 830 2115; x_wconf 87' lang='lat' dir='ltr'>nobiliter</span> <span class='ocrx_word' id='word_1_152' title='bbox 857 2054 1065 2137; x_wconf 88' lang='lat' dir='ltr'>ampliatum,</span> <span class='ocrx_word' id='word_1_153' title='bbox 1095 2056 1172 2145; x_wconf 62' lang='lat' dir='ltr'>finps</span> <span class='ocrx_word' id='word_1_154' title='bbox 1202 2058 1301 2141; x_wconf 74' lang='lat' dir='ltr'>longe</span> 
     </span>
     <span class='ocr_line' id='line_1_21' title="bbox 85 2134 1298 2223; baseline 0.005 -24"><span class='ocrx_word' id='word_1_155' title='bbox 85 2138 229 2219; x_wconf 78' lang='lat' dir='ltr'>dataque</span> <span class='ocrx_word' id='word_1_156' title='bbox 263 2135 410 2199; x_wconf 86' lang='lat' dir='ltr'>diffudit:</span> <span class='ocrx_word' id='word_1_157' title='bbox 447 2138 545 2197; x_wconf 83' lang='lat' dir='ltr'>urbas</span> <span class='ocrx_word' id='word_1_158' title='bbox 573 2145 661 2196; x_wconf 80' lang='lat' dir='ltr'>trans</span> <span class='ocrx_word' id='word_1_159' title='bbox 692 2134 839 2197; x_wconf 80' lang='lat' dir='ltr'>llhcnum</span> <span class='ocrx_word' id='word_1_160' title='bbox 867 2138 900 2197; x_wconf 88' lang='lat' dir='ltr'>in</span> <span class='ocrx_word' id='word_1_161' title='bbox 925 2138 1095 2201; x_wconf 83' lang='lat' dir='ltr'>Germania</span> <span class='ocrx_word' id='word_1_162' title='bbox 1123 2144 1298 2223; x_wconf 85' lang='lat' dir='ltr'>reparavit.</span> 
     </span>
     <span class='ocr_line' id='line_1_22' title="bbox 87 2218 1301 2300; baseline 0.003 -17"><span class='ocrx_word' id='word_1_163' title='bbox 87 2223 257 2295; x_wconf 86' lang='lat' dir='ltr'>=Daciam,</span> <span class='ocrx_word' id='word_1_164' title='bbox 289 2219 452 2282; x_wconf 81' lang='lat' dir='ltr'>Decebalo</span> <span class='ocrx_word' id='word_1_165' title='bbox 485 2220 595 2294; x_wconf 88' lang='lat' dir='ltr'>victo,</span> <span class='ocrx_word' id='word_1_166' title='bbox 631 2218 778 2297; x_wconf 72' lang='lat' dir='ltr'>subegit,</span> <span class='ocrx_word' id='word_1_167' title='bbox 808 2219 979 2300; x_wconf 88' lang='lat' dir='ltr'>provincia</span> <span class='ocrx_word' id='word_1_168' title='bbox 1003 2230 1091 2283; x_wconf 88' lang='lat' dir='ltr'>trans</span> <span class='ocrx_word' id='word_1_169' title='bbox 1113 2224 1301 2287; x_wconf 89' lang='lat' dir='ltr'>Danubium</span> 
     </span>
     <span class='ocr_line' id='line_1_23' title="bbox 84 2302 1301 2389; baseline 0.002 -23"><span class='ocrx_word' id='word_1_170' title='bbox 84 2306 186 2366; x_wconf 70' lang='lat' dir='ltr'>facta</span> <span class='ocrx_word' id='word_1_171' title='bbox 215 2305 248 2364; x_wconf 92' lang='lat' dir='ltr'>in</span> <span class='ocrx_word' id='word_1_172' title='bbox 277 2305 329 2366; x_wconf 92' lang='lat' dir='ltr'>his</span> <span class='ocrx_word' id='word_1_173' title='bbox 361 2303 464 2389; x_wconf 80' lang='lat' dir='ltr'>agris,</span> <span class='ocrx_word' id='word_1_174' title='bbox 500 2321 583 2384; x_wconf 90' lang='lat' dir='ltr'>quos</span> <span class='ocrx_word' id='word_1_175' title='bbox 608 2321 693 2362; x_wconf 91' lang='lat' dir='ltr'>nunc</span> <span class='ocrx_word' id='word_1_176' title='bbox 718 2303 894 2384; x_wconf 87' lang='lat' dir='ltr'>Thaipbali</span> <span class='ocrx_word' id='word_1_177' title='bbox 915 2302 1055 2377; x_wconf 90' lang='lat' dir='ltr'>habent,</span> <span class='ocrx_word' id='word_1_178' title='bbox 1086 2304 1231 2368; x_wconf 83' lang='lat' dir='ltr'>Victoali</span> <span class='ocrx_word' id='word_1_179' title='bbox 1268 2306 1301 2369; x_wconf 80' lang='lat' dir='ltr'>et</span> 
     </span>
     <span class='ocr_line' id='line_1_24' title="bbox 91 2383 1303 2472; baseline 0.003 -24"><span class='ocrx_word' id='word_1_180' title='bbox 91 2386 291 2471; x_wconf 72' lang='lat' dir='ltr'>Theruingi.</span> <span class='ocrx_word' id='word_1_181' title='bbox 333 2383 381 2446; x_wconf 85' lang='lat' dir='ltr'>Ea</span> <span class='ocrx_word' id='word_1_182' title='bbox 403 2385 573 2469; x_wconf 86' lang='lat' dir='ltr'>provincia</span> <span class='ocrx_word' id='word_1_183' title='bbox 597 2385 703 2448; x_wconf 81' lang='lat' dir='ltr'>decies</span> <span class='ocrx_word' id='word_1_184' title='bbox 725 2393 859 2449; x_wconf 80' lang='lat' dir='ltr'>centena</span> <span class='ocrx_word' id='word_1_185' title='bbox 882 2386 982 2450; x_wconf 90' lang='lat' dir='ltr'>millia</span> <span class='ocrx_word' id='word_1_186' title='bbox 1003 2408 1153 2472; x_wconf 88' lang='lat' dir='ltr'>passuum</span> <span class='ocrx_word' id='word_1_187' title='bbox 1179 2390 1213 2451; x_wconf 93' lang='lat' dir='ltr'>in</span> <span class='ocrx_word' id='word_1_188' title='bbox 1232 2388 1303 2452; x_wconf 72' lang='lat' dir='ltr'>cir&#39;-</span> 
     </span>
     <span class='ocr_line' id='line_1_25' title="bbox 85 2470 1073 2532; baseline -0.01 0"><span class='ocrx_word' id='word_1_189' title='bbox 85 2470 192 2532; x_wconf 65' lang='lat' dir='ltr'>cuitu</span> <span class='ocrx_word' id='word_1_190' title='bbox 215 2471 331 2532; x_wconf 85' lang='lat' dir='ltr'>tenuit.</span> <span class='ocrx_word' id='word_1_191' title='bbox 1070 2486 1073 2493; x_wconf 62' lang='lat'><strong><em>⁴</em></strong></span> 
     </span>
    </p>
   </div>
   <div class='ocr_carea' id='block_1_4' title="bbox 75 2568 1305 3478">
    <p class='ocr_par' dir='ltr' id='par_1_4' title="bbox 75 2568 1305 3478">
     <span class='ocr_line' id='line_1_26' title="bbox 88 2568 1303 2654; baseline 0.005 -24"><span class='ocrx_word' id='word_1_192' title='bbox 88 2590 93 2601; x_wconf 94' lang='lat'><em>·</em></span> <span class='ocrx_word' id='word_1_193' title='bbox 140 2571 205 2631; x_wconf 87' lang='grc' dir='ltr'><strong>ΙΙΙ.</strong></span> <span class='ocrx_word' id='word_1_194' title='bbox 240 2569 447 2643; x_wconf 83' lang='lat' dir='ltr'>Armeniam,</span> <span class='ocrx_word' id='word_1_195' title='bbox 469 2588 566 2654; x_wconf 88' lang='lat' dir='ltr'>quam</span> <span class='ocrx_word' id='word_1_196' title='bbox 590 2574 827 2647; x_wconf 86' lang='lat' dir='ltr'>occupaverant</span> <span class='ocrx_word' id='word_1_197' title='bbox 846 2568 974 2645; x_wconf 83' lang='lat' dir='ltr'>Parthi,</span> <span class='ocrx_word' id='word_1_198' title='bbox 1001 2573 1137 2653; x_wconf 87' lang='lat' dir='ltr'>recepit,</span> <span class='ocrx_word' id='word_1_199' title='bbox 1159 2570 1303 2637; x_wconf 85' lang='lat' dir='ltr'>Partha·-</span> 
     </span>
     <span class='ocr_line' id='line_1_27' title="bbox 97 2652 1303 2737; baseline 0.005 -23"><span class='ocrx_word' id='word_1_200' title='bbox 97 2655 220 2718; x_wconf 89' lang='lat' dir='ltr'>masire</span> <span class='ocrx_word' id='word_1_201' title='bbox 251 2654 377 2727; x_wconf 90' lang='lat' dir='ltr'>occiso,</span> <span class='ocrx_word' id='word_1_202' title='bbox 411 2652 467 2735; x_wconf 90' lang='lat' dir='ltr'>qui</span> <span class='ocrx_word' id='word_1_203' title='bbox 498 2674 567 2713; x_wconf 90' lang='lat' dir='ltr'>eam</span> <span class='ocrx_word' id='word_1_204' title='bbox 591 2652 730 2712; x_wconf 90' lang='lat' dir='ltr'>tenebat.</span> <span class='ocrx_word' id='word_1_205' title='bbox 773 2652 905 2714; x_wconf 87' lang='lat' dir='ltr'>Albanis</span> <span class='ocrx_word' id='word_1_206' title='bbox 936 2675 1043 2737; x_wconf 83' lang='lat' dir='ltr'>regem</span> <span class='ocrx_word' id='word_1_207' title='bbox 1074 2654 1173 2718; x_wconf 87' lang='lat' dir='ltr'>dedit.</span> <span class='ocrx_word' id='word_1_208' title='bbox 1218 2658 1303 2724; x_wconf 87' lang='lat' dir='ltr'>Ibe-</span> 
     </span>
     <span class='ocr_line' id='line_1_28' title="bbox 88 2734 1300 2819; baseline 0.003 -18"><span class='ocrx_word' id='word_1_209' title='bbox 88 2758 217 2801; x_wconf 72' lang='lat' dir='ltr'>“rorum</span> <span class='ocrx_word' id='word_1_210' title='bbox 237 2757 356 2819; x_wconf 79' lang='lat' dir='ltr'>regem,</span> <span class='ocrx_word' id='word_1_211' title='bbox 383 2744 415 2795; x_wconf 89' lang='lat' dir='ltr'>et</span> <span class='ocrx_word' id='word_1_212' title='bbox 433 2734 714 2806; x_wconf 80' lang='lat' dir='ltr'>Sauromatarum,</span> <span class='ocrx_word' id='word_1_213' title='bbox 733 2743 766 2797; x_wconf 87' lang='lat' dir='ltr'>et</span> <span class='ocrx_word' id='word_1_214' title='bbox 784 2736 1060 2817; x_wconf 88' lang='lat' dir='ltr'>Bosporanorum,</span> <span class='ocrx_word' id='word_1_215' title='bbox 1082 2748 1114 2801; x_wconf 90' lang='lat' dir='ltr'>et</span> <span class='ocrx_word' id='word_1_216' title='bbox 1135 2741 1300 2819; x_wconf 88' lang='lat' dir='ltr'>Arabum,</span> 
     </span>
     <span class='ocr_line' id='line_1_29' title="bbox 100 2814 1302 2901; baseline 0.006 -21"><span class='ocrx_word' id='word_1_217' title='bbox 100 2828 137 2880; x_wconf 87' lang='lat' dir='ltr'>et</span> <span class='ocrx_word' id='word_1_218' title='bbox 159 2816 428 2895; x_wconf 61' lang='lat' dir='ltr'>Osdrohno‘rum,</span> <span class='ocrx_word' id='word_1_219' title='bbox 455 2826 487 2879; x_wconf 88' lang='lat' dir='ltr'>et</span> <span class='ocrx_word' id='word_1_220' title='bbox 509 2814 726 2895; x_wconf 78' lang='lat' dir='ltr'>Colchorum,</span> <span class='ocrx_word' id='word_1_221' title='bbox 749 2816 898 2878; x_wconf 83' lang='lat' dir='ltr'>infidam</span> <span class='ocrx_word' id='word_1_222' title='bbox 924 2820 1059 2899; x_wconf 86' lang='lat' dir='ltr'>accepit.</span> <span class='ocrx_word' id='word_1_223' title='bbox 1103 2824 1302 2901; x_wconf 85' lang='lat' dir='ltr'>Carduenos,</span> 
     </span>
     <span class='ocr_line' id='line_1_30' title="bbox 97 2896 1301 2983; baseline 0.01 -25"><span class='ocrx_word' id='word_1_224' title='bbox 97 2900 258 2974; x_wconf 83' lang='lat' dir='ltr'>Mardos,</span> <span class='ocrx_word' id='word_1_225' title='bbox 282 2900 396 2961; x_wconf 88' lang='lat' dir='ltr'>Medos</span> <span class='ocrx_word' id='word_1_226' title='bbox 421 2898 612 2982; x_wconf 86' lang='lat' dir='ltr'>occupavit,</span> <span class='ocrx_word' id='word_1_227' title='bbox 634 2906 666 2960; x_wconf 86' lang='lat' dir='ltr'>et</span> <span class='ocrx_word' id='word_1_228' title='bbox 695 2896 959 2971; x_wconf 83' lang='lat' dir='ltr'>Anthemusium,</span> <span class='ocrx_word' id='word_1_229' title='bbox 989 2924 1133 2983; x_wconf 77' lang='lat' dir='ltr'>magnam</span> <span class='ocrx_word' id='word_1_230' title='bbox 1157 2906 1301 2970; x_wconf 87' lang='lat' dir='ltr'>Persidis</span> 
     </span>
     <span class='ocr_line' id='line_1_31' title="bbox 75 2980 1302 3065; baseline 0.003 -18"><span class='ocrx_word' id='word_1_231' title='bbox 75 2983 292 3063; x_wconf 59' lang='lat' dir='ltr'>¹regionem,</span> <span class='ocrx_word' id='word_1_232' title='bbox 317 2982 496 3044; x_wconf 89' lang='lat' dir='ltr'>Seleuciam</span> <span class='ocrx_word' id='word_1_233' title='bbox 517 2990 551 3065; x_wconf 80' lang='lat' dir='ltr'>et</span> <span class='ocrx_word' id='word_1_234' title='bbox 568 2980 828 3063; x_wconf 83' lang='lat' dir='ltr'>Ctesiphontem,</span> <span class='ocrx_word' id='word_1_235' title='bbox 854 2982 1049 3063; x_wconf 86' lang='lat' dir='ltr'>Babylonem</span> <span class='ocrx_word' id='word_1_236' title='bbox 1072 2991 1103 3043; x_wconf 88' lang='lat' dir='ltr'>ct</span> <span class='ocrx_word' id='word_1_237' title='bbox 1127 2988 1302 3051; x_wconf 79' lang='lat' dir='ltr'>Messenios</span> 
     </span>
     <span class='ocr_line' id='line_1_32' title="bbox 99 3064 1304 3147; baseline 0.002 -21"><span class='ocrx_word' id='word_1_238' title='bbox 99 3066 285 3147; x_wconf 88' lang='lat' dir='ltr'>[Edessios]</span> <span class='ocrx_word' id='word_1_239' title='bbox 314 3066 394 3127; x_wconf 87' lang='lat' dir='ltr'>vicit</span> <span class='ocrx_word' id='word_1_240' title='bbox 416 3088 453 3126; x_wconf 94' lang='lat' dir='ltr'>ac</span> <span class='ocrx_word' id='word_1_241' title='bbox 480 3064 605 3125; x_wconf 88' lang='lat' dir='ltr'>tenuit:</span> <span class='ocrx_word' id='word_1_242' title='bbox 632 3085 733 3147; x_wconf 86' lang='lat' dir='ltr'>usque</span> <span class='ocrx_word' id='word_1_243' title='bbox 762 3064 809 3125; x_wconf 47' lang='lat' dir='ltr'>ad,</span> <span class='ocrx_word' id='word_1_244' title='bbox 826 3064 942 3125; x_wconf 83' lang='lat' dir='ltr'>Indiae</span> <span class='ocrx_word' id='word_1_245' title='bbox 960 3064 1037 3126; x_wconf 86' lang='lat' dir='ltr'>fines</span> <span class='ocrx_word' id='word_1_246' title='bbox 1072 3073 1103 3126; x_wconf 89' lang='lat' dir='ltr'>et</span> <span class='ocrx_word' id='word_1_247' title='bbox 1128 3090 1217 3131; x_wconf 89' lang='lat' dir='ltr'>mare</span> <span class='ocrx_word' id='word_1_248' title='bbox 1242 3090 1304 3129; x_wconf 88' lang='lat' dir='ltr'>ru·-</span> 
     </span>
     <span class='ocr_line' id='line_1_33' title="bbox 100 3145 1305 3233; baseline 0.002 -22"><span class='ocrx_word' id='word_1_249' title='bbox 100 3150 201 3211; x_wconf 90' lang='lat' dir='ltr'>brum</span> <span class='ocrx_word' id='word_1_250' title='bbox 224 3150 375 3223; x_wconf 87' lang='lat' dir='ltr'>accessit,</span> <span class='ocrx_word' id='word_1_251' title='bbox 401 3158 498 3231; x_wconf 90' lang='lat' dir='ltr'>atquc</span> <span class='ocrx_word' id='word_1_252' title='bbox 517 3148 563 3209; x_wconf 92' lang='lat' dir='ltr'>ibi</span> <span class='ocrx_word' id='word_1_253' title='bbox 580 3156 645 3209; x_wconf 84' lang='lat' dir='ltr'>tres</span> <span class='ocrx_word' id='word_1_254' title='bbox 664 3145 849 3227; x_wconf 88' lang='lat' dir='ltr'>provincias</span> <span class='ocrx_word' id='word_1_255' title='bbox 865 3148 955 3223; x_wconf 86' lang='lat' dir='ltr'>fecit,</span> <span class='ocrx_word' id='word_1_256' title='bbox 974 3146 1170 3225; x_wconf 85' lang='lat' dir='ltr'>Armeniam,</span> <span class='ocrx_word' id='word_1_257' title='bbox 1195 3152 1305 3233; x_wconf 77' lang='lat' dir='ltr'>Assy-</span> 
     </span>
     <span class='ocr_line' id='line_1_34' title="bbox 100 3230 1304 3315; baseline 0.002 -20"><span class='ocrx_word' id='word_1_258' title='bbox 100 3232 206 3305; x_wconf 85' lang='lat' dir='ltr'>riam,</span> <span class='ocrx_word' id='word_1_259' title='bbox 226 3233 511 3311; x_wconf 85' lang='lat' dir='ltr'>Mesopotamiam,</span> <span class='ocrx_word' id='word_1_260' title='bbox 537 3252 609 3291; x_wconf 92' lang='lat' dir='ltr'>cum</span> <span class='ocrx_word' id='word_1_261' title='bbox 632 3230 684 3291; x_wconf 90' lang='lat' dir='ltr'>his</span> <span class='ocrx_word' id='word_1_262' title='bbox 708 3230 876 3313; x_wconf 82' lang='lat' dir='ltr'>gentibus,</span> <span class='ocrx_word' id='word_1_263' title='bbox 906 3252 987 3315; x_wconf 88' lang='lat' dir='ltr'>quac</span> <span class='ocrx_word' id='word_1_264' title='bbox 1011 3232 1181 3295; x_wconf 88' lang='lat' dir='ltr'>Madanam</span> <span class='ocrx_word' id='word_1_265' title='bbox 1200 3237 1304 3298; x_wconf 87' lang='lat' dir='ltr'>attin-</span> 
     </span>
     <span class='ocr_line' id='line_1_35' title="bbox 101 3313 1302 3401; baseline 0.004 -26"><span class='ocrx_word' id='word_1_266' title='bbox 101 3324 194 3401; x_wconf 77' lang='lat' dir='ltr'>gunt.</span> <span class='ocrx_word' id='word_1_267' title='bbox 238 3316 391 3377; x_wconf 81' lang='lat' dir='ltr'>Arabiam</span> <span class='ocrx_word' id='word_1_268' title='bbox 413 3323 527 3396; x_wconf 84' lang='lat' dir='ltr'>postea</span> <span class='ocrx_word' id='word_1_269' title='bbox 554 3314 586 3374; x_wconf 89' lang='lat' dir='ltr'>in</span> <span class='ocrx_word' id='word_1_270' title='bbox 612 3313 800 3394; x_wconf 88' lang='lat' dir='ltr'>provinciae</span> <span class='ocrx_word' id='word_1_271' title='bbox 820 3314 1117 3399; x_wconf 74' lang='lat' dir='ltr'>formamredegit.</span> <span class='ocrx_word' id='word_1_272' title='bbox 1157 3320 1200 3391; x_wconf 85' lang='lat' dir='ltr'>¹In</span> <span class='ocrx_word' id='word_1_273' title='bbox 1219 3322 1302 3385; x_wconf 86' lang='lat' dir='ltr'>mari</span> 
     </span>
     <span class='ocr_line' id='line_1_36' title="bbox 101 3396 1296 3478; baseline 0.001 -18"><span class='ocrx_word' id='word_1_274' title='bbox 101 3400 207 3461; x_wconf 88' lang='lat' dir='ltr'>rubro</span> <span class='ocrx_word' id='word_1_275' title='bbox 231 3398 361 3460; x_wconf 91' lang='lat' dir='ltr'>classem</span> <span class='ocrx_word' id='word_1_276' title='bbox 381 3397 540 3469; x_wconf 88' lang='lat' dir='ltr'>instituit,</span> <span class='ocrx_word' id='word_1_277' title='bbox 559 3406 596 3457; x_wconf 87' lang='lat' dir='ltr'>ut</span> <span class='ocrx_word' id='word_1_278' title='bbox 615 3419 674 3478; x_wconf 90' lang='lat' dir='ltr'>per</span> <span class='ocrx_word' id='word_1_279' title='bbox 695 3417 764 3457; x_wconf 87' lang='lat' dir='ltr'>cam</span> <span class='ocrx_word' id='word_1_280' title='bbox 784 3397 896 3459; x_wconf 84' lang='lat' dir='ltr'>Indiae</span> <span class='ocrx_word' id='word_1_281' title='bbox 918 3396 995 3460; x_wconf 83' lang='lat' dir='ltr'>fines</span> <span class='ocrx_word' id='word_1_282' title='bbox 1015 3398 1163 3465; x_wconf 77' lang='lat' dir='ltr'>vastaret.</span> <span class='ocrx_word' id='word_1_283' title='bbox 1291 3400 1296 3415; x_wconf 73' lang='lat'>⁸</span> 
     </span>
    </p>
   </div>
   <div class='ocr_carea' id='block_1_5' title="bbox 99 3512 1334 4687">
    <p class='ocr_par' dir='ltr' id='par_1_5' title="bbox 99 3512 1334 4687">
     <span class='ocr_line' id='line_1_37' title="bbox 143 3512 1304 3605; baseline 0.003 -30"><span class='ocrx_word' id='word_1_284' title='bbox 143 3515 206 3577; x_wconf 87' lang='lat' dir='ltr'>IV.</span> <span class='ocrx_word' id='word_1_285' title='bbox 234 3514 380 3576; x_wconf 85' lang='lat' dir='ltr'>Gloriam</span> <span class='ocrx_word' id='word_1_286' title='bbox 401 3524 505 3575; x_wconf 90' lang='lat' dir='ltr'>tamen</span> <span class='ocrx_word' id='word_1_287' title='bbox 526 3512 702 3576; x_wconf 84' lang='lat' dir='ltr'>militarem</span> <span class='ocrx_word' id='word_1_288' title='bbox 725 3512 881 3576; x_wconf 85' lang='lat' dir='ltr'>civilitate</span> <span class='ocrx_word' id='word_1_289' title='bbox 904 3523 935 3575; x_wconf 89' lang='lat' dir='ltr'>et</span> <span class='ocrx_word' id='word_1_290' title='bbox 953 3515 1179 3581; x_wconf 87' lang='lat' dir='ltr'>moderatione</span> <span class='ocrx_word' id='word_1_291' title='bbox 1197 3541 1304 3605; x_wconf 70' lang='lat' dir='ltr'>supe-r</span> 
     </span>
     <span class='ocr_line' id='line_1_38' title="bbox 102 3597 1299 3680; baseline 0.003 -19"><span class='ocrx_word' id='word_1_292' title='bbox 102 3600 208 3671; x_wconf 82' lang='lat' dir='ltr'>ravit,</span> <span class='ocrx_word' id='word_1_293' title='bbox 233 3599 355 3659; x_wconf 83' lang='lat' dir='ltr'>Romae</span> <span class='ocrx_word' id='word_1_294' title='bbox 375 3607 408 3660; x_wconf 88' lang='lat' dir='ltr'>et</span> <span class='ocrx_word' id='word_1_295' title='bbox 429 3619 490 3679; x_wconf 88' lang='lat' dir='ltr'>per</span> <span class='ocrx_word' id='word_1_296' title='bbox 509 3597 696 3678; x_wconf 85' lang='lat' dir='ltr'>provincias</span> <span class='ocrx_word' id='word_1_297' title='bbox 715 3598 879 3680; x_wconf 86' lang='lat' dir='ltr'>aequalem</span> <span class='ocrx_word' id='word_1_298' title='bbox 899 3619 932 3658; x_wconf 83' lang='lat' dir='ltr'>se</span> <span class='ocrx_word' id='word_1_299' title='bbox 952 3599 1103 3659; x_wconf 90' lang='lat' dir='ltr'>omnibus</span> <span class='ocrx_word' id='word_1_300' title='bbox 1123 3602 1299 3676; x_wconf 81' lang='lat' dir='ltr'>exhibens3</span> 
     </span>
     <span class='ocr_line' id='line_1_39' title="bbox 99 3680 1302 3763; baseline 0 -18"><span class='ocrx_word' id='word_1_301' title='bbox 99 3681 226 3745; x_wconf 77' lang='lat' dir='ltr'>amieos</span> <span class='ocrx_word' id='word_1_302' title='bbox 248 3680 406 3742; x_wconf 88' lang='lat' dir='ltr'>salutandi</span> <span class='ocrx_word' id='word_1_303' title='bbox 431 3701 550 3747; x_wconf 85' lang='lat' dir='ltr'>caussa¹</span> <span class='ocrx_word' id='word_1_304' title='bbox 563 3681 792 3759; x_wconf 84' lang='lat' dir='ltr'>frequentans,</span> <span class='ocrx_word' id='word_1_305' title='bbox 816 3680 868 3741; x_wconf 90' lang='lat' dir='ltr'>vel</span> <span class='ocrx_word' id='word_1_306' title='bbox 888 3684 1302 3763; x_wconf 73' lang='lat' dir='ltr'>aegrotantes‚&#39;rel‚·qnum</span> 
     </span>
     <span class='ocr_line' id='line_1_40' title="bbox 100 3760 1302 3835; baseline 0.002 -8"><span class='ocrx_word' id='word_1_307' title='bbox 100 3766 204 3829; x_wconf 75' lang='lat' dir='ltr'>festos</span> <span class='ocrx_word' id='word_1_308' title='bbox 229 3765 298 3826; x_wconf 91' lang='lat' dir='ltr'>dies</span> <span class='ocrx_word' id='word_1_309' title='bbox 320 3762 525 3835; x_wconf 83' lang='lat' dir='ltr'>habuissent,</span> <span class='ocrx_word' id='word_1_310' title='bbox 548 3762 697 3824; x_wconf 85' lang='lat' dir='ltr'>convivia</span> <span class='ocrx_word' id='word_1_311' title='bbox 725 3782 798 3821; x_wconf 89' lang='lat' dir='ltr'>cum</span> <span class='ocrx_word' id='word_1_312' title='bbox 824 3762 939 3823; x_wconf 89' lang='lat' dir='ltr'>iisdem</span> <span class='ocrx_word' id='word_1_313' title='bbox 967 3760 1139 3827; x_wconf 79' lang='lat' dir='ltr'>indiscreta</span> <span class='ocrx_word' id='word_1_314' title='bbox 1160 3766 1302 3829; x_wconf 71' lang='lat' dir='ltr'>vicissim</span> 
     </span>
     <span class='ocr_line' id='line_1_41' title="bbox 99 3842 1302 3926; baseline -0.001 -14"><span class='ocrx_word' id='word_1_315' title='bbox 99 3842 246 3922; x_wconf 83' lang='lat' dir='ltr'>habens,</span> <span class='ocrx_word' id='word_1_316' title='bbox 277 3868 372 3926; x_wconf 89' lang='lat' dir='ltr'>saepe</span> <span class='ocrx_word' id='word_1_317' title='bbox 402 3848 434 3907; x_wconf 91' lang='lat' dir='ltr'>in</span> <span class='ocrx_word' id='word_1_318' title='bbox 459 3845 616 3907; x_wconf 88' lang='lat' dir='ltr'>vehiculis</span> <span class='ocrx_word' id='word_1_319' title='bbox 645 3858 760 3905; x_wconf 87' lang='lat' dir='ltr'>eorum</span> <span class='ocrx_word' id='word_1_320' title='bbox 781 3843 923 3917; x_wconf 83' lang='lat' dir='ltr'>&#39;s&#39;edcns3</span> <span class='ocrx_word' id='word_1_321' title='bbox 951 3844 1089 3907; x_wconf 86' lang='lat' dir='ltr'>-aullum&#39;</span> <span class='ocrx_word' id='word_1_322' title='bbox 1107 3846 1302 3912; x_wconf 87' lang='lat' dir='ltr'>Senatorum</span> 
     </span>
     <span class='ocr_line' id='line_1_42' title="bbox 102 3924 1302 4011; baseline 0.003 -19"><span class='ocrx_word' id='word_1_323' title='bbox 102 3928 253 4007; x_wconf 75' lang='lat' dir='ltr'>laedens,</span> <span class='ocrx_word' id='word_1_324' title='bbox 283 3928 369 3989; x_wconf 93' lang='lat' dir='ltr'>nihil</span> <span class='ocrx_word' id='word_1_325' title='bbox 392 3929 547 3990; x_wconf 89' lang='lat' dir='ltr'>iniustum</span> <span class='ocrx_word' id='word_1_326' title='bbox 571 3927 611 3989; x_wconf 90' lang='lat' dir='ltr'>ad</span> <span class='ocrx_word' id='word_1_327' title='bbox 631 3925 810 4010; x_wconf 81' lang='lat' dir='ltr'>auge-ndum</span> <span class='ocrx_word' id='word_1_328' title='bbox 836 3924 947 3987; x_wconf 88' lang='lat' dir='ltr'>fiscum</span> <span class='ocrx_word' id='word_1_329' title='bbox 965 3938 1089 4011; x_wconf 50' lang='lat' dir='ltr'>agens?</span> <span class='ocrx_word' id='word_1_330' title='bbox 1103 3929 1247 3997; x_wconf 88' lang='lat' dir='ltr'>liberalis</span> <span class='ocrx_word' id='word_1_331' title='bbox 1267 3936 1302 3997; x_wconf 90' lang='lat' dir='ltr'>in</span> 
     </span>
     <span class='ocr_line' id='line_1_43' title="bbox 103 4009 1303 4097; baseline 0.004 -22"><span class='ocrx_word' id='word_1_332' title='bbox 103 4024 256 4097; x_wconf 77' lang='lat' dir='ltr'>punctos,</span> <span class='ocrx_word' id='word_1_333' title='bbox 283 4012 417 4096; x_wconf 91' lang='lat' dir='ltr'>publice</span> <span class='ocrx_word' id='word_1_334' title='bbox 446 4011 662 4093; x_wconf 86' lang='lat' dir='ltr'>privatimque</span> <span class='ocrx_word' id='word_1_335' title='bbox 693 4009 796 4070; x_wconf 89' lang='lat' dir='ltr'>ditans</span> <span class='ocrx_word' id='word_1_336' title='bbox 821 4027 951 4080; x_wconf 88' lang='lat' dir='ltr'>omnes,</span> <span class='ocrx_word' id='word_1_337' title='bbox 981 4018 1014 4071; x_wconf 86' lang='lat' dir='ltr'>et</span> <span class='ocrx_word' id='word_1_338' title='bbox 1034 4009 1216 4078; x_wconf 91' lang='lat' dir='ltr'>honoribus</span> <span class='ocrx_word' id='word_1_339' title='bbox 1240 4041 1303 4079; x_wconf 82' lang='lat' dir='ltr'>aa·-</span> 
     </span>
     <span class='ocr_line' id='line_1_44' title="bbox 104 4090 1305 4180; baseline 0.001 -21"><span class='ocrx_word' id='word_1_340' title='bbox 104 4118 200 4180; x_wconf 80' lang='lat' dir='ltr'>gens,</span> <span class='ocrx_word' id='word_1_341' title='bbox 222 4119 304 4180; x_wconf 89' lang='lat' dir='ltr'>quos</span> <span class='ocrx_word' id='word_1_342' title='bbox 329 4095 380 4157; x_wconf 91' lang='lat' dir='ltr'>vel</span> <span class='ocrx_word' id='word_1_343' title='bbox 402 4095 559 4156; x_wconf 88' lang='lat' dir='ltr'>mediocri</span> <span class='ocrx_word' id='word_1_344' title='bbox 576 4092 796 4155; x_wconf 84' lang='lat' dir='ltr'>familiaritate</span> <span class='ocrx_word' id='word_1_345' title='bbox 819 4090 1037 4166; x_wconf 54' lang='lat' dir='ltr'>cognovissem</span> <span class='ocrx_word' id='word_1_346' title='bbox 1061 4095 1175 4159; x_wconf 84' lang='lat' dir='ltr'>orbem</span> <span class='ocrx_word' id='word_1_347' title='bbox 1193 4110 1305 4162; x_wconf 81' lang='lat' dir='ltr'>terra-</span> 
     </span>
     <span class='ocr_line' id='line_1_45' title="bbox 101 4171 1306 4255; baseline -0.001 -10"><span class='ocrx_word' id='word_1_348' title='bbox 101 4202 180 4245; x_wconf 86' lang='lat' dir='ltr'>rum</span> <span class='ocrx_word' id='word_1_349' title='bbox 210 4179 401 4251; x_wconf 84' lang='lat' dir='ltr'>aedificans3</span> <span class='ocrx_word' id='word_1_350' title='bbox 432 4176 547 4239; x_wconf 87' lang='lat' dir='ltr'>multas</span> <span class='ocrx_word' id='word_1_351' title='bbox 573 4176 789 4239; x_wconf 84' lang='lat' dir='ltr'>immunitates</span> <span class='ocrx_word' id='word_1_352' title='bbox 813 4171 998 4238; x_wconf 82' lang='lat' dir='ltr'>civitatibus</span> <span class='ocrx_word' id='word_1_353' title='bbox 1023 4178 1191 4255; x_wconf 63' lang='lat' dir='ltr'>trib&#39;uenu</span> <span class='ocrx_word' id='word_1_354' title='bbox 1217 4180 1306 4245; x_wconf 84' lang='lat' dir='ltr'>nibil</span> 
     </span>
     <span class='ocr_line' id='line_1_46' title="bbox 102 4259 1307 4343; baseline 0.003 -20"><span class='ocrx_word' id='word_1_355' title='bbox 102 4282 175 4331; x_wconf 84' lang='lat' dir='ltr'>non</span> <span class='ocrx_word' id='word_1_356' title='bbox 195 4262 406 4343; x_wconf 87' lang='lat' dir='ltr'>tranquillum</span> <span class='ocrx_word' id='word_1_357' title='bbox 428 4269 459 4321; x_wconf 90' lang='lat' dir='ltr'>et</span> <span class='ocrx_word' id='word_1_358' title='bbox 481 4259 645 4341; x_wconf 81' lang='lat' dir='ltr'>placidam</span> <span class='ocrx_word' id='word_1_359' title='bbox 669 4280 782 4340; x_wconf 77' lang='lat' dir='ltr'>agens,</span> <span class='ocrx_word' id='word_1_360' title='bbox 809 4259 912 4331; x_wconf 88' lang='lat' dir='ltr'>adeo,</span> <span class='ocrx_word' id='word_1_361' title='bbox 941 4262 978 4316; x_wconf 88' lang='lat' dir='ltr'>ut</span> <span class='ocrx_word' id='word_1_362' title='bbox 1001 4261 1089 4323; x_wconf 90' lang='lat' dir='ltr'>omni</span> <span class='ocrx_word' id='word_1_363' title='bbox 1111 4262 1180 4323; x_wconf 82' lang='lat' dir='ltr'>aius</span> <span class='ocrx_word' id='word_1_364' title='bbox 1200 4274 1307 4328; x_wconf 80' lang='lat' dir='ltr'>aetate</span> 
     </span>
     <span class='ocr_line' id='line_1_47' title="bbox 102 4339 1308 4428; baseline -0.005 -21"><span class='ocrx_word' id='word_1_365' title='bbox 102 4363 191 4409; x_wconf 88' lang='lat' dir='ltr'>nnus</span> <span class='ocrx_word' id='word_1_366' title='bbox 208 4342 344 4407; x_wconf 83' lang='lat' dir='ltr'>Senator</span> <span class='ocrx_word' id='word_1_367' title='bbox 365 4344 532 4405; x_wconf 87' lang='lat' dir='ltr'>damnatus</span> <span class='ocrx_word' id='word_1_368' title='bbox 552 4343 595 4402; x_wconf 90' lang='lat' dir='ltr'>sit</span> <span class='ocrx_word' id='word_1_369' title='bbox 607 4386 616 4413; x_wconf 92' lang='lat'>,</span> <span class='ocrx_word' id='word_1_370' title='bbox 629 4348 735 4422; x_wconf 85' lang='lat' dir='ltr'>¹atqua</span> <span class='ocrx_word' id='word_1_371' title='bbox 750 4343 782 4413; x_wconf 83' lang='lat' dir='ltr'>is</span> <span class='ocrx_word' id='word_1_372' title='bbox 804 4349 911 4411; x_wconf 67' lang='lat' dir='ltr'>manen</span> <span class='ocrx_word' id='word_1_373' title='bbox 926 4359 987 4419; x_wconf 89' lang='lat' dir='ltr'>per</span> <span class='ocrx_word' id='word_1_374' title='bbox 1006 4339 1178 4419; x_wconf 58' lang='lat' dir='ltr'>Senatum,</span> <span class='ocrx_word' id='word_1_375' title='bbox 1200 4344 1308 4428; x_wconf 75' lang='lat' dir='ltr'>igno-r</span> 
     </span>
     <span class='ocr_line' id='line_1_48' title="bbox 101 4422 1303 4509; baseline 0.003 -22"><span class='ocrx_word' id='word_1_376' title='bbox 101 4435 200 4493; x_wconf 81' lang='lat' dir='ltr'>rante</span> <span class='ocrx_word' id='word_1_377' title='bbox 222 4422 376 4488; x_wconf 81' lang='lat' dir='ltr'>Traiano.</span> <span class='ocrx_word' id='word_1_378' title='bbox 420 4426 474 4487; x_wconf 92' lang='lat' dir='ltr'>Oh</span> <span class='ocrx_word' id='word_1_379' title='bbox 504 4424 570 4485; x_wconf 89' lang='lat' dir='ltr'>hoc</span> <span class='ocrx_word' id='word_1_380' title='bbox 598 4443 661 4506; x_wconf 86' lang='lat' dir='ltr'>per</span> <span class='ocrx_word' id='word_1_381' title='bbox 691 4424 805 4484; x_wconf 86' lang='lat' dir='ltr'>orbem</span> <span class='ocrx_word' id='word_1_382' title='bbox 829 4432 990 4491; x_wconf 84' lang='lat' dir='ltr'>terraram</span> <span class='ocrx_word' id='word_1_383' title='bbox 1014 4424 1085 4487; x_wconf 86' lang='lat' dir='ltr'>Deo</span> <span class='ocrx_word' id='word_1_384' title='bbox 1113 4427 1303 4509; x_wconf 83' lang='lat' dir='ltr'>proximas,</span> 
     </span>
     <span class='ocr_line' id='line_1_49' title="bbox 100 4505 1109 4585; baseline -0.001 -13"><span class='ocrx_word' id='word_1_385' title='bbox 100 4509 189 4579; x_wconf 88' lang='lat' dir='ltr'>nibil</span> <span class='ocrx_word' id='word_1_386' title='bbox 212 4530 279 4569; x_wconf 91' lang='lat' dir='ltr'>non</span> <span class='ocrx_word' id='word_1_387' title='bbox 297 4509 516 4585; x_wconf 89' lang='lat' dir='ltr'>venerationis</span> <span class='ocrx_word' id='word_1_388' title='bbox 536 4505 658 4569; x_wconf 89' lang='lat' dir='ltr'>meruit</span> <span class='ocrx_word' id='word_1_389' title='bbox 678 4515 712 4568; x_wconf 85' lang='lat' dir='ltr'>ct</span> <span class='ocrx_word' id='word_1_390' title='bbox 733 4506 823 4568; x_wconf 85' lang='lat' dir='ltr'>vivas</span> <span class='ocrx_word' id='word_1_391' title='bbox 849 4516 881 4569; x_wconf 83' lang='lat' dir='ltr'>&#39;et</span> <span class='ocrx_word' id='word_1_392' title='bbox 902 4514 1061 4571; x_wconf 82' lang='lat' dir='ltr'>mortuus.</span> <span class='ocrx_word' id='word_1_393' title='bbox 1097 4540 1109 4551; x_wconf 95' lang='lat'>··</span> 
     </span>
     <span class='ocr_line' id='line_1_50' title="bbox 100 4588 1334 4687; baseline -0.002 -30"><span class='ocrx_word' id='word_1_394' title='bbox 100 4660 109 4687; x_wconf 44' lang='lat'>⁸</span> <span class='ocrx_word' id='word_1_395' title='bbox 141 4594 190 4657; x_wconf 78' lang='lat' dir='ltr'>V.</span> <span class='ocrx_word' id='word_1_396' title='bbox 219 4590 395 4665; x_wconf 81' lang='lat' dir='ltr'>lateralia</span> <span class='ocrx_word' id='word_1_397' title='bbox 415 4591 503 4665; x_wconf 81' lang='lat' dir='ltr'>dicta</span> <span class='ocrx_word' id='word_1_398' title='bbox 522 4589 588 4655; x_wconf 88' lang='lat' dir='ltr'>hoo</span> <span class='ocrx_word' id='word_1_399' title='bbox 608 4588 711 4676; x_wconf 84' lang='lat' dir='ltr'>ipsius</span> <span class='ocrx_word' id='word_1_400' title='bbox 731 4592 839 4657; x_wconf 83' lang='lat' dir='ltr'>fertur</span> <span class='ocrx_word' id='word_1_401' title='bbox 858 4590 1043 4686; x_wconf 61' lang='lat' dir='ltr'>egregium.</span> <span class='ocrx_word' id='word_1_402' title='bbox 1057 4628 1071 4681; x_wconf 63' lang='lat'>¹,</span> <span class='ocrx_word' id='word_1_403' title='bbox 1087 4591 1216 4657; x_wconf 64' lang='lat' dir='ltr'>basium</span> <span class='ocrx_word' id='word_1_404' title='bbox 1235 4596 1334 4655; x_wconf 71' lang='lat' dir='ltr'>euim</span> 
     </span>
    </p>
   </div>
   <div class='ocr_carea' id='block_1_6' title="bbox 0 0 1441 4958">
    <p class='ocr_par' dir='ltr' id='par_1_6' title="bbox 0 0 1441 4958">
     <span class='ocr_line' id='line_1_51' title="bbox 0 0 1441 4958; baseline 0 0"><span class='ocrx_word' id='word_1_405' title='bbox 0 0 1441 4958; x_wconf 95' lang='lat' dir='ltr'> </span> 
     </span>
    </p>
   </div>
  </div>
 </body>
</html>
