2850 4958
460 284 555 367 ms.
581 284 648 368 tv.
677 284 784 370 car.
810 261 882 365 11.
1194 256 1266 399 12'9

69 448 187 513 eisdem
210 449 460 535 percussortbus
477 450 630 537 Pompeii
650 446 798 521 obsessus
815 450 851 517 lu
866 420 971 541 rogia,
993 458 1138 543 quamtis
1157 416 1273 547 exigua

69 554 183 608 manu,
207 534 347 617 ingentis
373 532 535 597 exercitus
555 535 676 597 molem
699 537 783 599 mira
802 532 925 601 virtute
944 543 1107 605 sustinuit.
1143 542 1191 607 Ac
1205 534 1314 633 pri-59

69 638 154 677 usum
176 617 405 698 proximorum
422 616 648 679 aedificiorum
679 629 777 703 atquc
803 622 966 685 navalium
992 622 1165 702 incendio,
1187 628 1276 691 infe-

69 709 194 762 storum
228 699 374 763 bostium
403 700 467 762 tela
500 698 685 775 submovit;
718 726 794 765 mox
824 702 858 766 in
888 707 1110 788 paeninsulam
1139 708 1275 773 Pharon

69 783 195 845 subitus
215 782 333 845 evasit:
358 781 433 845 inde
452 781 603 866 depulsus
625 783 659 848 in
680 788 794 862 maria,
816 786 899 848 mira
920 784 1076 853 felicitate
1095 789 1136 853 ad
1155 792 1276 877 proxi-

69 876 153 927 ntam
176 865 311 927 'classem
332 866 493 941 enatavit,
515 862 632 929 relicto
654 864 784 951 quidem
806 864 838 931 in
861 870 1013 934 fluctibus
1033 872 1275 958 paludamento,

69 962 123 1011 teu
146 950 228 1023 fato,
250 969 307 1010 seu
328 950 480 1022 consilio,
504 960 539 1011 ut
562 948 643 1012 illud
666 954 890 1037 ingruentibus
910 951 1057 1018 bostium
1077 956 1151 1019 telis
1171 954 1276 1020 saxis·

69 1049 132 1115 que
152 1040 333 1115 peteretur.
377 1033 522 1095 Tandem
543 1044 694 1117 receptus
715 1058 732 1095 a
754 1036 894 1099 classicis
915 1038 991 1113 suis,
1014 1038 1159 1124 undique
1179 1037 1317 1103 simuldo

69 1110 178 1177 bostes
205 1115 359 1189 adortus,
392 1115 550 1179 debellata
575 1113 698 1198 perlida
728 1127 842 1200 gente,
875 1116 957 1181 iusta
985 1124 1095 1206 generi
1126 1119 1278 1185 Manibus

74 1196 178 1261 dedit:
203 1198 326 1283 quippe
348 1208 380 1260 et
401 1198 594 1261 Theodotus
615 1200 786 1283 magister,
809 1211 990 1285 auctorque
1009 1206 1111 1267 totius
1130 1202 1223 1280 belli,
1245 1212 1280 1268 et

73 1300 112 1343 ne
131 1283 240 1345 virilia
267 1282 398 1365 quidem
419 1292 589 1368 portenta,
619 1280 781 1345 Pothinus
807 1294 904 1369 atque
927 1287 1127 1370 Ganymedes
1151 1288 1279 1352 diversa

73 1382 130 1447 per
152 1386 241 1426 mare
263 1375 295 1426 et
316 1374 419 1427 terras
440 1369 516 1449 fuga
539 1371 572 1427 et
593 1375 699 1428 morte
721 1370 916 1452 consumpti.
960 1368 1056 1455 Regis
1077 1366 1178 1454 ipsius
1198 1392 1278 1434 cor-

71 1461 132 1531 pus
162 1448 317 1510 obrutum
347 1449 428 1511 limo
461 1456 626 1530 repertum
649 1457 696 1511 est
719 1449 751 1510 ia
774 1471 890 1513 aureae
910 1450 1035 1514 loricae
1055 1452 1195 1516 honore.
1238 1450 1320 1525 Indt

70 1530 147 1593 Asia
169 1554 301 1615 quoque
320 1548 424 1593 novus
446 1552 555 1592 rerum
576 1539 683 1592 motus
698 1554 714 1590 a
730 1530 851 1606 Ponto,
875 1534 1002 1617 [plane]
1019 1536 1109 1617 quasi
1126 1532 1165 1597 de
1180 1532 1282 1599 indu*

70 1616 149 1675 stria
182 1623 332 1698 captante
364 1612 511 1675 Fortuna
542 1611 630 1674 hunc
661 1613 887 1677 Mithridatico
915 1637 1016 1699 regno
1040 1616 1182 1692 exitum,
1204 1626 1280 1680 uta

69 1692 229 1778 Pompeio
251 1701 366 1779 pater,
390 1718 406 1756 a
431 1695 565 1758 Caesare
585 1695 671 1758 filius
692 1696 889 1759 vinceretur.
931 1697 997 1759 Rex
1018 1698 1201 1762 Pharnaces
1215 1697 1323 1765 mata

69 1780 123 1861 gis
152 1778 335 1842 discordiae
365 1788 498 1842 nostrae
528 1778 668 1854 fiducia,
699 1798 798 1863 quam
828 1796 905 1841 suae
934 1778 1082 1854 virtutis,
1105 1780 1224 1846 infesto
1246 1780 1280 1845 in

69 1862 309 1945 Cappadociam
334 1860 462 1945 agmine
483 1863 616 1924 ruebat:
647 1860 704 1923 sed
724 1860 812 1922 hunc
833 1862 949 1925 Caesar
970 1864 1157 1947 adgressae,
1190 1858 1324 1938 uno,63

69 1954 120 2021 et,
135 1957 170 2009 ut
184 1948 232 2008 sic
245 1945 395 2018 dixerim,
413 1963 479 2007 noo
494 1952 567 2006 toto
582 1940 712 2028 proelio
731 1943 880 2020 obtrivit,
900 1968 994 2008 more
1008 1944 1174 2023 fulminis,
1191 1946 1282 2034 quod
1301 1951 1327 2030 ’.ᾗ

69 2036 138 2091 nno
161 2029 340 2111 eodemque
359 2037 524 2089 momento
547 2027 648 2101 venit,
671 2026 843 2111 percussit,
869 2023 1033 2092 abscessit.
1063 2028 1132 2095 Nec
1148 2052 1228 2095 vana
1242 2030 1284 2095 de

69 2123 112 2173 Be
129 2110 330 2195 praedicatio
350 2114 398 2171 est
420 2112 584 2187 Caesaris,
608 2121 684 2171 unte
696 2115 816 2176 uictum
829 2108 952 2173 bostem
965 2135 1043 2185 esse,
1058 2137 1154 2198 quam
1171 2120 1283 2178 ursum.

69 2186 130 2258 Sia
161 2218 234 2296 cum
265 2194 414 2295 exteris..
437 2194 480 2255 At
512 2192 549 2255 in·
577 2192 796 2293 Africa'cum
826 2194 953 2294 cipibus
981 2194 1087 2260 multo
1117 2193 1328 2297 atrocius&

69 2272 1288 2446 itttt.tt.i¹¹213tl't{alittdtltttatttttt÷.ttt.‘f{tt‘t.t.,ttt

69 2432 213 2507 ballum.
257 2445 394 2527 Sparsae
415 2444 537 2525 magis,
568 2463 664 2526 quam
689 2462 864 2525 oppressae
892 2446 977 2507 vires
999 2451 1101 2507 erant.
1144 2434 1331 2508 Auxerat65

69 2533 314 2605 Bncramantum
341 2528 410 2609 ipsa
442 2526 547 2589 clades
580 2525 628 2587 Im
656 2522 811 2588 cratoris:
843 2546 904 2589 nec
931 2526 1147 2611 degenerabat
1171 2528 1292 2591 ducum

69 2609 265 2693 Buccessio:
297 2610 420 2693 quippe
452 2610 529 2671 satis
562 2547 667 2691 ample
698 2606 855 2671 sonabant
882 2610 916 2671 in
935 2605 1128 2693 Pompeiani
1149 2606 1292 2673 nominis
1323 2650 1327 2691 2

69 2680 190 2757 locum
223 2691 302 2754 Cato
332 2699 364 2754 et
395 2691 521 2769 Scipio.
562 2688 708 2754 Accessit
736 2692 840 2768 copiis
861 2694 1082 2756 Mauretaniae
1107 2714 1165 2755 rex
1184 2689 1289 2769 Iuba,

69 2776 235 2838 videlicet
257 2785 293 2836 ut
311 2774 409 2837 latius
431 2776 577 2837 vinceret
600 2776 726 2836 Caesar.
770 2770 863 2835 Nihil
885 2796 961 2857 ergo
982 2771 1335 2841 interPharsaliamliS

69 2868 113 2922 et
136 2858 317 2938 Thapson,
351 2856 414 2917 nisi
446 2856 535 2940 quod
565 2856 727 2941 amplior,
761 2874 866 2939 eoque
894 2857 1002 2918 acrior
1024 2858 1294 2923 caesarianorum

69 2932 223 3025 lmpetus
256 2940 339 3014 fuit,
378 2938 615 3023 indignantium
652 2943 729 3021 post
761 2932 957 3019 Pompeium
991 2932 1129 2999 crevisse
1156 2934 1293 3003 bellum.
1324 2983 1329 2995 .

69 3018 254 3108 Denique,
278 3022 367 3107 quod
389 3019 468 3083 alias
489 3038 664 3105 auroquam
686 3027 759 3079 ante
779 3019 954 3098 imperium
976 3014 1079 3092 ducis,
1101 3039 1157 3080 sua
1179 3029 1296 3101 sponte

70 3112 173 3195 tigna
197 3104 396 3169 cecinerunt.
440 3106 571 3190 Strages
593 3126 611 3164 a
632 3101 713 3171 Iuba
735 3101 864 3185 coepit,
888 3101 979 3164 cuius
1001 3100 1166 3182 elephanti
1186 3099 1339 3191 bello-67

72 3206 158 3259 rum
180 3191 294 3264 rudes,
319 3199 351 3251 et
372 3208 519 3272 nupera
540 3187 643 3267 silva,
666 3182 867 3248 consternati
888 3178 998 3246 subito
1021 3182 1174 3268 clangore
1193 3183 1302 3248 lituo·-

73 3292 159 3341 rum
182 3272 216 3336 in
243 3295 318 3335 suos
350 3292 419 3333 sese
450 3270 683 3353 circumegere.
727 3263 845 3329 Statim
875 3275 908 3328 et
933 3266 1093 3331 exercitus
1114 3268 1148 3330 in
1166 3270 1301 3352 fugam3

73 3378 146 3425 nec
168 3358 265 3419 daces
286 3356 429 3423 lortius,
453 3376 549 3438 quam
570 3362 609 3414 ut
630 3348 819 3437 effugerent.
862 3346 939 3412 Non
960 3346 1072 3413 incons
1097 3350 1169 3414 icua
1192 3360 1300 3430 tamen

74 3460 177 3507 mors
208 3440 365 3502 omnium.
408 3436 481 3503 Iam,
504 3432 618 3519 Scipio
640 3452 721 3497 nave
749 3429 915 3517 tugtebat:
943 3432 1021 3508 sed,
1044 3372 1204 3500 adbecutis
1226 3429 1342 3500 eumtiss

73 3518 258 3598 hostibus,
282 3521 424 3607 gladimn
446 3516 649 3603 perviscera
672 3517 799 3599 exegit:
823 3522 867 3591 et,
890 3516 948 3577 ubi
964 3526 1057 3591 esset,
1080 3518 1224 3601 quodam
1244 3543 1304 3583 re-

80 3607 262 3694 quirente,
285 3602 458 3685 respondit
476 3602 544 3664 boc
566 3601 691 3685 ipsum:
718 3602 806 3666 Bene
825 3622 859 3661 ae
872 3590 969 3660 habet
982 3600 1177 3681 Imperator.
1220 3594 1345 3681 Iubatiq

82 3712 191 3777 quum
214 3709 283 3751 sese
303 3684 480 3767 recepisset
503 3685 536 3745 in
558 3686 699 3769 regiam,
722 3674 890 3765 magnifice
910 3674 1071 3765 epulatus,
1091 3682 1229 3763 postero
1251 3679 1306 3745 dis

81 3796 164 3839 cum
185 3770 338 3843 Petreio,
361 3771 458 3852 fugae
480 3766 620 3841 comite,
643 3785 806 3850 superque
825 3785 949 3825 mensas
972 3765 1004 3823 et
1027 3761 1147 3846 pocula
1168 3758 1305 3824 interfi-

81 3855 241 3923 ciendum
276 3875 310 3914 se
342 3848 371 3913 ei
403 3849 566 3932 praebuit.
620 3848 682 3910 Ille
711 3852 743 3910 et
772 3842 841 3927 regi
864 3840 1011 3919 suffecit,
1036 3854 1068 3906 et
1088 3841 1173 3907 sibi:
1203 3865 1306 3927 quum

84 3936 225 4005 interim
248 3932 360 3999 semesi
390 3930 423 3995 in
444 3928 554 3994 taedio
577 3926 642 3993 cibi
656 3976 664 4004 ,
695 3940 728 3994 et
746 3922 927 4011 parentalia
948 3926 1073 3988 fercula
1095 3926 1188 4003 regio
1210 3926 1308 3990 simul

84 4026 305 4103 Romanoque
325 4010 684 4093 sanguiae'madebaat.
730 4012 809 4075 Cato
832 4029 900 4070 non
921 4006 1072 4070 interfuit
1096 4006 1203 4071 bello:
1233 4027 1348 4094 p0-70

72 4108 230 4186 ,sitisque
262 4100 349 4185 apud
375 4096 553 4183 bagradam
586 4092 725 4171 castris,
755 4086 908 4164 Uticam,
937 4089 1027 4152 velut
1052 4090 1154 4153 altera
1175 4090 1309 4154 Africae

85 4176 256 4261 claustra,
278 4186 438 4247 servabat.
482 4178 546 4241 Sed
568 4178 701 4261 accepta
720 4176 864 4260 partium
891 4169 1000 4247 clade,
1021 4172 1107 4235 nibil
1125 4182 1307 4248 cunctatus,

82 4282 129 4339 ut
150 4264 295 4351 sapiente
320 4264 453 4350 dignum
481 4271 561 4336 erat,
580 4270 723 4323 mortem
744 4256 807 4320 sibi
831 4257 926 4319 etiam
947 4251 1051 4317 laetus
1065 4255 1194 4319 accivit.
1225 4258 1347 4342 Nam7x

83 4363 265 4445 postquam
288 4346 390 4412 tilium
413 4344 612 4427 comitesque
629 4342 670 4404 ab
693 4341 841 4427 amplexu
864 4335 1000 4411 dimisit,
1023 4339 1056 4399 in
1077 4344 1207 4399 noctem
1222 4339 1310 4403 lecto

86 4440 131 4505 sd
153 4438 320 4500 lucernam
341 4426 490 4494 Platonis
509 4424 622 4499 libro,
654 4423 709 4509 qui
732 4420 1012 4485 immortalitatem
1044 4420 1169 4481 animae
1190 4418 1309 4495 docet,

84 4520 228 4607 paulum
250 4515 351 4599 quieti
378 4513 490 4576 dedit:
521 4515 599 4572 tunc
622 4509 709 4571 circa
730 4504 871 4589 primam
893 4503 1038 4587 vigiliam
1060 4501 1176 4571 stricto
1198 4500 1335 4581 gladio·

86 4598 273 4673 revelatum
302 4599 429 4681 [mano]
455 4602 570 4682 pectus
590 4590 691 4657 semel
711 4590 900 4679 iterumque
914 4586 1104 4673 percussa.
1149 4582 1238 4650 aaa
1250 4588 1387 4667 postne·

905 4696 1007 4767 ¹72
