2850 4958
148 276 249 378 34·
468 318 470 323 ,
662 272 864 349 saman
968 310 974 321 -

152 452 185 505 et
214 450 290 502 ante
318 436 513 512 sxxvm,
543 457 640 520 quam
671 444 730 509 tu,
761 438 808 499 Μ.
840 434 975 508 Vinici,
1005 433 1218 501 Consulatum
1247 436 1372 515 inires,

150 524 274 589 hcllum
295 522 392 585 civile
412 521 544 583 exarsit.
587 519 733 581 Alterius
760 519 852 580 ducis
883 539 994 589 caussa
1026 518 1147 580 melior
1171 520 1371 587 videbatur:
1405 546 1408 551 ·

153 607 287 669 alterius
310 615 380 667 erat
400 602 539 667 firmior.
583 602 647 664 llic
670 602 778 662 omnin
801 602 969 685 specioso:
995 600 1065 662 illic
1085 601 1240 665 valentia.
1270 605 1378 669 Pom·

151 693 265 775 peium
294 690 432 750 Senatus
460 687 659 759 auctoritas,
693 686 863 747 Caesarem
892 682 1035 745 militum
1067 688 1206 748 armavit
1242 686 1378 753 fiducia.

155 772 310 835 Consules
340 772 543 853 senatusque
577 789 728 842 caussae,
751 790 818 831 non
852 767 1039 850 Pompeio,
1071 790 1229 831 sommam
1269 772 1380 855 impe-

154 856 197 919 rii
221 855 421 918 detulerunt.
463 853 559 916 Nihil
589 852 740 913 relictum
762 874 780 911 a
803 852 951 923 Caesare,
978 849 1064 934 quod
1087 851 1267 916 servandae
1286 854 1378 939 pacit

155 962 265 1001 caussa
287 938 407 1001 tentari
431 944 563 1021 posset3
586 934 671 997 nihil
692 943 860 1016 receptum
882 957 900 994 a
920 932 1144 1014 Pompeianis,
1167 958 1275 1019 mum
1295 938 1379 1001 alter

155 1022 386 1084 Consuliusto
410 1030 492 1083 esset
512 1020 672 1092 ferocior,
695 1018 851 1079 Lentulus
871 1038 952 1080 vero
972 1018 1057 1080 salva
1073 1017 1258 1103 Republica
1272 1020 1378 1083 salsus

156 1127 311 1167 essenon
332 1112 462 1188 posset,
491 1106 537 1165 M.
562 1110 669 1163 autem
702 1103 781 1162 Cato
804 1100 1004 1161 moriendum
1027 1112 1124 1177 ante,
1155 1126 1256 1188 quam
1278 1106 1379 1165 ullam

156 1188 373 1251 conditionem
396 1198 464 1250 eius
477 1185 698 1269 acecpiendam
717 1184 944 1265 Reipublicae,
966 1185 1194 1262 contenderet3
1216 1188 1274 1249 vir
1293 1186 1381 1252 anti'-

157 1294 241 1359 quus
269 1281 303 1332 et
332 1272 439 1354 gravis
465 1268 620 1353 Pompeii
651 1276 760 1348 partes
791 1266 941 1330 laudaret
960 1268 1081 1351 magis,
1114 1290 1211 1350 quam
1231 1270 1379 1352 prudens

158 1365 351 1438 sequeretur
374 1355 539 1427 Caesaris3
570 1361 603 1414 et
624 1351 680 1413 illo
701 1349 868 1433 gloriosa,
896 1349 981 1431 haec·
998 1350 1376 1417 terribiliora·duceret.

157 1440 207 1500 Ut
227 1438 362 1511 deinde,
383 1437 502 1520 spretis
524 1436 692 1504 omnibus,
716 1454 799 1532 quae
822 1436 939 1496 Caesar
957 1433 1202 1516 postulaverat,
1224 1444 1379 1500 tantom-

159 1522 259 1584 modo
288 1528 460 1584 contentus
482 1542 557 1582 eum
584 1538 648 1579 una
675 1516 805 1597 legione
831 1515 965 1578 titulum
992 1517 1136 1580 retinere
1162 1519 1379 1601 provinciae,

158 1607 307 1687 privatus
329 1605 362 1665 in
377 1604 503 1666 Urbem
523 1602 671 1675 veniret,
696 1605 728 1660 et
749 1620 783 1660 ss
804 1602 838 1662 in
859 1598 1023 1682 petitione
1040 1600 1234 1664 Consulatus
1257 1604 1380 1667 suffra-

158 1689 222 1771 giis
252 1687 370 1771 populi
400 1686 539 1749 Romani
571 1682 811 1757 committeret,
844 1684 1036 1746 deerevere:
1072 1692 1162 1746 ratus
1189 1684 1380 1751 bellandum

162 1774 300 1845 Caesar,
323 1790 398 1832 eum
420 1770 566 1832 exercitu
587 1767 793 1828 Rubiconem
812 1767 953 1829 transiit.
999 1766 1059 1829 Cn.
1083 1766 1265 1851 Pompeius
1288 1771 1383 1833 Con-

161 1855 313 1937 sulesque
334 1863 367 1915 et
386 1854 494 1915 maior
513 1870 596 1934 pars·
611 1848 770 1923 Senatus,
792 1850 910 1913 relicta
929 1847 1041 1923 Urbs,
1064 1869 1103 1913 ac
1123 1851 1250 1936 deinde,
1264 1852 1381 1931 ltalia,

162 1938 372 2003 transmisere
395 1934 654 2018 Dyrrhachium.
1377 1960 1383 1979 ⁴

204 2022 242 2081 L.
269 2019 314 2079 At
335 2019 452 2080 Caesar
470 2018 621 2079 Domitio
643 2014 894 2099 legionibusque
916 2014 1080 2092 Corfinii,
1112 2037 1197 2101 qnae
1219 2040 1288 2081 nna
1308 2040 1382 2083 cum

164 2123 204 2166 eo
225 2104 377 2176 fuerant,
399 2102 549 2185 potitus,
570 2099 652 2163 duce
663 2101 828 2184 aliisque,
851 2099 908 2183 qui
928 2099 1103 2163 voluerant
1117 2100 1210 2163 abire
1223 2102 1266 2165 ad
1280 2100 1384 2167 Pom·

163 2187 294 2269 peium,
323 2184 393 2246 sine
421 2184 580 2245 dilatione
607 2178 768 2258 dimissis,
797 2192 990 2267 persecutus
1018 2183 1252 2260 Brundisium,
1281 2186 1329 2249 ita
1350 2194 1386 2251 nt

165 2275 360 2352 appareret,
382 2264 502 2343 malle,
527 2268 663 2350 integris
683 2269 782 2330 rebus
803 2275 835 2327 et
857 2266 1115 2342 conditionibus,
1138 2267 1233 2330 finire
1247 2268 1384 2347 bellum,

166 2374 263 2435 quam
288 2351 477 2432 opprimere
499 2350 672 2434 fugientes,
695 2372 797 2433 quum
817 2358 1035 2429 transgressos
1055 2352 1232 2427 reperisset
1257 2353 1387 2417 Consc-

52 2486 54 2491 .
164 2437 233 2510 les,
257 2435 291 2496 iu
312 2434 440 2496 Urbem
460 2434 617 2497 revertit:
646 2435 842 2513 redditaque
864 2436 993 2495 ratione
1013 2434 1230 2497 consiliorum
1249 2457 1387 2501 auorum

166 2519 202 2580 in
223 2518 344 2595 Senatu
366 2526 400 2579 et
426 2518 663 2591 inconcione,
693 2539 731 2578 ac
757 2516 959 2577 miserrimae
984 2518 1252 2595 necessitudinis,
1287 2542 1387 2604 quum

164 2601 282 2663 alienis
304 2601 402 2662 armis
424 2600 464 2661 ad
485 2623 575 2663 arma
596 2599 784 2682 compulsus
806 2608 910 2674 esset,
933 2600 1106 2682 Hispanias
1127 2602 1386 2685 peteredecre-

166 2685 228 2746 rit.
270 2684 529 2746 Festinationem
550 2683 677 2744 itineris
698 2684 768 2744 eins
787 2682 986 2763 aliquamdiu
1009 2693 1136 2759 morata
1151 2682 1305 2748 Masstlta'
1319 2696 1402 2761 est,

168 2766 233 2828 lide
254 2767 391 2842 melior,
414 2790 512 2851 quam
532 2765 672 2829 consilio
697 2764 917 2848 prudentior:
941 2766 1168 2848 intempestive
1187 2768 1387 2855 principali-

168 2872 226 2912 um
246 2871 415 2913 armorum
436 2850 575 2913 arbitria
596 2856 748 2931 captans,
769 2849 889 2932 quihus
908 2847 945 2909 hi
967 2870 1001 2911 se
1018 2849 1138 2913 debent
1163 2852 1386 2935 interponere,

169 2934 227 3018 qui
248 2957 315 2995 non
337 2944 506 3015 parentem
527 2939 683 2995 coercere
703 2941 852 3017 possunt.
895 2931 1067 2996 Exercitus
1089 2933 1224 3011 deinde,
1272 2936 1387 3005 uisub

169 3018 307 3080 Afranio
332 3015 503 3080 Consulari
523 3038 561 3078 ac
581 3016 716 3080 Petreio
737 3017 913 3080 Praetorio
934 3018 1065 3088 fuerat,
1101 3017 1204 3102 ipsius
1233 2957 1387 3085 adientes

170 3103 285 3185 vigore
307 3123 345 3165 ac
364 3101 495 3186 fulgore
517 3108 713 3184 occupatus,
747 3122 781 3163 se
803 3098 933 3163 Caesari
954 3099 1103 3162 tradidit.
1146 3102 1300 3187 Uterque
1319 3105 1387 3169 Le..

170 3194 345 3270 gatorum,
378 3178 411 3246 et'
432 3184 579 3268 quisquis
602 3184 760 3267 cuiusque
782 3182 908 3245 ordinis
931 3181 1024 3265 sequi
1046 3204 1101 3247 eos
1121 3185 1296 3265 voluerat,
1327 3210 1388 3252 rs-

171 3268 260 3329 missi
282 3267 323 3328 ad
342 3268 550 3350 Pompeium.

151 3388 154 3395 ι
214 3350 269 3412 LI.
300 3350 460 3410 Proximo
483 3369 590 3423 anno,
612 3370 713 3434 mum
734 3345 982 3429 Dyrrhachium
1004 3368 1041 3411 ac
1060 3350 1167 3412 vicina
1190 3350 1220 3414 ei
1241 3353 1322 3417 urbi
1342 3368 1392 3419 re·

171 3434 228 3517 gio
251 3433 366 3493 castris
384 3432 539 3512 Pompeii
559 3440 750 3504 teneretur,
774 3430 844 3511 (qui
868 3430 981 3491 accitis
1003 3452 1042 3494 ex
1063 3434 1214 3496 omnibus
1228 3444 1390 3499 transma-

147 3546 150 3551 ·
172 3513 255 3576 rinis
275 3513 457 3596 provinciis
476 3514 674 3597 legionibus,
699 3513 847 3597 equitum
868 3535 905 3575 ac
925 3512 1074 3596 peditum
1095 3517 1237 3591 auxiliis,
1256 3542 1391 3603 regum-

175 3618 262 3681 que,
305 3598 568 3673 tetrarcharum,
600 3598 764 3681 simulque
799 3595 1009 3678 dynastarum
1049 3602 1155 3683 copiis
1167 3644 1176 3675 ,
1218 3590 1392 3667 immanem

174 3680 355 3744 exercitum
376 3683 584 3755 confecerat,
615 3690 649 3744 et
667 3702 759 3744 mare
778 3679 952 3761 praesidiis
973 3682 1145 3759 classium,
1174 3694 1213 3747 ut
1232 3686 1391 3760 rebatur,

174 3775 340 3847 sepserat,
360 3787 439 3847 ‘quo
460 3764 567 3827 minus
589 3764 705 3828 Caesar
725 3764 871 3849 legiones
890 3775 1002 3847 posset
1022 3767 1260 3851 transmittere)
1280 3791 1340 3851 sua
1361 3776 1395 3832 et

174 3851 343 3914 celeritate
364 3858 396 3909 et
416 3851 548 3910 fortuna
572 3849 607 3910 C.
631 3850 749 3912 Caesar
769 3869 865 3922 usus,
887 3848 974 3911 nihil
993 3851 1027 3913 in
1048 3872 1141 3914 mora
1162 3850 1300 3929 hahuit,
1322 3874 1393 3935 quo

175 3936 283 3995 minus
305 3952 362 4007 eo,
381 3954 482 4015 quum
502 3931 616 4008 vellet,
640 3934 710 4016 ipse
727 3933 954 4016 exercitusque
968 3932 1123 3997 classibus
1142 3935 1342 4015 perveniret,
1360 3943 1395 3997 et

174 4017 286 4098 primo
307 4036 411 4097 paene
437 4017 552 4079 castris
573 4016 726 4101 Pompeii
747 4039 803 4080 sua
826 4016 993 4099 iungeret,
1015 4039 1093 4079 mox
1115 4022 1212 4083 etiam
1235 4017 1394 4082 obsidio-

175 4119 218 4161 ne
239 4097 514 4182 munimentisque
546 4121 618 4163 eum
641 4101 928 4183 complecteretur.
971 4095 1035 4161 Sed
1063 4101 1174 4182 inopia
1203 4100 1396 4167 obsidenti·-

175 4179 258 4256 bus,
282 4204 380 4265 quam
403 4183 562 4257 obsessis,
587 4193 657 4246 erat
677 4184 822 4271 grqvior.
868 4181 954 4244 Tum
973 4182 1092 4246 balbus
1115 4187 1306 4263 Cornelius,
1332 4208 1397 4251 ex.

177 4265 312 4327 cedente
332 4265 504 4328 humanam
537 4266 634 4327 fidem
662 4266 868 4339 temeritate,
902 4266 1063 4347 ingressus
1092 4280 1196 4332 eastra
1224 4271 1395 4345 hostium,

176 4350 370 4432 saepiusque
392 4371 465 4411 cum
491 4336 632 4410 Lentulo
656 4348 840 4412 collocutus
870 4347 1032 4422 Consule,
1062 4351 1247 4424 dubitante,
1282 4354 1397 4437 quanti

175 4452 211 4493 se
232 4433 405 4506 venderet,
428 4432 494 4496 illis
515 4432 725 4493 incrementis
745 4430 825 4492 fecit
844 4430 950 4517 yiam,
973 4434 1091 4511 quibus
1113 4458 1179 4499 non
1201 4438 1398 4517 Hispanien-

177 4515 221 4578 sis
248 4524 363 4590 natus,
386 4516 441 4578 sed
463 4514 627 4598 Hispanus
648 4514 682 4575 in
703 4514 908 4596 triumphum
931 4523 964 4575 et
976 4515 1210 4583 Pontificatum
1230 4520 1397 4597 adsurge-

175 4608 250 4676 ret,
287 4598 512 4685 tieretquc·ex
544 4596 676 4685 privato
707 4599 839 4667 consul.
884 4597 1057 4667 Variatusn
1090 4601 1208 4673 deinde
1230 4604 1397 4693 proeliis,
