2834 4950
148 258 196 373 54.
534 334 541 349 ,
569 322 572 329 .
669 262 878 345 VELLttlt.
966 320 993 339 ..

147 437 290 513 utroque
319 427 429 511 maris.
443 422 576 502 Pontici
600 425 724 503 latere,
754 428 844 493 baad
875 427 1050 494 iniucunda
1073 434 1126 493 tot
1151 450 1288 504 rerum,
1314 428 1368 517 ¹⁰7

147 533 281 585 corum,
303 513 471 596 gentium,
491 511 625 573 urbium
644 512 879 578 recordatione
897 518 1068 683 pqpquqql
1094 514 1205 684 rlzqieqp
1220 512 1368 660 {prtkboup

147 596 235 678 apud
258 596 372 658 Caium
392 596 426 658 in
446 604 560 657 nostm
585 596 684 681 ripa,
711 598 881 682 posterior

146 680 214 741 stili
237 678 387 764 epulatus
408 687 468 742 est.

191 764 262 825 Clt.
296 765 370 841 Quo
393 772 546 845 tempore
571 762 619 824 M.
640 761 761 839 Lollii,
795 786 893 850 quem
913 763 1016 828 veluti
1040 760 1289 827 moderatorem
1310 764 1368 826 iu-

147 856 264 910 ventae
283 847 344 911 filii
366 846 416 908 sui
437 846 602 930 Augustus
625 867 693 909 ossa
718 848 888 924 voluerat,
915 848 1042 933 perfida
1064 857 1097 911 et
1116 847 1213 931 plens
1234 846 1369 911 subdoli

148 952 186 991 ac
207 932 330 1031 versuv'
352 930 452 993 animi
474 930 632 1005 consilia,
664 953 726 1016 per
746 933 907 995 Parthum
929 932 1073 997 indicata
1099 932 1250 1005 Caesari,
1285 932 1370 993 falna

147 1014 304 1098 vulgavit.
350 1016 448 1077 Cuius
481 1018 571 1077 mors
599 1014 685 1079 intra
708 1038 828 1099 paucos
851 1017 919 1079 dies
938 1017 1096 1090 fortuita,
1120 1038 1160 1077 an
1181 1014 1369 1078 voluntaria

146 1098 269 1174 fuerit,
294 1099 426 1183 ignoro.
469 1095 535 1158 Sed
557 1119 655 1182 quam
676 1099 764 1163 hunc
786 1100 960 1163 decessisse
979 1100 1092 1162 laetati
1113 1099 1277 1172 homines,
1306 1106 1370 1159 tam

147 1180 261 1264 paullo
285 1190 385 1269 post,
416 1180 524 1243 obisse
547 1183 762 1247 Censorinum
791 1184 827 1245 in
857 1184 973 1246 iisdem
994 1183 1197 1266 provinciis,
1224 1182 1371 1266 graviter

149 1264 228 1325 tulit
249 1265 385 1341 civitas,
413 1265 523 1328 virum
543 1265 748 1337 demerendis
768 1265 959 1331 huminibus
980 1266 1139 1350 genitum.
1182 1265 1372 1327 Armenium

149 1346 268 1411 deinde
296 1350 425 1433 [Caius]
454 1349 639 1430 ingressus,
668 1351 776 1437 prima
805 1359 901 1435 parte
931 1350 1089 1413 introitus
1118 1369 1283 1433 prospere
1304 1368 1372 1411 reas

149 1428 266 1515 gessit,
289 1455 367 1497 mox
388 1434 423 1495 iu
444 1432 637 1516 colloquio,
661 1435 714 1495 cui
736 1455 770 1495 se
790 1443 914 1496 temere
936 1432 1140 1507 crediderat,
1165 1434 1255 1495 cirea
1280 1431 1374 1495 artu

149 1532 260 1599 geram
282 1517 428 1602 graviter
448 1539 467 1577 a
513 1516 651 1592 uadum,
676 1517 809 1581 nomine
833 1517 976 1591 Adduo,
1003 1516 1214 1589 vulneratus,
1242 1535 1284 1576 ex
1305 1536 1346 1577 eo
1362 1560 1371 1589 ,
1415 1579 1417 1588 ,

151 1606 190 1659 ut
210 1620 332 1684 corpus
360 1600 469 1663 minus
488 1539 628 1674 labile,
658 1601 706 1665 ita
726 1601 871 1663 animum
894 1602 1000 1663 minus
1021 1601 1137 1663 utilem
1158 1598 1372 1683 Reipublicae

150 1680 273 1745 babere
295 1684 419 1768 coepit.
463 1684 532 1747 Noe
552 1683 658 1746 defuit
678 1685 884 1747 conversatio
906 1684 1098 1759 bominum,
1123 1683 1205 1745 vitia
1227 1683 1301 1745 eius
1322 1684 1375 1743 u's-
1416 1745 1417 1750 ,

150 1768 333 1831 sentatione
363 1766 533 1829 alentium.
583 1768 714 1830 Etenim
744 1790 873 1852 semper
906 1788 1042 1852 magnae
1075 1768 1230 1829 fortunae
1266 1784 1374 1827 comes
1416 1759 1417 1828 l

153 1847 244 1909 adest
272 1850 431 1915 adulatio.
474 1851 546 1913 Par'
569 1872 653 1936 quae
679 1873 718 1915 eo
741 1851 858 1913 ductus
881 1859 973 1924 erat,
996 1850 1089 1913 utin
1112 1849 1229 1912 ultimo
1252 1870 1293 1911 ac
1313 1868 1379 1911 rev.

152 1934 336 1997 molissimo
364 1943 529 1997 terrarum
557 1933 649 1996 orbis
676 1933 796 2017 angulo
825 1954 1077 2007 consenescere,
1110 1956 1209 2018 quam
1235 1932 1375 1994 Romam

152 2016 284 2098 regredi
306 2015 428 2079 mallet.
470 2018 537 2078 Diu
560 2016 678 2078 deinde
698 2017 900 2093 reluctatus,
925 2017 1112 2099 invitusque
1142 2024 1313 2081 revertens
1343 2014 1376 2076 in

152 2098 295 2172 Italiam,
318 2101 352 2161 in
374 2100 456 2162 urbe
470 2101 589 2184 Lyciae
609 2100 758 2184 (Limyra
778 2102 961 2181 nominant)
991 2102 1111 2163 morbo
1137 2100 1241 2174 obiit·,
1270 2120 1382 2183 quum-

153 2194 228 2245 ante
259 2205 378 2245 annum
404 2184 508 2246 ferme
539 2185 576 2245 1..
601 2186 734 2258 Caesar,
770 2185 874 2248 frater
904 2185 994 2259 eius,
1027 2185 1201 2268 Hispanias
1232 2192 1374 2267 petens,

156 2266 542 2332 Massiliae-decessisset.
1361 2268 1379 2305 ²·

199 2352 289 2415 CIII.
310 2350 374 2413 Sed
395 2350 551 2426 fortuna,
574 2372 658 2434 quae
679 2351 880 2414 subduxerat
901 2372 992 2434 spem
1006 2349 1116 2434 magni
1136 2346 1295 2421 nominis,
1315 2349 1378 2411 iarn

156 2443 226 2497 tum
247 2432 462 2518 Reipublicae
481 2457 538 2497 sua
560 2435 724 2517 praesidia
746 2433 947 2498 reddiderat.
989 2434 1134 2517 Quippe,
1159 2441 1235 2495 ante
1256 2432 1380 2495 utrius-

156 2542 221 2602 que
241 2519 363 2580 horum
385 2517 531 2591 obitum,
558 2527 654 2600 patre
670 2527 733 2581 tuo
756 2519 795 2579 P.
815 2518 959 2580 Vinicio·
978 2518 1142 2591 Consule,
1165 2517 1243 2577 Tib.
1264 2517 1378 2589 Nero,

157 2623 306 2665 reversus
333 2599 475 2676 Rhodo,
505 2599 695 2664 incredibili
729 2601 854 2664 laetitia
881 2603 1021 2683 patriam
1053 2593 1249 2684 repleveiat.
1304 2600 1383 2661 Non'

158 2695 207 2746 est
229 2686 285 2747 diu
306 2690 476 2747 cunctatus
498 2685 616 2747 Caesar
636 2685 811 2770 Augustus.
842 2686 958 2768 Neque
972 2685 1059 2747 enim
1074 2682 1281 2769 quaerendus
1296 2690 1379 2755 arat,

159 2790 256 2852 quem
286 2767 428 2853 legeret,
457 2767 513 2830 sed
535 2766 711 2853 legendus,
733 2770 790 2853 qui
813 2768 987 2831 eminebat.
1031 2770 1168 2852 Itaque,
1192 2765 1285 2849 quod
1305 2773 1383 2851 post

158 2853 253 2914 Lucii
274 2860 433 2928 mortem,
458 2850 565 2913 adbuc
588 2852 665 2915 Caio
686 2855 781 2928 rivo,
809 2855 919 2915 facere
940 2851 1112 2926 voluerat,
1143 2832 1293 2933 aditoque
1315 2870 1380 2913 ve·

158 2936 331 2998 hemeater
350 2943 553 3021 repugnante
574 2934 707 2999 Nerone
728 2946 797 3000 erut
820 2934 992 3010 inhibitus,
1014 2945 1091 3019 post
1108 2934 1283 3017 utriusque
1304 2932 1383 2995 ado·

160 3018 352 3082 lescentium
375 3022 503 3081 obitum
527 3021 636 3083 facere
663 3020 900 3103 perseveravit,
929 3029 966 3080 ut
988 3017 1251 3081 etTribunitiae
1272 3024 1380 3099 pote-

160 3103 252 3165 statis
273 3105 519 3165 consortionem
539 3103 665 3168 Neroni
681 3105 907 3176 constitueret,
921 3101 1060 3164 multum
1072 3100 1207 3185 quidem
1222 3121 1261 3162 eo
1278 3122 1381 3184 quum

162 3188 272 3261 douai,
307 3196 375 3248 tum
403 3189 437 3249 in
463 3187 584 3250 Senatu
610 3197 798 3261 recusante,
827 3194 861 3247 et
887 3205 961 3247 eum
987 3183 1084 3247 Aelio
1108 3186 1186 3246 Cato
1211 3193 1244 3245 et
1263 3182 1380 3245 Sentio

164 3272 250 3333 Coss.
274 3271 317 3331 V.
340 3269 479 3332 Kalend.
499 3271 563 3333 Iul.
584 3278 661 3353 post
689 3272 734 3332 U.
757 3270 791 3332 C.
821 3270 912 3330 annis
933 3268 1124 3342 DCCLVll,
1145 3265 1265 3328 abhinc
1288 3265 1381 3329 annis

163 3354 315 3427 XXVII,
338 3352 523 3436 adoptaret.
565 3352 738 3413 Laetitiam
760 3351 849 3413 illius
869 3349 955 3425 diei,
976 3371 1239 3435 concursumque
1258 3350 1382 3411 civita-

164 3438 225 3511 tis,
250 3446 283 3498 et
301 3443 379 3498 vota
400 3455 502 3518 paene
524 3434 734 3497 inserentium
757 3432 852 3495 coelo
874 3455 1004 3508 manus,
1027 3456 1183 3519 spemque
1204 3442 1385 3517 conceptae

165 3530 344 3604 perpetuae
365 3518 548 3580 securitatis
570 3516 837 3599 aeternitatisque
858 3516 996 3580 Romani
1019 3518 1163 3603 imperii,
1185 3517 1241 3578 rix
1262 3515 1298 3577 in
1322 3516 1384 3579 illo

167 3607 253 3667 iusto
284 3620 386 3687 opere
416 3600 545 3663 abunde
573 3600 726 3682 persequi
757 3600 961 3683 poterimus,
994 3601 1115 3665 nedum
1144 3600 1200 3662 bic
1224 3600 1383 3682 implere:

168 3689 315 3751 conteuti
348 3691 464 3758 simus,
494 3683 528 3745 id
561 3704 661 3744 unum
690 3683 830 3760 dixisse,
862 3685 975 3769 quanti
1006 3684 1063 3749 ille
1096 3684 1246 3749 omnibus
1267 3684 1383 3747 fuerit.

169 3772 255 3833 Tum
277 3769 408 3833 refulsit
427 3775 516 3829 certa
537 3786 609 3850 spes
630 3765 814 3831 liberorum
835 3769 1037 3853 parentibus,
1059 3768 1139 3832 viris
1159 3766 1385 3830 matrimonio-

170 3878 264 3927 rum,
287 3850 429 3916 dominis
449 3850 661 3932 patrimonii,
695 3852 846 3916 omnibns
867 3853 1057 3917 bominibus
1078 3852 1211 3925 salutis,
1241 3850 1385 3933 quietis,

170 3937 281 4023 pacis,
310 3934 572 4016 tranquillitatis,
596 3935 699 4013 adeo,
726 3948 765 4001 ut
790 3958 851 4001 nec
878 3937 951 4022 plus
982 3936 1108 4022 sperari
1129 3936 1303 4021 potuerit,
1324 3933 1387 3997 nec

171 4020 241 4106 spei
263 4018 453 4104 responderi
474 4018 613 4083 felicius.

216 4098 302 4167 clv'.
334 4102 518 4186 Adoptatus
549 4104 661 4167 eadem
688 4103 742 4166 die
776 4105 873 4165 etiam
904 4104 951 4167 M.
978 4103 1058 4189 Agri
1083 4124 1146 4186 pa,
1178 4122 1275 4184 quem
1309 4109 1390 4181 post

173 4195 314 4253 mortem
339 4187 507 4271 Agrippae
534 4188 617 4251 Iulia
647 4188 741 4250 enixa
770 4194 850 4248 erat.
893 4186 959 4249 Sed
985 4188 1020 4248 iu
1073 4185 1182 4248 erouis
1203 4185 1389 4265 adoptione

175 4271 258 4334 illud
279 4270 458 4345 adiectum,
486 4271 538 4334 bis
565 4270 643 4353 ipsis
676 4270 821 4332 Caesaris
842 4270 971 4331 verbis:
998 4276 1070 4329 Hoc
1093 4268 1229 4351 [inquit]
1257 4275 1385 4351 Respu-

174 4356 279 4420 blicae
308 4355 555 4434 cerusafactb.
596 4356 673 4416 Non
704 4352 762 4414 diu
791 4351 954 4415 vindicem
983 4352 1217 4435 custodemque
1252 4350 1389 4437 imperii

175 4442 223 4503 sui
246 4449 374 4501 morata
395 4439 429 4499 in
450 4438 542 4501 Urbe
570 4438 698 4516 patria,
729 4436 882 4515 protinus
904 4436 939 4495 in
959 4436 1166 4496 Germaniam
1187 4437 1296 4510 misit,
1328 4435 1387 4497 ubi

176 4534 250 4587 ante
271 4524 448 4585 triennium
473 4520 531 4582 sub
555 4523 599 4582 M.
624 4518 775 4592 Vinicio,
799 4542 859 4581 avo
881 4527 959 4594 tuo,
983 4518 1162 4581 clarissimo
1186 4521 1282 4592 viro,
1313 4520 1388 4581 im-

176 4630 321 4673 mensum
353 4613 516 4671 exarserat
543 4604 676 4687 bellum.
721 4602 802 4667 Erat
833 4602 867 4667 id
896 4602 938 4667 ub
970 4624 1007 4666 eo
1031 4602 1225 4688 quibusdam
1246 4604 1278 4679 in
1301 4603 1388 4679 locis
