<?xml version="1.0" encoding="UTF-8"?>
<!DOCTYPE html PUBLIC "-//W3C//DTD XHTML 1.0 Transitional//EN"
    "http://www.w3.org/TR/xhtml1/DTD/xhtml1-transitional.dtd">
<html xmlns="http://www.w3.org/1999/xhtml" xml:lang="en" lang="en">
 <head>
  <title>
</title>
<meta http-equiv="Content-Type" content="text/html;charset=utf-8" />
  <meta name='ocr-system' content='tesseract 3.04.00' />
  <meta name='ocr-capabilities' content='ocr_page ocr_carea ocr_par ocr_line ocrx_word'/>
</head>
<body>
  <div class='ocr_page' id='page_1' title='image "./scriptoreshisto00fiedgoog_0306.png"; bbox 0 0 2850 4958; ppageno 0'>
   <div class='ocr_carea' id='block_1_1' title="bbox 332 188 1347 368">
    <p class='ocr_par' dir='ltr' id='par_1_1' title="bbox 332 188 1347 368">
     <span class='ocr_line' id='line_1_1' title="bbox 332 188 1347 368; baseline 0.039 -45"><span class='ocrx_word' id='word_1_1' title='bbox 332 256 597 368; x_wconf 70' lang='lat' dir='ltr'>neruosa·</span> <span class='ocrx_word' id='word_1_2' title='bbox 632 255 967 360; x_wconf 56' lang='lat' dir='ltr'>cerr-assas*</span> <span class='ocrx_word' id='word_1_3' title='bbox 1177 264 1251 358; x_wconf 61' lang='grc' dir='ltr'>ἐπ</span> <span class='ocrx_word' id='word_1_4' title='bbox 1344 188 1347 202; x_wconf 29' lang='lat'>⁸</span> 
     </span>
    </p>
   </div>
   <div class='ocr_carea' id='block_1_2' title="bbox 44 422 1258 695">
    <p class='ocr_par' dir='ltr' id='par_1_2' title="bbox 44 422 1258 695">
     <span class='ocr_line' id='line_1_2' title="bbox 50 422 1258 511; baseline -0.005 -18"><span class='ocrx_word' id='word_1_5' title='bbox 50 427 229 493; x_wconf 80' lang='lat' dir='ltr'>tem-mitis</span> <span class='ocrx_word' id='word_1_6' title='bbox 246 425 336 499; x_wconf 83' lang='lat' dir='ltr'>fuit,</span> <span class='ocrx_word' id='word_1_7' title='bbox 356 432 416 500; x_wconf 86' lang='lat' dir='ltr'>ut,</span> <span class='ocrx_word' id='word_1_8' title='bbox 444 446 546 511; x_wconf 86' lang='lat' dir='ltr'>quum</span> <span class='ocrx_word' id='word_1_9' title='bbox 563 424 763 507; x_wconf 80' lang='lat' dir='ltr'>obinopiae</span> <span class='ocrx_word' id='word_1_10' title='bbox 784 422 1258 510; x_wconf 78' lang='lat' dir='ltr'>frbmentariae&#39;suspicionem</span> 
     </span>
     <span class='ocr_line' id='line_1_3' title="bbox 44 507 1257 596; baseline -0.005 -21"><span class='ocrx_word' id='word_1_11' title='bbox 44 512 210 596; x_wconf 74' lang='lat' dir='ltr'><strong>lapidibus</strong></span> <span class='ocrx_word' id='word_1_12' title='bbox 239 532 257 571; x_wconf 89' lang='lat' dir='ltr'>a</span> <span class='ocrx_word' id='word_1_13' title='bbox 290 509 387 593; x_wconf 80' lang='lat' dir='ltr'>plebe</span> <span class='ocrx_word' id='word_1_14' title='bbox 419 507 566 571; x_wconf 83' lang='lat' dir='ltr'>Romana</span> <span class='ocrx_word' id='word_1_15' title='bbox 599 509 900 595; x_wconf 61' lang='lat' dir='ltr'>perstringeretur,</span> <span class='ocrx_word' id='word_1_16' title='bbox 940 510 1093 578; x_wconf 86' lang='lat' dir='ltr'>maluerit</span> <span class='ocrx_word' id='word_1_17' title='bbox 1126 508 1257 572; x_wconf 86' lang='lat' dir='ltr'>ratione</span> 
     </span>
     <span class='ocr_line' id='line_1_4' title="bbox 50 592 1216 695; baseline -0.004 -34"><span class='ocrx_word' id='word_1_18' title='bbox 50 596 197 683; x_wconf 82' lang='lat' dir='ltr'>exposita</span> <span class='ocrx_word' id='word_1_19' title='bbox 216 592 368 695; x_wconf 74' lang='lat' dir='ltr'>plaeere,</span> <span class='ocrx_word' id='word_1_20' title='bbox 390 606 488 676; x_wconf 80' lang='lat' dir='ltr'>quam</span> <span class='ocrx_word' id='word_1_21' title='bbox 507 592 622 655; x_wconf 83' lang='lat' dir='ltr'>ulcisci</span> <span class='ocrx_word' id='word_1_22' title='bbox 642 593 847 685; x_wconf 63' lang='lat' dir='ltr'>seditionema</span> <span class='ocrx_word' id='word_1_23' title='bbox 890 634 893 639; x_wconf 91' lang='lat'>·</span> <span class='ocrx_word' id='word_1_24' title='bbox 945 618 948 624; x_wconf 90' lang='lat'>·</span> <span class='ocrx_word' id='word_1_25' title='bbox 1157 622 1160 626; x_wconf 94' lang='lat'>·</span> <span class='ocrx_word' id='word_1_26' title='bbox 1214 626 1216 633; x_wconf 96' lang='lat'><em>·</em></span> 
     </span>
    </p>
   </div>
   <div class='ocr_carea' id='block_1_3' title="bbox 473 706 833 813">
    <p class='ocr_par' dir='ltr' id='par_1_3' title="bbox 411 706 833 813">
     <span class='ocr_line' id='line_1_5' title="bbox 473 706 833 813; baseline 0.009 -3.412"><span class='ocrx_word' id='word_1_27' title='bbox 473 745 594 809; x_wconf 76' lang='lat' dir='ltr'>car</span> <span class='ocrx_word' id='word_1_28' title='bbox 615 747 648 809; x_wconf 85' lang='lat' dir='ltr'>n</span> <span class='ocrx_word' id='word_1_29' title='bbox 670 706 833 813; x_wconf 64' lang='lat' dir='ltr'>rsxvr.</span> 
     </span>
    </p>
   </div>
   <div class='ocr_carea' id='block_1_4' title="bbox 323 859 980 934">
    <p class='ocr_par' dir='ltr' id='par_1_4' title="bbox 323 859 980 934">
     <span class='ocr_line' id='line_1_6' title="bbox 323 859 980 934; baseline -0.005 -20"><span class='ocrx_word' id='word_1_30' title='bbox 323 868 361 914; x_wconf 76' lang='lat' dir='ltr'>nr.</span> <span class='ocrx_word' id='word_1_31' title='bbox 377 859 536 915; x_wconf 75' lang='lat' dir='ltr'>&#39;sonamus</span> <span class='ocrx_word' id='word_1_32' title='bbox 561 866 732 913; x_wconf 79' lang='lat' dir='ltr'>raronrrus</span> <span class='ocrx_word' id='word_1_33' title='bbox 754 870 792 912; x_wconf 81' lang='lat' dir='ltr'>ar</span> <span class='ocrx_word' id='word_1_34' title='bbox 813 871 842 913; x_wconf 82' lang='lat' dir='ltr'>n.</span> <span class='ocrx_word' id='word_1_35' title='bbox 865 870 980 934; x_wconf 74' lang='lat' dir='ltr'>uenus.</span> 
     </span>
    </p>
   </div>
   <div class='ocr_carea' id='block_1_5' title="bbox 10 952 1380 4208">
    <p class='ocr_par' dir='ltr' id='par_1_5' title="bbox 10 952 1380 3792">
     <span class='ocr_line' id='line_1_7' title="bbox 61 952 1290 1049; baseline -0.006 -20"><span class='ocrx_word' id='word_1_36' title='bbox 61 980 64 985; x_wconf 88' lang='grc'><strong>’</strong></span> <span class='ocrx_word' id='word_1_37' title='bbox 87 967 217 1029; x_wconf 87' lang='lat' dir='ltr'>Marcus</span> <span class='ocrx_word' id='word_1_38' title='bbox 246 964 399 1047; x_wconf 86' lang='lat' dir='ltr'>Aurelius</span> <span class='ocrx_word' id='word_1_39' title='bbox 425 960 611 1029; x_wconf 81' lang='lat' dir='ltr'>Antoninus</span> <span class='ocrx_word' id='word_1_40' title='bbox 643 952 817 1049; x_wconf 76' lang='lat' dir='ltr'>imperavit</span> <span class='ocrx_word' id='word_1_41' title='bbox 846 952 947 1039; x_wconf 85' lang='lat' dir='ltr'>annos</span> <span class='ocrx_word' id='word_1_42' title='bbox 975 960 1258 1043; x_wconf 59' lang='lat' dir='ltr'>decem&#39;et&#39;oetoss</span> <span class='ocrx_word' id='word_1_43' title='bbox 1287 1038 1290 1045; x_wconf 24' lang='grc' dir='ltr'>Ι</span> 
     </span>
     <span class='ocr_line' id='line_1_8' title="bbox 42 1048 1299 1135; baseline -0.005 -23"><span class='ocrx_word' id='word_1_44' title='bbox 42 1051 112 1112; x_wconf 88' lang='lat' dir='ltr'>Istc</span> <span class='ocrx_word' id='word_1_45' title='bbox 131 1051 291 1123; x_wconf 83' lang='lat' dir='ltr'>virtutum</span> <span class='ocrx_word' id='word_1_46' title='bbox 318 1050 488 1125; x_wconf 88' lang='lat' dir='ltr'>omnium,</span> <span class='ocrx_word' id='word_1_47' title='bbox 517 1049 731 1133; x_wconf 83' lang='lat' dir='ltr'>coelestisque</span> <span class='ocrx_word' id='word_1_48' title='bbox 758 1050 893 1135; x_wconf 49' lang='lat' dir='ltr'>ingenii,</span> <span class='ocrx_word' id='word_1_49' title='bbox 909 1050 1045 1124; x_wconf 86' lang='lat' dir='ltr'>exstitit,</span> <span class='ocrx_word' id='word_1_50' title='bbox 1067 1048 1256 1111; x_wconf 84' lang='lat' dir='ltr'>aerumnis·</span> <span class='ocrx_word' id='word_1_51' title='bbox 1278 1059 1299 1106; x_wconf 68' lang='lat' dir='ltr'>s</span> 
     </span>
     <span class='ocr_line' id='line_1_9' title="bbox 44 1126 1305 1219; baseline -0.004 -22"><span class='ocrx_word' id='word_1_52' title='bbox 44 1155 112 1219; x_wconf 85' lang='lat' dir='ltr'>que</span> <span class='ocrx_word' id='word_1_53' title='bbox 141 1135 283 1216; x_wconf 71' lang='lat' dir='ltr'>publices</span> <span class='ocrx_word' id='word_1_54' title='bbox 314 1133 405 1217; x_wconf 74' lang='lat' dir='ltr'>quasi</span> <span class='ocrx_word' id='word_1_55' title='bbox 437 1132 589 1196; x_wconf 81' lang='lat' dir='ltr'>defensor</span> <span class='ocrx_word' id='word_1_56' title='bbox 614 1132 762 1195; x_wconf 87' lang='lat' dir='ltr'>obiectus</span> <span class='ocrx_word' id='word_1_57' title='bbox 793 1143 851 1197; x_wconf 87' lang='lat' dir='ltr'>est.</span> <span class='ocrx_word' id='word_1_58' title='bbox 893 1132 1023 1209; x_wconf 81' lang='lat' dir='ltr'><strong>Etenim</strong></span> <span class='ocrx_word' id='word_1_59' title='bbox 1053 1130 1117 1194; x_wconf 87' lang='lat' dir='ltr'>nisi</span> <span class='ocrx_word' id='word_1_60' title='bbox 1138 1130 1181 1192; x_wconf 91' lang='lat' dir='ltr'>ad</span> <span class='ocrx_word' id='word_1_61' title='bbox 1200 1126 1258 1209; x_wconf 67' lang='lat' dir='ltr'>illa</span> <span class='ocrx_word' id='word_1_62' title='bbox 1301 1202 1305 1213; x_wconf 38' lang='lat'>‚</span> 
     </span>
     <span class='ocr_line' id='line_1_10' title="bbox 43 1213 1256 1301; baseline -0.003 -23"><span class='ocrx_word' id='word_1_63' title='bbox 43 1225 197 1299; x_wconf 90' lang='lat' dir='ltr'>tempora</span> <span class='ocrx_word' id='word_1_64' title='bbox 225 1227 318 1293; x_wconf 79' lang='lat' dir='ltr'>natus</span> <span class='ocrx_word' id='word_1_65' title='bbox 350 1226 452 1293; x_wconf 80' lang='lat' dir='ltr'>esset,</span> <span class='ocrx_word' id='word_1_66' title='bbox 483 1217 635 1300; x_wconf 83' lang='lat' dir='ltr'>profecto</span> <span class='ocrx_word' id='word_1_67' title='bbox 668 1216 760 1301; x_wconf 85' lang='lat' dir='ltr'>quasi</span> <span class='ocrx_word' id='word_1_68' title='bbox 781 1240 846 1279; x_wconf 92' lang='lat' dir='ltr'>uno</span> <span class='ocrx_word' id='word_1_69' title='bbox 863 1213 960 1301; x_wconf 79' lang='lat' dir='ltr'>¹lapsu</span> <span class='ocrx_word' id='word_1_70' title='bbox 977 1217 1129 1295; x_wconf 77' lang='lat' dir='ltr'>&#39;ruissent</span> <span class='ocrx_word' id='word_1_71' title='bbox 1145 1214 1256 1277; x_wconf 90' lang='lat' dir='ltr'>omnia</span> 
     </span>
     <span class='ocr_line' id='line_1_11' title="bbox 43 1287 1298 1391; baseline -0.002 -30"><span class='ocrx_word' id='word_1_72' title='bbox 43 1309 148 1362; x_wconf 89' lang='lat' dir='ltr'>status</span> <span class='ocrx_word' id='word_1_73' title='bbox 170 1298 319 1361; x_wconf 78' lang='lat' dir='ltr'>Romani.</span> <span class='ocrx_word' id='word_1_74' title='bbox 361 1299 493 1381; x_wconf 84' lang='lat' dir='ltr'>Quippe</span> <span class='ocrx_word' id='word_1_75' title='bbox 523 1296 684 1362; x_wconf 64' lang='lat' dir='ltr'>ab&#39;armis</span> <span class='ocrx_word' id='word_1_76' title='bbox 710 1300 873 1385; x_wconf 76' lang='lat' dir='ltr'>nusq&#39;ua&#39;m</span> <span class='ocrx_word' id='word_1_77' title='bbox 895 1301 986 1391; x_wconf 74' lang='lat' dir='ltr'>quies</span> <span class='ocrx_word' id='word_1_78' title='bbox 1011 1309 1101 1370; x_wconf 89' lang='lat' dir='ltr'>erat·‚</span> <span class='ocrx_word' id='word_1_79' title='bbox 1129 1287 1298 1381; x_wconf 77' lang='lat' dir='ltr'>perqne3</span> 
     </span>
     <span class='ocr_line' id='line_1_12' title="bbox 45 1380 1259 1466; baseline -0.004 -22"><span class='ocrx_word' id='word_1_80' title='bbox 45 1405 178 1444; x_wconf 91' lang='lat' dir='ltr'>omnem</span> <span class='ocrx_word' id='word_1_81' title='bbox 203 1383 394 1457; x_wconf 73' lang='lat' dir='ltr'>Orientem,</span> <span class='ocrx_word' id='word_1_82' title='bbox 421 1383 613 1466; x_wconf 81' lang='lat' dir='ltr'>Illyricum,</span> <span class='ocrx_word' id='word_1_83' title='bbox 635 1382 784 1458; x_wconf 88' lang='lat' dir='ltr'>Italiam,</span> <span class='ocrx_word' id='word_1_84' title='bbox 818 1380 1126 1466; x_wconf 80' lang='lat' dir='ltr'>G&#39;alliamque&#39;bella</span> <span class='ocrx_word' id='word_1_85' title='bbox 1146 1382 1259 1440; x_wconf 83' lang='lat' dir='ltr'>ferve-</span> 
     </span>
     <span class='ocr_line' id='line_1_13' title="bbox 45 1463 1256 1541; baseline -0.005 -13"><span class='ocrx_word' id='word_1_86' title='bbox 45 1468 148 1528; x_wconf 85' lang='lat' dir='ltr'>bant:</span> <span class='ocrx_word' id='word_1_87' title='bbox 182 1475 289 1529; x_wconf 84' lang='lat' dir='ltr'>terrae</span> <span class='ocrx_word' id='word_1_88' title='bbox 316 1476 425 1529; x_wconf 89' lang='lat' dir='ltr'>motus</span> <span class='ocrx_word' id='word_1_89' title='bbox 450 1491 520 1535; x_wconf 89' lang='lat' dir='ltr'>non</span> <span class='ocrx_word' id='word_1_90' title='bbox 546 1467 616 1531; x_wconf 84' lang='lat' dir='ltr'>sine</span> <span class='ocrx_word' id='word_1_91' title='bbox 632 1466 995 1541; x_wconf 58' lang='lat' dir='ltr'>„interituciritatum</span> <span class='ocrx_word' id='word_1_92' title='bbox 1027 1463 1256 1526; x_wconf 89' lang='lat' dir='ltr'>inundationes</span> 
     </span>
     <span class='ocr_line' id='line_1_14' title="bbox 44 1540 1376 1633; baseline -0.002 -22"><span class='ocrx_word' id='word_1_93' title='bbox 44 1549 239 1622; x_wconf 88' lang='lat' dir='ltr'>fluminum,</span> <span class='ocrx_word' id='word_1_94' title='bbox 260 1549 329 1611; x_wconf 91' lang='lat' dir='ltr'>lues</span> <span class='ocrx_word' id='word_1_95' title='bbox 352 1544 497 1623; x_wconf 77' lang='lat' dir='ltr'>crebrae,</span> <span class='ocrx_word' id='word_1_96' title='bbox 516 1544 718 1611; x_wconf 79' lang='lat' dir='ltr'>ldeusta&#39;rum</span> <span class='ocrx_word' id='word_1_97' title='bbox 737 1540 863 1631; x_wconf 79' lang='lat' dir='ltr'>¹specie&#39;s</span> <span class='ocrx_word' id='word_1_98' title='bbox 888 1550 974 1633; x_wconf 79' lang='lat' dir='ltr'>agris</span> <span class='ocrx_word' id='word_1_99' title='bbox 996 1550 1140 1620; x_wconf 87' lang='lat' dir='ltr'>infestae,</span> <span class='ocrx_word' id='word_1_100' title='bbox 1161 1567 1260 1627; x_wconf 89' lang='lat' dir='ltr'>pror·</span> <span class='ocrx_word' id='word_1_101' title='bbox 1372 1602 1376 1608; x_wconf 90' lang='lat'>.</span> 
     </span>
     <span class='ocr_line' id='line_1_15' title="bbox 44 1630 1257 1716; baseline -0.004 -22"><span class='ocrx_word' id='word_1_102' title='bbox 44 1653 101 1694; x_wconf 86' lang='lat' dir='ltr'>sus</span> <span class='ocrx_word' id='word_1_103' title='bbox 125 1641 161 1693; x_wconf 91' lang='lat' dir='ltr'>ut</span> <span class='ocrx_word' id='word_1_104' title='bbox 180 1654 285 1714; x_wconf 87' lang='lat' dir='ltr'>prope</span> <span class='ocrx_word' id='word_1_105' title='bbox 305 1632 407 1706; x_wconf 88' lang='lat' dir='ltr'>nihil,</span> <span class='ocrx_word' id='word_1_106' title='bbox 425 1657 489 1716; x_wconf 80' lang='lat' dir='ltr'>quo</span> <span class='ocrx_word' id='word_1_107' title='bbox 509 1633 641 1711; x_wconf 83' lang='lat' dir='ltr'>summis</span> <span class='ocrx_word' id='word_1_108' title='bbox 662 1635 840 1714; x_wconf 77' lang='lat' dir='ltr'>angoribus</span> <span class='ocrx_word' id='word_1_109' title='bbox 860 1633 956 1694; x_wconf 86' lang='lat' dir='ltr'>atteri</span> <span class='ocrx_word' id='word_1_110' title='bbox 972 1634 1124 1695; x_wconf 75' lang='lat' dir='ltr'>mortales</span> <span class='ocrx_word' id='word_1_111' title='bbox 1139 1630 1257 1705; x_wconf 81' lang='lat' dir='ltr'>solent,</span> 
     </span>
     <span class='ocr_line' id='line_1_16' title="bbox 46 1702 1299 1799; baseline 0.002 -23"><span class='ocrx_word' id='word_1_112' title='bbox 46 1715 115 1777; x_wconf 91' lang='lat' dir='ltr'>dici</span> <span class='ocrx_word' id='word_1_113' title='bbox 138 1737 193 1777; x_wconf 89' lang='lat' dir='ltr'>seu</span> <span class='ocrx_word' id='word_1_114' title='bbox 216 1712 354 1799; x_wconf 84' lang='lat' dir='ltr'>cogitari</span> <span class='ocrx_word' id='word_1_115' title='bbox 376 1726 489 1799; x_wconf 86' lang='lat' dir='ltr'>queat,</span> <span class='ocrx_word' id='word_1_116' title='bbox 514 1716 602 1799; x_wconf 91' lang='lat' dir='ltr'>quod</span> <span class='ocrx_word' id='word_1_117' title='bbox 624 1737 690 1778; x_wconf 92' lang='lat' dir='ltr'>non</span> <span class='ocrx_word' id='word_1_118' title='bbox 712 1717 769 1778; x_wconf 90' lang='lat' dir='ltr'>illo</span> <span class='ocrx_word' id='word_1_119' title='bbox 794 1717 974 1799; x_wconf 87' lang='lat' dir='ltr'>imperante</span> <span class='ocrx_word' id='word_1_120' title='bbox 988 1715 1149 1795; x_wconf 82' lang='lat' dir='ltr'>saevierit.</span> <span class='ocrx_word' id='word_1_121' title='bbox 1184 1714 1259 1775; x_wconf 88' lang='lat' dir='ltr'>Cre·</span> <span class='ocrx_word' id='word_1_122' title='bbox 1278 1702 1299 1779; x_wconf 85' lang='grc'><em>4</em></span> 
     </span>
     <span class='ocr_line' id='line_1_17' title="bbox 11 1790 1258 1874; baseline 0.002 -19"><span class='ocrx_word' id='word_1_123' title='bbox 11 1842 18 1855; x_wconf 82' lang='grc'>.</span> <span class='ocrx_word' id='word_1_124' title='bbox 45 1799 101 1860; x_wconf 92' lang='lat' dir='ltr'>do·</span> <span class='ocrx_word' id='word_1_125' title='bbox 115 1798 498 1874; x_wconf 76' lang='lat' dir='ltr'>diuinitus-attributum,</span> <span class='ocrx_word' id='word_1_126' title='bbox 522 1809 575 1873; x_wconf 91' lang='lat' dir='ltr'>ut,</span> <span class='ocrx_word' id='word_1_127' title='bbox 597 1798 674 1859; x_wconf 90' lang='lat' dir='ltr'>dum</span> <span class='ocrx_word' id='word_1_128' title='bbox 695 1800 806 1861; x_wconf 91' lang='lat' dir='ltr'>mundi</span> <span class='ocrx_word' id='word_1_129' title='bbox 829 1800 1106 1871; x_wconf 75' lang='lat' dir='ltr'>lexseunaeu&#39;rs,</span> <span class='ocrx_word' id='word_1_130' title='bbox 1130 1790 1258 1858; x_wconf 80' lang='lat' dir='ltr'>aliudve</span> 
     </span>
     <span class='ocr_line' id='line_1_18' title="bbox 43 1874 1264 1968; baseline -0.002 -26"><span class='ocrx_word' id='word_1_131' title='bbox 43 1879 127 1964; x_wconf 87' lang='lat' dir='ltr'>quid</span> <span class='ocrx_word' id='word_1_132' title='bbox 148 1881 336 1942; x_wconf 87' lang='lat' dir='ltr'>hominibus</span> <span class='ocrx_word' id='word_1_133' title='bbox 357 1882 709 1968; x_wconf 68' lang='lat' dir='ltr'>incognitum³,·&#39;&#39;2gignit,</span> <span class='ocrx_word' id='word_1_134' title='bbox 731 1874 902 1949; x_wconf 69' lang='lat' dir='ltr'>rectorum</span> <span class='ocrx_word' id='word_1_135' title='bbox 918 1881 1075 1954; x_wconf 85' lang='lat' dir='ltr'>consiliis,</span> <span class='ocrx_word' id='word_1_136' title='bbox 1093 1878 1264 1964; x_wconf 75' lang='lat' dir='ltr'>tamquam·</span> 
     </span>
     <span class='ocr_line' id='line_1_19' title="bbox 45 1946 1306 2049; baseline -0.002 -23"><span class='ocrx_word' id='word_1_137' title='bbox 45 1964 228 2026; x_wconf 81' lang='lat' dir='ltr'>medicinae</span> <span class='ocrx_word' id='word_1_138' title='bbox 250 1965 418 2041; x_wconf 82' lang='lat' dir='ltr'>remediis,</span> <span class='ocrx_word' id='word_1_139' title='bbox 451 1967 625 2029; x_wconf 89' lang='lat' dir='ltr'>leniantur.</span> <span class='ocrx_word' id='word_1_140' title='bbox 647 1980 650 1987; x_wconf 89' lang='lat'>&#39;</span> <span class='ocrx_word' id='word_1_141' title='bbox 668 1966 699 2026; x_wconf 90' lang='lat' dir='ltr'>Is</span> <span class='ocrx_word' id='word_1_142' title='bbox 721 1967 959 2049; x_wconf 44' lang='lat' dir='ltr'>propinquum·</span> <span class='ocrx_word' id='word_1_143' title='bbox 976 1978 1091 2040; x_wconf 78' lang='lat' dir='ltr'>suurn,</span> <span class='ocrx_word' id='word_1_144' title='bbox 1118 1946 1306 2024; x_wconf 64' lang='lat' dir='ltr'>Lucium&#39;5</span> 
     </span>
     <span class='ocr_line' id='line_1_20' title="bbox 42 2046 1261 2131; baseline -0.002 -23"><span class='ocrx_word' id='word_1_145' title='bbox 42 2048 188 2109; x_wconf 83' lang='lat' dir='ltr'>Annium</span> <span class='ocrx_word' id='word_1_146' title='bbox 220 2048 364 2121; x_wconf 86' lang='lat' dir='ltr'>Verum,</span> <span class='ocrx_word' id='word_1_147' title='bbox 395 2048 436 2110; x_wconf 86' lang='lat' dir='ltr'>ad</span> <span class='ocrx_word' id='word_1_148' title='bbox 466 2046 596 2131; x_wconf 88' lang='lat' dir='ltr'>imperii</span> <span class='ocrx_word' id='word_1_149' title='bbox 618 2057 746 2127; x_wconf 84' lang='lat' dir='ltr'>partem</span> <span class='ocrx_word' id='word_1_150' title='bbox 762 2064 852 2110; x_wconf 81' lang='lat' dir='ltr'>novo</span> <span class='ocrx_word' id='word_1_151' title='bbox 876 2049 1120 2110; x_wconf 81' lang='lat' dir='ltr'>benevolentiae</span> <span class='ocrx_word' id='word_1_152' title='bbox 1142 2057 1261 2129; x_wconf 76' lang='lat' dir='ltr'>genere</span> 
     </span>
     <span class='ocr_line' id='line_1_21' title="bbox 45 2130 1262 2215; baseline -0.002 -24"><span class='ocrx_word' id='word_1_153' title='bbox 45 2131 196 2192; x_wconf 81' lang='lat' dir='ltr'>adscivit.</span> <span class='ocrx_word' id='word_1_154' title='bbox 240 2132 306 2210; x_wconf 87' lang='lat' dir='ltr'>Qui</span> <span class='ocrx_word' id='word_1_155' title='bbox 327 2133 454 2206; x_wconf 87' lang='lat' dir='ltr'>Verus,</span> <span class='ocrx_word' id='word_1_156' title='bbox 477 2130 563 2213; x_wconf 84' lang='lat' dir='ltr'>inter</span> <span class='ocrx_word' id='word_1_157' title='bbox 577 2131 732 2213; x_wconf 80' lang='lat' dir='ltr'>&#39;Altinum</span> <span class='ocrx_word' id='word_1_158' title='bbox 754 2138 853 2215; x_wconf 84' lang='lat' dir='ltr'>atqu&#39;e</span> <span class='ocrx_word' id='word_1_159' title='bbox 878 2132 1096 2193; x_wconf 84' lang='lat' dir='ltr'>Concordiam</span> <span class='ocrx_word' id='word_1_160' title='bbox 1121 2132 1185 2210; x_wconf 86' lang='lat' dir='ltr'>iter</span> <span class='ocrx_word' id='word_1_161' title='bbox 1206 2131 1262 2190; x_wconf 86' lang='lat' dir='ltr'>fa·-</span> 
     </span>
     <span class='ocr_line' id='line_1_22' title="bbox 48 2213 1257 2297; baseline -0.003 -22"><span class='ocrx_word' id='word_1_162' title='bbox 48 2215 160 2286; x_wconf 90' lang='lat' dir='ltr'>ciens,</span> <span class='ocrx_word' id='word_1_163' title='bbox 184 2216 251 2275; x_wconf 88' lang='lat' dir='ltr'>ictu</span> <span class='ocrx_word' id='word_1_164' title='bbox 272 2216 457 2297; x_wconf 79' lang='lat' dir='ltr'>sanguinis,</span> <span class='ocrx_word' id='word_1_165' title='bbox 482 2236 579 2297; x_wconf 83' lang='lat' dir='ltr'>quem</span> <span class='ocrx_word' id='word_1_166' title='bbox 600 2215 755 2297; x_wconf 77' lang='lat' dir='ltr'>morbum</span> <span class='ocrx_word' id='word_1_167' title='bbox 779 2215 906 2276; x_wconf 88' lang='lat' dir='ltr'>Gracci</span> <span class='ocrx_word' id='word_1_168' title='bbox 920 2213 1106 2290; x_wconf 71' lang='grc' dir='ltr'><em>ἀπόπληξιν</em></span> <span class='ocrx_word' id='word_1_169' title='bbox 1126 2218 1257 2286; x_wconf 80' lang='lat' dir='ltr'>uocant,</span> 
     </span>
     <span class='ocr_line' id='line_1_23' title="bbox 48 2282 1303 2379; baseline -0.002 -21"><span class='ocrx_word' id='word_1_170' title='bbox 48 2297 223 2358; x_wconf 89' lang='lat' dir='ltr'>undecimo</span> <span class='ocrx_word' id='word_1_171' title='bbox 248 2299 377 2379; x_wconf 85' lang='lat' dir='ltr'>imperii</span> <span class='ocrx_word' id='word_1_172' title='bbox 399 2308 483 2361; x_wconf 83' lang='lat' dir='ltr'>anno</span> <span class='ocrx_word' id='word_1_173' title='bbox 507 2298 683 2363; x_wconf 72' lang='lat' dir='ltr'>exstinctus</span> <span class='ocrx_word' id='word_1_174' title='bbox 696 2307 781 2372; x_wconf 82' lang='lat' dir='ltr'>est.-</span> <span class='ocrx_word' id='word_1_175' title='bbox 808 2297 1015 2369; x_wconf 66' lang='lat' dir='ltr'>carminum,</span> <span class='ocrx_word' id='word_1_176' title='bbox 1029 2299 1169 2359; x_wconf 80' lang='lat' dir='ltr'>maxime</span> <span class='ocrx_word' id='word_1_177' title='bbox 1187 2305 1260 2356; x_wconf 86' lang='lat' dir='ltr'>tra-</span> <span class='ocrx_word' id='word_1_178' title='bbox 1280 2282 1303 2346; x_wconf 74' lang='grc'><strong>6</strong></span> 
     </span>
     <span class='ocr_line' id='line_1_24' title="bbox 47 2378 1308 2464; baseline -0.001 -24"><span class='ocrx_word' id='word_1_179' title='bbox 47 2381 222 2464; x_wconf 85' lang='lat' dir='ltr'>gicorum,</span> <span class='ocrx_word' id='word_1_180' title='bbox 253 2380 440 2456; x_wconf 88' lang='lat' dir='ltr'>studiosus,</span> <span class='ocrx_word' id='word_1_181' title='bbox 473 2381 598 2464; x_wconf 78' lang='lat' dir='ltr'>ingenii</span> <span class='ocrx_word' id='word_1_182' title='bbox 626 2381 870 2460; x_wconf 66' lang='lat' dir='ltr'>asperifatque-</span> <span class='ocrx_word' id='word_1_183' title='bbox 889 2378 1015 2442; x_wconf 75' lang='lat' dir='ltr'>lascivi.</span> <span class='ocrx_word' id='word_1_184' title='bbox 1058 2378 1261 2441; x_wconf 70' lang='lat' dir='ltr'>Posterius</span> <span class='ocrx_word' id='word_1_185' title='bbox 1281 2389 1308 2453; x_wconf 84' lang='lat'>7·</span> 
     </span>
     <span class='ocr_line' id='line_1_25' title="bbox 49 2460 1260 2543; baseline -0.004 -18"><span class='ocrx_word' id='word_1_186' title='bbox 49 2460 179 2525; x_wconf 83' lang='lat' dir='ltr'>obitum</span> <span class='ocrx_word' id='word_1_187' title='bbox 200 2466 328 2526; x_wconf 84' lang='lat' dir='ltr'>Marcus</span> <span class='ocrx_word' id='word_1_188' title='bbox 349 2463 533 2525; x_wconf 79' lang='lat' dir='ltr'>Antoninus</span> <span class='ocrx_word' id='word_1_189' title='bbox 554 2460 902 2542; x_wconf 74' lang='lat' dir='ltr'>Rempublicamsolus</span> <span class='ocrx_word' id='word_1_190' title='bbox 916 2463 1036 2541; x_wconf 83' lang='lat' dir='ltr'>tenuit:</span> <span class='ocrx_word' id='word_1_191' title='bbox 1059 2461 1260 2543; x_wconf 71' lang='lat' dir='ltr'>a&#39;prrincipio</span> 
     </span>
     <span class='ocr_line' id='line_1_26' title="bbox 47 2541 1262 2629; baseline -0.005 -21"><span class='ocrx_word' id='word_1_192' title='bbox 47 2548 137 2609; x_wconf 81' lang='lat' dir='ltr'>vitae</span> <span class='ocrx_word' id='word_1_193' title='bbox 156 2548 458 2629; x_wconf 79' lang='lat' dir='ltr'>tranquillissimus,</span> <span class='ocrx_word' id='word_1_194' title='bbox 481 2544 561 2607; x_wconf 81' lang='lat' dir='ltr'>adeo</span> <span class='ocrx_word' id='word_1_195' title='bbox 576 2580 587 2618; x_wconf 94' lang='lat'>,·</span> <span class='ocrx_word' id='word_1_196' title='bbox 607 2553 644 2604; x_wconf 85' lang='lat' dir='ltr'>nt</span> <span class='ocrx_word' id='word_1_197' title='bbox 665 2544 705 2605; x_wconf 84' lang='lat' dir='ltr'>ab</span> <span class='ocrx_word' id='word_1_198' title='bbox 727 2541 1013 2606; x_wconf 71' lang='lat' dir='ltr'>infantia-uultum·</span> <span class='ocrx_word' id='word_1_199' title='bbox 1031 2564 1096 2604; x_wconf 83' lang='lat' dir='ltr'>nec·</span> <span class='ocrx_word' id='word_1_200' title='bbox 1112 2564 1151 2603; x_wconf 82' lang='lat' dir='ltr'>cx</span> <span class='ocrx_word' id='word_1_201' title='bbox 1172 2564 1262 2624; x_wconf 82' lang='lat' dir='ltr'>gau-¹</span> 
     </span>
     <span class='ocr_line' id='line_1_27' title="bbox 49 2623 1262 2710; baseline -0.004 -19"><span class='ocrx_word' id='word_1_202' title='bbox 49 2629 108 2692; x_wconf 88' lang='lat' dir='ltr'>dio</span> <span class='ocrx_word' id='word_1_203' title='bbox 135 2651 197 2690; x_wconf 92' lang='lat' dir='ltr'>nec</span> <span class='ocrx_word' id='word_1_204' title='bbox 218 2651 257 2690; x_wconf 82' lang='lat' dir='ltr'>ex</span> <span class='ocrx_word' id='word_1_205' title='bbox 283 2650 436 2690; x_wconf 90' lang='lat' dir='ltr'>moerore</span> <span class='ocrx_word' id='word_1_206' title='bbox 467 2627 660 2691; x_wconf 77' lang='lat' dir='ltr'>mutaverit:</span> <span class='ocrx_word' id='word_1_207' title='bbox 691 2623 925 2710; x_wconf 78' lang='lat' dir='ltr'>philosophiae</span> <span class='ocrx_word' id='word_1_208' title='bbox 946 2624 1262 2699; x_wconf 68' lang='lat' dir='ltr'>studens,³littcra-&#39;</span> 
     </span>
     <span class='ocr_line' id='line_1_28' title="bbox 49 2688 1306 2796; baseline -0.004 -22"><span class='ocrx_word' id='word_1_209' title='bbox 49 2733 192 2796; x_wconf 90' lang='lat' dir='ltr'>rumque</span> <span class='ocrx_word' id='word_1_210' title='bbox 215 2713 413 2773; x_wconf 86' lang='lat' dir='ltr'>Graecarum</span> <span class='ocrx_word' id='word_1_211' title='bbox 430 2710 687 2794; x_wconf 84' lang='lat' dir='ltr'>[peritissimus].</span> <span class='ocrx_word' id='word_1_212' title='bbox 718 2708 781 2787; x_wconf 83' lang='lat' dir='ltr'>Hic</span> <span class='ocrx_word' id='word_1_213' title='bbox 795 2707 945 2791; x_wconf 87' lang='lat' dir='ltr'>permisit</span> <span class='ocrx_word' id='word_1_214' title='bbox 957 2709 1037 2770; x_wconf 80' lang='lat' dir='ltr'>viris</span> <span class='ocrx_word' id='word_1_215' title='bbox 1052 2708 1261 2787; x_wconf 77' lang='lat' dir='ltr'>clarioribus,</span> <span class='ocrx_word' id='word_1_216' title='bbox 1283 2688 1306 2758; x_wconf 69' lang='lat'><em>3</em></span> 
     </span>
     <span class='ocr_line' id='line_1_29' title="bbox 50 2791 1262 2876; baseline -0.002 -20"><span class='ocrx_word' id='word_1_217' title='bbox 50 2804 92 2856; x_wconf 89' lang='lat' dir='ltr'>ut</span> <span class='ocrx_word' id='word_1_218' title='bbox 115 2796 263 2857; x_wconf 83' lang='lat' dir='ltr'>convivia</span> <span class='ocrx_word' id='word_1_219' title='bbox 285 2793 401 2855; x_wconf 75' lang='lat' dir='ltr'>codem</span> <span class='ocrx_word' id='word_1_220' title='bbox 422 2793 534 2868; x_wconf 87' lang='lat' dir='ltr'>cultu,</span> <span class='ocrx_word' id='word_1_221' title='bbox 557 2813 624 2876; x_wconf 85' lang='lat' dir='ltr'>quo</span> <span class='ocrx_word' id='word_1_222' title='bbox 646 2793 746 2874; x_wconf 83' lang='lat' dir='ltr'>ipse,¹</span> <span class='ocrx_word' id='word_1_223' title='bbox 767 2791 983 2875; x_wconf 17' lang='lat' dir='ltr'>etiministrts</span> <span class='ocrx_word' id='word_1_224' title='bbox 1008 2792 1169 2854; x_wconf 76' lang='lat' dir='ltr'>similibus</span> <span class='ocrx_word' id='word_1_225' title='bbox 1198 2814 1262 2853; x_wconf 82' lang='lat' dir='ltr'>ex-</span> 
     </span>
     <span class='ocr_line' id='line_1_30' title="bbox 50 2858 1305 2960; baseline 0 -21"><span class='ocrx_word' id='word_1_226' title='bbox 50 2878 218 2939; x_wconf 81' lang='lat' dir='ltr'>hiberent.</span> <span class='ocrx_word' id='word_1_227' title='bbox 262 2879 325 2938; x_wconf 90' lang='lat' dir='ltr'>Hic</span> <span class='ocrx_word' id='word_1_228' title='bbox 345 2894 468 2960; x_wconf 82' lang='lat' dir='ltr'>quum,</span> <span class='ocrx_word' id='word_1_229' title='bbox 491 2877 620 2938; x_wconf 85' lang='lat' dir='ltr'>aerario</span> <span class='ocrx_word' id='word_1_230' title='bbox 642 2876 819 2949; x_wconf 82' lang='lat' dir='ltr'>exhausto,</span> <span class='ocrx_word' id='word_1_231' title='bbox 841 2874 1050 2953; x_wconf 76' lang='lat' dir='ltr'>largitiones,</span> <span class='ocrx_word' id='word_1_232' title='bbox 1072 2870 1151 2958; x_wconf 75' lang='lat' dir='ltr'>quas</span> <span class='ocrx_word' id='word_1_233' title='bbox 1172 2858 1305 2955; x_wconf 72' lang='lat' dir='ltr'>nili-a</span> 
     </span>
     <span class='ocr_line' id='line_1_31' title="bbox 51 2952 1264 3042; baseline 0 -20"><span class='ocrx_word' id='word_1_234' title='bbox 51 2961 141 3022; x_wconf 79' lang='lat' dir='ltr'>tibus</span> <span class='ocrx_word' id='word_1_235' title='bbox 171 2961 393 3042; x_wconf 86' lang='lat' dir='ltr'>impenderet,</span> <span class='ocrx_word' id='word_1_236' title='bbox 421 2964 493 3022; x_wconf 83' lang='lat' dir='ltr'>&#39;non</span> <span class='ocrx_word' id='word_1_237' title='bbox 524 2959 675 3032; x_wconf 73' lang='lat' dir='ltr'>liaberet,</span> <span class='ocrx_word' id='word_1_238' title='bbox 705 2952 981 3041; x_wconf 72' lang='lat' dir='ltr'>neque‘indieer&#39;e</span> <span class='ocrx_word' id='word_1_239' title='bbox 1003 2959 1264 3035; x_wconf 74' lang='lat' dir='ltr'>provincialibus</span> 
     </span>
     <span class='ocr_line' id='line_1_32' title="bbox 17 3037 1264 3127; baseline -0.001 -22"><span class='ocrx_word' id='word_1_240' title='bbox 17 3077 24 3089; x_wconf 94' lang='lat'><strong>·</strong></span> <span class='ocrx_word' id='word_1_241' title='bbox 51 3054 110 3106; x_wconf 86' lang='lat' dir='ltr'>aut</span> <span class='ocrx_word' id='word_1_242' title='bbox 130 3043 263 3105; x_wconf 89' lang='lat' dir='ltr'>Senatui</span> <span class='ocrx_word' id='word_1_243' title='bbox 287 3043 412 3126; x_wconf 85' lang='lat' dir='ltr'>aliquid</span> <span class='ocrx_word' id='word_1_244' title='bbox 432 3043 552 3116; x_wconf 60' lang='lat' dir='ltr'>vellet,</span> <span class='ocrx_word' id='word_1_245' title='bbox 581 3041 832 3115; x_wconf 82' lang='lat' dir='ltr'>instrumentum</span> <span class='ocrx_word' id='word_1_246' title='bbox 855 3044 937 3127; x_wconf 83' lang='lat' dir='ltr'>regii</span> <span class='ocrx_word' id='word_1_247' title='bbox 962 3043 1091 3116; x_wconf 86' lang='lat' dir='ltr'>cultus,</span> <span class='ocrx_word' id='word_1_248' title='bbox 1122 3043 1207 3119; x_wconf 80' lang='lat' dir='ltr'>facta</span> <span class='ocrx_word' id='word_1_249' title='bbox 1223 3037 1264 3117; x_wconf 85' lang='lat' dir='ltr'>&#39;in</span> 
     </span>
     <span class='ocr_line' id='line_1_33' title="bbox 51 3124 1265 3209; baseline -0.002 -17"><span class='ocrx_word' id='word_1_250' title='bbox 51 3132 128 3192; x_wconf 84' lang='lat' dir='ltr'>foro</span> <span class='ocrx_word' id='word_1_251' title='bbox 151 3127 285 3189; x_wconf 86' lang='lat' dir='ltr'>Traiani</span> <span class='ocrx_word' id='word_1_252' title='bbox 306 3128 450 3189; x_wconf 87' lang='lat' dir='ltr'>sectione</span> <span class='ocrx_word' id='word_1_253' title='bbox 463 3125 665 3209; x_wconf 79' lang='lat' dir='ltr'>,·distraxit·,&#39;</span> <span class='ocrx_word' id='word_1_254' title='bbox 691 3145 915 3198; x_wconf 73' lang='lat' dir='ltr'>vasaanrea,</span> <span class='ocrx_word' id='word_1_255' title='bbox 934 3125 1053 3207; x_wconf 86' lang='lat' dir='ltr'>pocula</span> <span class='ocrx_word' id='word_1_256' title='bbox 1075 3124 1265 3207; x_wconf 75' lang='lat' dir='ltr'>crystallina</span> 
     </span>
     <span class='ocr_line' id='line_1_34' title="bbox 56 3207 1380 3284; baseline -0.004 -10"><span class='ocrx_word' id='word_1_257' title='bbox 56 3222 89 3274; x_wconf 83' lang='lat' dir='ltr'>et</span> <span class='ocrx_word' id='word_1_258' title='bbox 109 3211 290 3284; x_wconf 78' lang='lat' dir='ltr'>musrhina,</span> <span class='ocrx_word' id='word_1_259' title='bbox 314 3211 464 3272; x_wconf 78' lang='lat' dir='ltr'>uxoriam</span> <span class='ocrx_word' id='word_1_260' title='bbox 485 3224 526 3270; x_wconf 81' lang='lat' dir='ltr'>ao</span> <span class='ocrx_word' id='word_1_261' title='bbox 543 3226 634 3270; x_wconf 83' lang='lat' dir='ltr'>suam</span> <span class='ocrx_word' id='word_1_262' title='bbox 654 3207 792 3271; x_wconf 85' lang='lat' dir='ltr'>sericam</span> <span class='ocrx_word' id='word_1_263' title='bbox 810 3218 843 3269; x_wconf 90' lang='lat' dir='ltr'>et</span> <span class='ocrx_word' id='word_1_264' title='bbox 863 3226 994 3271; x_wconf 78' lang='lat' dir='ltr'>auream</span> <span class='ocrx_word' id='word_1_265' title='bbox 1014 3217 1146 3280; x_wconf 77' lang='lat' dir='ltr'>vestem,</span> <span class='ocrx_word' id='word_1_266' title='bbox 1158 3207 1266 3270; x_wconf 80' lang='lat' dir='ltr'>multa</span> <span class='ocrx_word' id='word_1_267' title='bbox 1294 3272 1299 3279; x_wconf 69' lang='grc'><strong><em>,</em></strong></span> <span class='ocrx_word' id='word_1_268' title='bbox 1376 3276 1380 3283; x_wconf 50' lang='grc'><strong>,</strong></span> 
     </span>
     <span class='ocr_line' id='line_1_35' title="bbox 57 3289 1264 3378; baseline -0.002 -22"><span class='ocrx_word' id='word_1_269' title='bbox 57 3304 245 3357; x_wconf 85' lang='lat' dir='ltr'>ornamenta</span> <span class='ocrx_word' id='word_1_270' title='bbox 276 3311 493 3378; x_wconf 74' lang='lat' dir='ltr'>gemmarum:</span> <span class='ocrx_word' id='word_1_271' title='bbox 527 3314 564 3353; x_wconf 88' lang='lat' dir='ltr'>ac</span> <span class='ocrx_word' id='word_1_272' title='bbox 590 3312 651 3372; x_wconf 88' lang='lat' dir='ltr'>per</span> <span class='ocrx_word' id='word_1_273' title='bbox 676 3289 759 3351; x_wconf 92' lang='lat' dir='ltr'>duos</span> <span class='ocrx_word' id='word_1_274' title='bbox 781 3291 954 3352; x_wconf 86' lang='lat' dir='ltr'>continuos</span> <span class='ocrx_word' id='word_1_275' title='bbox 975 3314 1098 3371; x_wconf 86' lang='lat' dir='ltr'>menses</span> <span class='ocrx_word' id='word_1_276' title='bbox 1119 3291 1264 3354; x_wconf 82' lang='lat' dir='ltr'>venditio</span> 
     </span>
     <span class='ocr_line' id='line_1_36' title="bbox 54 3372 1306 3458; baseline -0.002 -18"><span class='ocrx_word' id='word_1_277' title='bbox 54 3378 167 3440; x_wconf 85' lang='lat' dir='ltr'>habita</span> <span class='ocrx_word' id='word_1_278' title='bbox 196 3388 263 3446; x_wconf 91' lang='lat' dir='ltr'>est,</span> <span class='ocrx_word' id='word_1_279' title='bbox 296 3376 597 3458; x_wconf 75' lang='lat' dir='ltr'>multumque&#39;auri</span> <span class='ocrx_word' id='word_1_280' title='bbox 626 3372 831 3436; x_wconf 57' lang='lat' dir='ltr'>&#39;redactum</span> <span class='ocrx_word' id='word_1_281' title='bbox 849 3374 931 3436; x_wconf 92' lang='lat' dir='ltr'>Post</span> <span class='ocrx_word' id='word_1_282' title='bbox 956 3376 1127 3438; x_wconf 85' lang='lat' dir='ltr'>victoriam</span> <span class='ocrx_word' id='word_1_283' title='bbox 1157 3381 1306 3438; x_wconf 77' lang='lat' dir='ltr'>tamense</span> 
     </span>
     <span class='ocr_line' id='line_1_37' title="bbox 58 3456 1263 3547; baseline 0.001 -27"><span class='ocrx_word' id='word_1_284' title='bbox 58 3459 237 3521; x_wconf 88' lang='lat' dir='ltr'>emtoribus</span> <span class='ocrx_word' id='word_1_285' title='bbox 266 3460 372 3539; x_wconf 87' lang='lat' dir='ltr'>pretia</span> <span class='ocrx_word' id='word_1_286' title='bbox 402 3458 567 3547; x_wconf 78' lang='lat' dir='ltr'>restituit,</span> <span class='ocrx_word' id='word_1_287' title='bbox 601 3458 669 3545; x_wconf 65' lang='lat' dir='ltr'>qui¹</span> <span class='ocrx_word' id='word_1_288' title='bbox 689 3456 827 3519; x_wconf 88' lang='lat' dir='ltr'>reddere</span> <span class='ocrx_word' id='word_1_289' title='bbox 858 3469 1046 3540; x_wconf 89' lang='lat' dir='ltr'>comparata</span> <span class='ocrx_word' id='word_1_290' title='bbox 1068 3459 1263 3533; x_wconf 83' lang='lat' dir='ltr'>voluerunt3</span> 
     </span>
     <span class='ocr_line' id='line_1_38' title="bbox 59 3539 1304 3616; baseline 0.003 -16"><span class='ocrx_word' id='word_1_291' title='bbox 59 3540 212 3602; x_wconf 88' lang='lat' dir='ltr'>molestus</span> <span class='ocrx_word' id='word_1_292' title='bbox 233 3542 313 3605; x_wconf 89' lang='lat' dir='ltr'>nulli</span> <span class='ocrx_word' id='word_1_293' title='bbox 334 3544 409 3616; x_wconf 88' lang='lat' dir='ltr'>fuit,</span> <span class='ocrx_word' id='word_1_294' title='bbox 456 3543 488 3603; x_wconf 89' lang='lat' dir='ltr'>ui</span> <span class='ocrx_word' id='word_1_295' title='bbox 509 3539 624 3603; x_wconf 83' lang='lat' dir='ltr'>maluit</span> <span class='ocrx_word' id='word_1_296' title='bbox 644 3539 743 3602; x_wconf 87' lang='lat' dir='ltr'>semel</span> <span class='ocrx_word' id='word_1_297' title='bbox 763 3549 848 3602; x_wconf 86' lang='lat' dir='ltr'>emta</span> <span class='ocrx_word' id='word_1_298' title='bbox 870 3543 1023 3605; x_wconf 89' lang='lat' dir='ltr'>retinere.</span> <span class='ocrx_word' id='word_1_299' title='bbox 1059 3545 1164 3604; x_wconf 89' lang='lat' dir='ltr'>Huius</span> <span class='ocrx_word' id='word_1_300' title='bbox 1179 3553 1304 3613; x_wconf 83' lang='lat' dir='ltr'>tem-rr</span> 
     </span>
     <span class='ocr_line' id='line_1_39' title="bbox 10 3623 1306 3709; baseline 0.002 -25"><span class='ocrx_word' id='word_1_301' title='bbox 10 3644 12 3649; x_wconf 92' lang='lat'>·</span> <span class='ocrx_word' id='word_1_302' title='bbox 59 3645 142 3706; x_wconf 90' lang='lat' dir='ltr'>pore</span> <span class='ocrx_word' id='word_1_303' title='bbox 171 3625 296 3685; x_wconf 86' lang='lat' dir='ltr'>Cassius</span> <span class='ocrx_word' id='word_1_304' title='bbox 325 3627 529 3709; x_wconf 68' lang='lat' dir='ltr'>tyrannidem</span> <span class='ocrx_word' id='word_1_305' title='bbox 559 3623 739 3705; x_wconf 88' lang='lat' dir='ltr'>arripiens,</span> <span class='ocrx_word' id='word_1_306' title='bbox 771 3625 948 3687; x_wconf 87' lang='lat' dir='ltr'>exstinctus</span> <span class='ocrx_word' id='word_1_307' title='bbox 980 3637 1039 3689; x_wconf 84' lang='lat' dir='ltr'>est.</span> <span class='ocrx_word' id='word_1_308' title='bbox 1081 3629 1155 3709; x_wconf 88' lang='lat' dir='ltr'>lpse</span> <span class='ocrx_word' id='word_1_309' title='bbox 1180 3627 1306 3687; x_wconf 82' lang='lat' dir='ltr'>vitae‘rn</span> 
     </span>
     <span class='ocr_line' id='line_1_40' title="bbox 10 3704 1265 3792; baseline -0.001 -24"><span class='ocrx_word' id='word_1_310' title='bbox 10 3716 13 3747; x_wconf 83' lang='lat'><em>³</em></span> <span class='ocrx_word' id='word_1_311' title='bbox 57 3730 144 3768; x_wconf 88' lang='lat' dir='ltr'>anno</span> <span class='ocrx_word' id='word_1_312' title='bbox 166 3709 431 3792; x_wconf 78' lang='lat' dir='ltr'>quinquagesimo</span> <span class='ocrx_word' id='word_1_313' title='bbox 455 3728 543 3771; x_wconf 81' lang='lat' dir='ltr'>nuno</span> <span class='ocrx_word' id='word_1_314' title='bbox 566 3709 653 3788; x_wconf 88' lang='lat' dir='ltr'>apud</span> <span class='ocrx_word' id='word_1_315' title='bbox 675 3704 914 3785; x_wconf 72' lang='lat' dir='ltr'>vendobonam</span> <span class='ocrx_word' id='word_1_316' title='bbox 939 3711 1056 3779; x_wconf 85' lang='lat' dir='ltr'>morbo</span> <span class='ocrx_word' id='word_1_317' title='bbox 1079 3717 1265 3777; x_wconf 83' lang='lat' dir='ltr'>consumtus</span> 
     </span>
    </p>

    <p class='ocr_par' dir='ltr' id='par_1_6' title="bbox 10 3789 1371 4208">
     <span class='ocr_line' id='line_1_41' title="bbox 10 3789 1308 3871; baseline -0.002 -18"><span class='ocrx_word' id='word_1_318' title='bbox 10 3797 13 3812; x_wconf 93' lang='lat'>&#39;</span> <span class='ocrx_word' id='word_1_319' title='bbox 58 3801 118 3853; x_wconf 89' lang='lat' dir='ltr'>est.</span> <span class='ocrx_word' id='word_1_320' title='bbox 163 3793 213 3853; x_wconf 87' lang='lat' dir='ltr'>Ile</span> <span class='ocrx_word' id='word_1_321' title='bbox 241 3790 333 3853; x_wconf 91' lang='lat' dir='ltr'>cuius</span> <span class='ocrx_word' id='word_1_322' title='bbox 357 3799 465 3853; x_wconf 89' lang='lat' dir='ltr'>morte</span> <span class='ocrx_word' id='word_1_323' title='bbox 492 3791 609 3852; x_wconf 91' lang='lat' dir='ltr'>nuntio</span> <span class='ocrx_word' id='word_1_324' title='bbox 639 3793 777 3855; x_wconf 83' lang='lat' dir='ltr'>Romam</span> <span class='ocrx_word' id='word_1_325' title='bbox 807 3799 987 3871; x_wconf 84' lang='lat' dir='ltr'>pervecto,</span> <span class='ocrx_word' id='word_1_326' title='bbox 1021 3789 1308 3861; x_wconf 72' lang='lat' dir='ltr'>coufusaluctu15</span> 
     </span>
     <span class='ocr_line' id='line_1_42' title="bbox 57 3869 1371 3957; baseline 0.005 -23"><span class='ocrx_word' id='word_1_327' title='bbox 57 3874 194 3957; x_wconf 89' lang='lat' dir='ltr'>publico</span> <span class='ocrx_word' id='word_1_328' title='bbox 222 3874 333 3946; x_wconf 87' lang='lat' dir='ltr'>Urbe,</span> <span class='ocrx_word' id='word_1_329' title='bbox 355 3872 491 3936; x_wconf 81' lang='lat' dir='ltr'>Senatus</span> <span class='ocrx_word' id='word_1_330' title='bbox 514 3874 680 3945; x_wconf 82' lang='lat' dir='ltr'>incuria,</span> <span class='ocrx_word' id='word_1_331' title='bbox 704 3880 791 3933; x_wconf 83' lang='lat' dir='ltr'>veste</span> <span class='ocrx_word' id='word_1_332' title='bbox 812 3883 896 3935; x_wconf 78' lang='lat' dir='ltr'>tetra</span> <span class='ocrx_word' id='word_1_333' title='bbox 918 3878 1074 3946; x_wconf 81' lang='lat' dir='ltr'>amictus,</span> <span class='ocrx_word' id='word_1_334' title='bbox 1096 3869 1267 3942; x_wconf 59' lang='lat' dir='ltr'>lacrimans</span> <span class='ocrx_word' id='word_1_335' title='bbox 1295 3886 1300 3937; x_wconf 89' lang='grc'>“.</span> <span class='ocrx_word' id='word_1_336' title='bbox 1367 3933 1371 3941; x_wconf 93' lang='grc'>.</span> 
     </span>
     <span class='ocr_line' id='line_1_43' title="bbox 57 3954 1308 4042; baseline 0.002 -24"><span class='ocrx_word' id='word_1_337' title='bbox 57 3959 223 4025; x_wconf 79' lang='lat' dir='ltr'>convenit.</span> <span class='ocrx_word' id='word_1_338' title='bbox 267 3957 309 4019; x_wconf 86' lang='lat' dir='ltr'>Et</span> <span class='ocrx_word' id='word_1_339' title='bbox 329 3956 420 4039; x_wconf 84' lang='lat' dir='ltr'>quod</span> <span class='ocrx_word' id='word_1_340' title='bbox 440 3954 481 4019; x_wconf 83' lang='lat' dir='ltr'>de</span> <span class='ocrx_word' id='word_1_341' title='bbox 502 3955 639 4020; x_wconf 82' lang='lat' dir='ltr'>Romulo</span> <span class='ocrx_word' id='word_1_342' title='bbox 662 3956 942 4038; x_wconf 74' lang='lat' dir='ltr'>aegrocrsditum</span> <span class='ocrx_word' id='word_1_343' title='bbox 964 3966 1033 4030; x_wconf 86' lang='lat' dir='ltr'>est,</span> <span class='ocrx_word' id='word_1_344' title='bbox 1062 3977 1172 4018; x_wconf 85' lang='lat' dir='ltr'>omnes</span> <span class='ocrx_word' id='word_1_345' title='bbox 1192 3955 1308 4042; x_wconf 70' lang='lat' dir='ltr'>parird</span> 
     </span>
     <span class='ocr_line' id='line_1_44' title="bbox 60 4037 1269 4121; baseline 0.003 -20"><span class='ocrx_word' id='word_1_346' title='bbox 60 4062 218 4113; x_wconf 86' lang='lat' dir='ltr'>consensu</span> <span class='ocrx_word' id='word_1_347' title='bbox 240 4041 693 4121; x_wconf 57' lang='lat' dir='ltr'>praesumserunt,‚Mareum</span> <span class='ocrx_word' id='word_1_348' title='bbox 717 4037 819 4105; x_wconf 78' lang='lat' dir='ltr'>coela</span> <span class='ocrx_word' id='word_1_349' title='bbox 834 4049 1002 4117; x_wconf 83' lang='lat' dir='ltr'>receptum</span> <span class='ocrx_word' id='word_1_350' title='bbox 1028 4062 1105 4101; x_wconf 88' lang='lat' dir='ltr'>esse.</span> <span class='ocrx_word' id='word_1_351' title='bbox 1138 4040 1192 4101; x_wconf 89' lang='lat' dir='ltr'>Ob</span> <span class='ocrx_word' id='word_1_352' title='bbox 1213 4064 1269 4104; x_wconf 81' lang='lat' dir='ltr'>cu·</span> 
     </span>
     <span class='ocr_line' id='line_1_45' title="bbox 61 4119 1213 4208; baseline -0.002 -22"><span class='ocrx_word' id='word_1_353' title='bbox 61 4121 111 4186; x_wconf 85' lang='lat' dir='ltr'>ius</span> <span class='ocrx_word' id='word_1_354' title='bbox 134 4125 297 4189; x_wconf 85' lang='lat' dir='ltr'>bonorem</span> <span class='ocrx_word' id='word_1_355' title='bbox 316 4123 459 4208; x_wconf 88' lang='lat' dir='ltr'>templa,</span> <span class='ocrx_word' id='word_1_356' title='bbox 482 4122 672 4199; x_wconf 88' lang='lat' dir='ltr'>columnae,</span> <span class='ocrx_word' id='word_1_357' title='bbox 696 4119 863 4204; x_wconf 88' lang='lat' dir='ltr'>multaque</span> <span class='ocrx_word' id='word_1_358' title='bbox 887 4123 951 4186; x_wconf 89' lang='lat' dir='ltr'>alia</span> <span class='ocrx_word' id='word_1_359' title='bbox 974 4122 1103 4195; x_wconf 74' lang='lat' dir='ltr'>decreta</span> <span class='ocrx_word' id='word_1_360' title='bbox 1126 4131 1213 4187; x_wconf 84' lang='lat' dir='ltr'>sunt.</span> 
     </span>
    </p>
   </div>
   <div class='ocr_carea' id='block_1_6' title="bbox 467 4275 853 4363">
    <p class='ocr_par' dir='ltr' id='par_1_7' title="bbox 467 4275 853 4363">
     <span class='ocr_line' id='line_1_46' title="bbox 467 4275 853 4363; baseline -0.013 -18"><span class='ocrx_word' id='word_1_361' title='bbox 467 4275 703 4363; x_wconf 56' lang='lat' dir='ltr'>,canor</span> <span class='ocrx_word' id='word_1_362' title='bbox 743 4276 853 4341; x_wconf 80' lang='lat' dir='ltr'>nvn.</span> 
     </span>
    </p>
   </div>
   <div class='ocr_carea' id='block_1_7' title="bbox 412 4399 874 4446">
    <p class='ocr_par' dir='ltr' id='par_1_8' title="bbox 412 4399 874 4446">
     <span class='ocr_line' id='line_1_47' title="bbox 412 4399 874 4446; baseline 0.015 -10"><span class='ocrx_word' id='word_1_363' title='bbox 412 4424 415 4431; x_wconf 88' lang='lat'>·</span> <span class='ocrx_word' id='word_1_364' title='bbox 456 4399 485 4440; x_wconf 74' lang='lat' dir='ltr'>L.</span> <span class='ocrx_word' id='word_1_365' title='bbox 509 4400 659 4446; x_wconf 67' lang='lat' dir='ltr'>subrutus</span> <span class='ocrx_word' id='word_1_366' title='bbox 682 4402 874 4443; x_wconf 67' lang='lat' dir='ltr'><strong>COMMODUS·</strong></span> 
     </span>
    </p>
   </div>
   <div class='ocr_carea' id='block_1_8' title="bbox 60 4490 1314 4666">
    <p class='ocr_par' dir='ltr' id='par_1_9' title="bbox 60 4490 1314 4666">
     <span class='ocr_line' id='line_1_48' title="bbox 104 4490 1297 4579; baseline 0.004 -26"><span class='ocrx_word' id='word_1_367' title='bbox 104 4490 255 4555; x_wconf 75' lang='lat' dir='ltr'>Aurelius</span> <span class='ocrx_word' id='word_1_368' title='bbox 278 4493 493 4566; x_wconf 81' lang='lat' dir='ltr'>Cornrnodus,</span> <span class='ocrx_word' id='word_1_369' title='bbox 517 4495 618 4556; x_wconf 82' lang='lat' dir='ltr'>Marci</span> <span class='ocrx_word' id='word_1_370' title='bbox 642 4495 799 4557; x_wconf 82' lang='lat' dir='ltr'>Antonini</span> <span class='ocrx_word' id='word_1_371' title='bbox 822 4496 926 4568; x_wconf 86' lang='lat' dir='ltr'>filius,</span> <span class='ocrx_word' id='word_1_372' title='bbox 951 4495 1133 4559; x_wconf 84' lang='lat' dir='ltr'>Antoninus</span> <span class='ocrx_word' id='word_1_373' title='bbox 1157 4494 1297 4579; x_wconf 59' lang='lat' dir='ltr'>etipse*</span> 
     </span>
     <span class='ocr_line' id='line_1_49' title="bbox 60 4579 1314 4666; baseline -0.002 -23"><span class='ocrx_word' id='word_1_374' title='bbox 60 4581 191 4649; x_wconf 86' lang='lat' dir='ltr'>dictus,</span> <span class='ocrx_word' id='word_1_375' title='bbox 220 4579 392 4664; x_wconf 83' lang='lat' dir='ltr'>imperavit</span> <span class='ocrx_word' id='word_1_376' title='bbox 415 4599 517 4642; x_wconf 84' lang='lat' dir='ltr'>annos</span> <span class='ocrx_word' id='word_1_377' title='bbox 539 4579 706 4644; x_wconf 84' lang='lat' dir='ltr'>tredecim.</span> <span class='ocrx_word' id='word_1_378' title='bbox 751 4580 812 4641; x_wconf 87' lang='lat' dir='ltr'>llic</span> <span class='ocrx_word' id='word_1_379' title='bbox 834 4581 938 4666; x_wconf 84' lang='lat' dir='ltr'>qualis</span> <span class='ocrx_word' id='word_1_380' title='bbox 960 4584 1090 4646; x_wconf 83' lang='lat' dir='ltr'>futurus</span> <span class='ocrx_word' id='word_1_381' title='bbox 1113 4589 1216 4655; x_wconf 85' lang='lat' dir='ltr'>esset,</span> <span class='ocrx_word' id='word_1_382' title='bbox 1239 4581 1273 4643; x_wconf 88' lang='lat' dir='ltr'>in</span> <span class='ocrx_word' id='word_1_383' title='bbox 1294 4597 1314 4641; x_wconf 78' lang='lat'>2</span> 
     </span>
    </p>
   </div>
   <div class='ocr_carea' id='block_1_9' title="bbox 0 0 1448 4958">
    <p class='ocr_par' dir='ltr' id='par_1_10' title="bbox 0 0 1448 4958">
     <span class='ocr_line' id='line_1_50' title="bbox 0 0 1448 4958; baseline 0 0"><span class='ocrx_word' id='word_1_384' title='bbox 0 0 1448 4958; x_wconf 95' lang='lat' dir='ltr'> </span> 
     </span>
    </p>
   </div>
   <div class='ocr_carea' id='block_1_10' title="bbox 163 4858 203 4915">
    <p class='ocr_par' dir='ltr' id='par_1_11' title="bbox 163 4858 203 4915">
     <span class='ocr_line' id='line_1_51' title="bbox 163 4858 203 4915; baseline 0 -44"><span class='ocrx_word' id='word_1_385' title='bbox 163 4858 203 4915; x_wconf 39' lang='grc' dir='ltr'>ι.</span> 
     </span>
    </p>
   </div>
  </div>
 </body>
</html>
