2850 4958
99 282 151 388 64
624 283 820 363 vatum

101 431 305 515 commotum
329 438 461 535 quidem
481 448 659 527 senainsns3
682 458 837 537 tantaque
862 448 957 513 unlus
978 442 1041 512 viri
1068 448 1222 513 maiestas
1244 448 1319 531 l'uit,

101 545 139 599 ut
160 534 358 608 aerbonis,
380 554 486 635 nequa
507 543 622 596 contra
644 533 746 596 malos
772 557 854 619 opus
875 535 975 597 armis
996 534 1094 595 foret.
1122 536 1199 597 Una
1215 546 1320 599 tamea

102 620 204 683 veluti
225 613 375 680 luctatio
410 612 552 679 civitatis
582 619 663 692 fuit,
696 612 869 703 pugnantis
901 639 975 679 eum
1014 618 1149 680 Caesare
1184 618 1319 683 Senatus

100 702 283 789 populique
312 698 469 775 Romani,
504 713 540 762 nt
566 708 705 762 stationi
726 716 886 785 petierunt
915 700 1117 776 succederet,
1147 702 1261 777 illius,
1287 716 1319 767 nt

95 794 208 871 potius
230 788 395 870 ‹teqrtnlem
416 789 535 859 etitem,
558 793 654 868 quam
675 794 864 847 castanentum
878 786 991 845 liberet
1005 806 1104 867 ogere
1117 792 1316 867 Principem.

105 870 250 931 Tandem
272 870 372 953 magis
395 868 535 944 ratione,
558 891 654 951 quam
674 860 805 930 bonate
826 869 929 929 rietus
952 876 1017 941 est}
1041 891 1141 953 quum
1157 868 1317 955 quidquid

101 953 259 1015 tuendum
283 976 349 1014 non
372 952 580 1034 suscepisset,
602 953 787 1035 periturum
813 946 956 1013 videret:
982 944 1110 1036 solique
1132 952 1214 1015 hnic
1238 972 1316 1017 cau·

100 1038 196 1123 tigit,
219 1058 321 1120 paene
343 1034 465 1097 diutius
487 1057 638 1098 recusare
658 1036 898 1120 principatum,
922 1052 1036 1118 quam,
1060 1040 1097 1096 ut
1119 1046 1316 1119 occuparent

102 1144 197 1196 eum,
226 1119 281 1181 alii
309 1119 407 1180 armis
427 1129 661 1202 pugnaverant.
705 1118 784 1180 Post
807 1118 972 1180 redditum
995 1117 1088 1180 coelo
1111 1129 1267 1202 patrem,
1288 1130 1315 1185 et

101 1226 222 1289 corpus
245 1204 313 1264 eiua
334 1203 483 1281 humanis
505 1201 690 1264 honoribus
703 1248 711 1277 ,
734 1224 854 1263 nomen
876 1200 994 1262 divinis
1014 1201 1232 1279 honoratum,
1248 1206 1314 1288 pri-

100 1311 189 1350 mum
210 1285 443 1371 principalium
466 1285 534 1347 eius
551 1308 686 1367 operum
702 1286 766 1347 fuit
781 1285 946 1346 ordinatio
963 1284 1196 1363 comitiorum,
1223 1310 1313 1371 quarn

100 1394 197 1433 manu
221 1392 275 1430 sua
299 1370 453 1451 scriptam
476 1372 517 1429 D.
544 1369 705 1451 Augustus
727 1368 917 1452 reliquerat.
962 1368 1037 1447 Quo
1063 1378 1216 1451 tempore
1240 1370 1312 1434 mibi

24 1484 27 1495 ·
99 1455 264 1536 fratrique
294 1473 390 1526 aneo,
421 1450 600 1515 candidatis
626 1452 793 1526 Caesaris,
822 1451 973 1532 proxime
1001 1474 1018 1511 a
1045 1452 1262 1517 nobilissimis
1281 1474 1311 1517 at

99 1536 335 1600 ¹Sacerdotibus
366 1534 463 1609 viris,
493 1534 647 1598 destinari
677 1535 892 1598 Praetoribus
919 1534 1078 1619 contigit,
1112 1540 1309 1611 consecutis,

99 1630 138 1684 ut
157 1644 263 1706 neque
283 1627 359 1703 post
380 1640 440 1680 nas
462 1641 657 1705 quemquam
677 1624 720 1685 D.
743 1619 919 1705 Augustus,
942 1639 1048 1702 neque
1070 1628 1145 1682 ants
1167 1644 1229 1684 nos
1245 1624 1310 1685 Cae-

99 1726 154 1767 sar
175 1702 419 1767 commendaret
440 1703 605 1766 Tiberius.

144 1790 275 1849 CXXV.
307 1786 398 1869 quit
419 1788 572 1868 protinus
593 1795 630 1848 ut
648 1786 738 1861 voti,
761 1785 804 1847 ita
828 1783 957 1847 consilii
982 1782 1032 1846 sui
1057 1786 1204 1868 pretium
1231 1786 1308 1849 Res-

98 1872 252 1957 publica,
281 1890 387 1954 neque
418 1870 475 1930 diu
504 1869 623 1944 latuit,
657 1880 714 1931 aut
744 1868 824 1951 quid
852 1891 919 1929 non
952 1867 1158 1951 impetrando
1191 1868 1309 1955 passuri

98 1957 288 2027 fuissemus,
311 1961 368 2013 ant
389 1952 469 2035 quid
491 1952 698 2035 impetrando
720 1952 984 2033 profecissemus.
1027 1952 1160 2035 Quippe
1184 1954 1308 2019 exerci-

99 2048 152 2099 tus
165 2086 173 2113 ,
198 2038 253 2121 qui
278 2038 311 2098 in
334 2036 506 2097 Germania
529 2036 714 2108 militabat,
735 2037 981 2117 praesentisque
1005 2032 1192 2099 Germanici
1213 2038 1310 2121 inape·
1353 2094 1355 2100 .

98 2122 153 2185 rio
178 2122 369 2205 regebatur,
393 2118 553 2202 simulque
574 2118 741 2202 legiones,
765 2118 902 2201 quaein
925 2117 1062 2199 Illyrico
1088 2130 1203 2197 erant,
1228 2122 1309 2185 rabis
1352 2136 1355 2185 t

100 2204 240 2289 quadam
263 2211 293 2263 et
315 2202 479 2286 protunda
502 2201 723 2265 confundendi
747 2201 1079 2286 omniacupiditate,
1111 2227 1228 2267 novum
1251 2206 1308 2267 dn-
1351 2230 1355 2267 ι

98 2312 189 2363 cem,
221 2310 338 2351 stonum
367 2300 508 2360 statum,
540 2307 657 2350 novam
691 2286 891 2368 quaerebant
921 2288 1176 2367 Rempnblicam.
1232 2287 1310 2369 Quia
1351 2314 1355 2353 1

100 2373 196 2435 etiam
223 2370 292 2432 ausi
314 2378 388 2430 sunt
410 2369 549 2443 minari,
573 2369 707 2429 daturos
728 2372 874 2441 Senatui,
897 2369 1032 2431 daturos
1046 2372 1200 2453 Principi
1212 2374 1309 2455 legen

98 2454 235 2518 modum
256 2452 431 2536 stipendii,
455 2452 549 2513 finem
574 2449 711 2514 militiae
732 2452 794 2513 sibi
812 2450 873 2535 ipsi
890 2454 1091 2515 constituere
1106 2454 1217 2517 conati
1232 2464 1309 2519 sunt.
1351 2480 1355 2515 a

98 2538 295 2601 Processum
319 2537 415 2597 etiam
439 2536 471 2596 ia
494 2558 604 2610 arma,
628 2535 819 2618 ferrumque
840 2535 992 2598 strictum
1016 2546 1083 2611 est·,
1107 2547 1140 2599 et
1161 2562 1266 2619 paene
1284 2538 1310 2601 ia
1351 2566 1355 2603 t

97 2622 213 2683 ultima
237 2619 421 2704 gladiorum
444 2620 555 2702 erupit
579 2618 771 2701 impunitas:
805 2617 975 2702 doluitque
998 2622 1054 2704 qui
1076 2630 1193 2683 eontra
1216 2624 1309 2685 liem-
1350 2650 1355 2686 a

123 2702 265 2765 ublicam
288 2700 443 2775 duceret,
466 2725 533 2764 non
555 2703 611 2787 qui
635 2711 861 2787 sequerentur.
893 2704 956 2765 Sed
978 2705 1058 2766 haec
1074 2704 1184 2767 omnia
1200 2706 1309 2769 veteris
1349 2732 1355 2765 a

96 2728 313 2867 imperatoris
338 2786 534 2861 maturitas,
564 2784 664 2849 multa
694 2786 896 2862 inhibentis,
926 2786 1035 2873 aliqua
1063 2809 1135 2850 cuna
1158 2790 1310 2871 gravitate
1348 2796 1355 2853 l

96 2870 304 2959 pollicentis,
328 2869 599 2946 intersererem,
621 2870 800 2953 praecipue
825 2872 1019 2947 noxiorum,
1041 2870 1222 2948 ultionem,
1245 2870 1309 2935 miti
1348 2898 1355 2938 t

99 2955 242 3018 aliorum
276 2952 511 3038 castigatione,
546 2953 640 3017 brevi
673 2954 775 3036 sopiit
808 2976 846 3016 ac
883 2953 1024 3019 sustulit.
1079 2954 1154 3031 Quo
1186 2956 1311 3043 quidem
1350 2982 1355 3021 ι

96 3047 271 3124 tempore,
299 3045 337 3099 ut
362 3035 520 3121 pleraque
552 3038 619 3121 egit
649 3060 730 3100 nave
762 3039 997 3114 Germanicus,
1020 3039 1064 3101 ita
1089 3041 1237 3117 Drusus,
1260 3038 1310 3125 qui
1352 3066 1355 3104 ι

98 3132 233 3207 epatre
265 3121 298 3184 in
330 3120 364 3182 id
397 3120 503 3203 ipsum
533 3119 678 3206 plurimo
713 3120 844 3204 pridem
878 3122 952 3207 igne
989 3123 1130 3185 emicans
1166 3122 1312 3189 incendi·
1353 3151 1355 3186 t

97 3230 153 3268 utra
179 3204 331 3267 militaris
351 3205 510 3266 tumultus
531 3206 646 3267 missus
671 3212 760 3278 erat,
788 3205 897 3285 prisca
919 3204 1117 3289 antiquaque
1145 3208 1311 3271 severitate
1354 3219 1355 3243 ¹

100 3312 188 3363 usus,
213 3288 367 3369 ancipitia
390 3288 465 3362 sibi,
488 3297 555 3348 tam
576 3309 625 3362 re,
649 3307 745 3368 qnam
768 3284 914 3369 exemplo
935 3289 1133 3371 perniciosa,
1157 3290 1257 3354 ethis
1271 3292 1312 3375 ip

99 3374 142 3435 sis
165 3370 306 3430 militum
329 3368 462 3450 gladiis,
491 3368 611 3452 quibus
634 3370 781 3431 obsessus
807 3378 894 3444 erat,
925 3372 1111 3435 obsidentes
1143 3376 1310 3447 coercuit,

98 3450 256 3535 singulari
279 3450 431 3511 adiutore
456 3452 490 3529 in¹
511 3472 550 3512 eo
574 3450 708 3535 negotio
735 3472 811 3513 usas
833 3454 929 3517 Iunio
955 3456 1090 3532 Blaeso,
1113 3457 1188 3519 viro
1211 3458 1313 3522 nesci-

98 3560 133 3599 as
157 3533 291 3596 utiliore
323 3534 356 3594 in
385 3534 521 3607 castris,
554 3555 595 3594 aa
625 3532 765 3595 meliore
795 3535 829 3597 in
861 3546 958 3621 toga:
994 3540 1068 3622 qui,
1099 3551 1173 3625 post
1195 3562 1313 3627 paucos

97 3628 202 3685 'annos
223 3614 408 3679 Proconsul
431 3617 464 3678 in
485 3615 619 3690 Africa,
644 3626 832 3680 ornamenta
855 3622 1088 3705 triumphalia,
1111 3646 1187 3687 cum
1210 3622 1315 3711 appel·

98 3700 224 3767 latione
242 3701 472 3785 Imperatoria,
495 3701 627 3765 meruit.
673 3700 720 3762 lic
742 3702 874 3785 [quam]
897 3706 1069 3791 Hispanias
1092 3708 1316 3795 exercitusque

97 3787 278 3851 virtutibus
305 3784 583 3868 celeberrimaque
610 3784 644 3847 in
672 3785 808 3869 Illyrico
835 3788 974 3865 militia,
1002 3799 1048 3851 ut
1070 3793 1313 3872 praediximus,

99 3874 175 3935 cum
206 3868 346 3953 imperio
378 3866 558 3945 obtineret,
591 3876 629 3931 ut
659 3868 693 3931 iu
724 3890 847 3933 summa
876 3895 957 3956 pace
989 3874 1100 3957 quiete
1129 3876 1313 3950 continuit,

99 3962 202 4041 q'uum
224 3954 253 4014 ei
275 3952 378 4037 pietas
397 3952 577 4016 rectissima
600 3952 776 4027 sentiendi,
806 3964 839 4017 et
859 3958 1059 4032 auctoritas,
1082 3980 1166 4038 quae
1187 3962 1314 4023 sentie-

97 4038 158 4102 bat
171 4086 187 4113 ,.
203 4033 373 4117 obtinendi
395 4046 586 4117 superesset.
631 4038 730 4099 Cuius
751 4059 862 4101 euram
879 4062 916 4104 ac
931 4038 1027 4101 fidem
1041 4041 1215 4109 Dolabella
1232 4068 1316 4131 quo-

101 4144 166 4209 que
179 4169 196 4196 ,.
216 4116 526 4207 vi'rusimplicitatis¹
541 4122 831 4207 generosissimae,
856 4123 891 4195 in
911 4122 1050 4199 maxima
1071 4136 1166 4208 parte
1187 4116 1315 4213 lllyrici

100 4228 163 4293 per
186 4202 293 4265 omnia
316 4202 460 4276 imitatus
483 4212 541 4267 est.
659 4252 674 4275 ,.
863 4248 866 4253 -

145 4282 293 4351 CXXVI.
324 4284 453 4350 Horum
483 4288 563 4349 XVI
597 4308 756 4348 annorum
793 4290 895 4371 aper-a¹
925 4290 1024 4373 quis,
1062 4314 1163 4375 quum
1196 4296 1315 4359 inserta

96 4368 200 4455 ¹[sint]
231 4368 334 4433 o'culis
361 4372 541 4455 animisque
570 4371 737 4444 omnium,
760 4371 910 4455 partibus
934 4373 1124 4458 eloquatur?
1169 4377 1317 4443 Sacravit

101 4465 269 4537 parentem
293 4474 385 4537 suum
410 4448 527 4517 Caesar
547 4476 613 4525 uon
636 4448 795 4533 imperio,
819 4454 874 4517 sed
896 4454 1076 4540 religione:
1104 4481 1170 4522 uon
1194 4462 1315 4547 appel·

100 4540 183 4623 lavit
199 4534 323 4635 [eumL
346 4533 509 4617 se'dtecit'¹
521 4540 638 4624 Denta.
682 4538 843 4617 Revocata
866 4538 1031 4605 intorem
1053 4541 1151 4615 fides;
1175 4558 1317 4611 sumina-

104 4632 157 4687 tae
178 4626 255 4687 ford
276 4612 416 4696 seditio,
434 4604 724 4709 'abffibteampa
735 4668 745 4698 ,
777 4614 942 4689 discordia
963 4624 1076 4701 curia,
1104 4622 1316 4719 sepultaequ'e
