2850 4958
448 246 572 324 fflsr.
598 248 721 327 nost.
743 247 837 339 tua.
861 247 909 327 1t
1249 244 1301 323 68

74 412 233 477 nensium
253 409 492 493 dissensiones,
521 389 725 483 eoarcltions
751 415 854 499 magis
874 394 972 561 quam
991 430 1099 501 poena
1119 410 1301 501 mollisset,

79 508 119 560 et
148 498 286 561 Senatus
319 496 531 581 populusque
559 498 741 574 Romanus,
786 506 974 585 postuauts
1008 505 1104 581 patre
1138 496 1229 570 eius,
1264 506 1302 558 ut

79 602 221 667 aequum
242 584 276 641 οἱ
294 584 344 641 s‘us
364 587 398 643 in
420 580 564 643 omm'bus
583 586 759 661 provinciis
788 581 1047 664 exercitibusque
1078 590 1176 654 esset,
1204 602 1304 664 quam

80 676 159 727 arat
178 666 261 747 apsi,
284 662 417 727 decreto
440 665 629 746 complexus
652 673 752 727 esset:
775 665 911 746 (etenim
932 662 1110 725 absurdum
1133 670 1214 736 erat,
1234 685 1303 725 nou

82 760 154 811 esse
185 746 245 809 sub
268 745 350 820 illo,
374 766 458 833 quae
479 748 519 808 ab
542 746 599 809 illo
623 748 890 823 vindicabantur3
923 756 955 810 et
982 745 1039 830 qui
1063 745 1104 807 ad
1126 769 1221 823 opem
1244 747 1303 808 fe-

79 828 220 895 rendam
241 829 368 913 primus
390 837 483 904 erat,
503 829 543 891 ad
564 831 794 893 vindicandum
814 831 978 894 honorem
998 852 1065 892 non
1088 828 1227 894 iudicari
1247 851 1305 914 pa·
1400 904 1402 909 Ι

78 914 196 994 remt)
219 912 250 974 in
273 912 401 976 Urbem
421 934 592 990 reversus,
624 913 817 997 iampridem
839 914 1008 987 debitum,
1041 913 1098 977 sed
1128 914 1305 976 continua-

79 1000 179 1061 tione
199 995 365 1059 bellorum
396 995 554 1073 dilatum,
581 1017 620 1059 ex
640 998 820 1062 Pannoniis
840 996 1067 1080 Delmatisque
1088 998 1155 1083 egit
1175 998 1305 1061 trium·-

78 1082 202 1169 pbum.
247 1080 347 1141 Cuius
376 1081 649 1164 magnificentiam
677 1081 751 1165 quis
777 1082 918 1145 miretur
947 1081 982 1143 in
1013 1078 1168 1143 Caesare?
1209 1080 1305 1143 For-

79 1176 187 1231 tunae
206 1184 287 1227 vero
334 1162 383 1224 nis
404 1184 471 1224 uon
493 1164 633 1227 miretur
653 1164 911 1249 indulgentiam)
953 1164 1077 1249 quippe
1099 1184 1211 1226 omues
1226 1162 1305 1225 emi·
1342 1236 1345 1243 Ι

79 1247 296 1313 uentissimos
346 1247 466 1309 ostium
488 1245 586 1312 duces
607 1271 672 1310 non
695 1252 820 1313 occisos
842 1250 927 1310 fama
948 1250 1115 1323 narravit,
1147 1245 1203 1311 sed
1224 1247 1305 1308 vin-

81 1343 159 1397 ctos
188 1330 375 1415 triumphus
407 1330 562 1393 ostendit.
612 1332 717 1411 Quem
750 1333 854 1406 mibi,
885 1333 1050 1417 fratrique
1078 1353 1176 1406 meo,
1219 1330 1307 1392 inter

80 1416 285 1505 praecipuos
299 1414 552 1497 praecipuisque
566 1413 661 1478 donis
675 1414 851 1479 adornatos
865 1415 967 1488 viros,
985 1415 1138 1478 comitari
1154 1413 1309 1497 contigit·

128 1500 264 1561 CXXII.
296 1498 377 1578 Quis
408 1520 474 1558 non
504 1500 592 1560 inter
612 1499 760 1582 reliqua,
785 1500 904 1585 quibus
926 1499 1099 1583 singularis
1120 1496 1307 1561 moderatio

83 1582 167 1645 Tib.
192 1583 336 1645 Caesaris
358 1580 465 1642 elucet
485 1591 583 1665 atque
604 1580 744 1657 eminet,
774 1584 840 1644 hoc
860 1603 993 1665 quoque
1014 1582 1171 1655 miretur,
1194 1579 1307 1663 quod,

84 1688 192 1751 quum
220 1667 291 1727 sine
322 1664 388 1727 ulla
417 1662 624 1727 dubitatione
645 1674 769 1746 septem
790 1663 978 1748 triumphos
998 1665 1179 1737 meruerit,
1201 1664 1309 1745 tribus

84 1758 263 1812 contentus
282 1742 410 1812 fuerit?
451 1748 534 1827 Quis
556 1748 642 1810 enim
664 1748 815 1812 dubitare
836 1756 967 1831 potest,
991 1749 1071 1848 quin
1094 1768 1133 1808 ex
1154 1747 1310 1808 Armenia

85 1841 241 1916 recepta,
265 1840 358 1895 etex
379 1850 457 1927 rege
482 1832 512 1894 ei
542 1832 757 1917 praeposito,
790 1835 882 1896 cuius
907 1831 1008 1908 capita
1033 1831 1159 1916 insigne
1180 1830 1310 1914 regium

86 1938 148 1979 suu
169 1938 266 1977 manu
300 1915 523 1999 imposuerat,
555 1914 782 1999 ordinatisque
808 1918 908 1981 rebus
930 1916 1100 1989 Orientis,
1124 1934 1222 1976 ovans
1243 1913 1312 1975 tri-

86 1999 252 2082 umphare
290 1996 463 2060 debuerit?
501 2004 552 2069 et,
586 1998 839 2063 vindelicorum
875 2000 1157 2082 llbaatorumque.
1177 1998 1309 2073 vietor,

85 2104 192 2147 curru
213 2082 340 2145 Urbem
363 2080 514 2157 ingredi?
541 2081 654 2143 fractis
677 2082 890 2167 deindepost
919 2083 1131 2165 adoptionem
1153 2080 1312 2143 contiuua

84 2165 225 2230 triennii
247 2164 365 2226 militia
389 2165 584 2226 Germaniae
603 2165 752 2241 viribus,
779 2164 865 2229 idem
890 2166 939 2228 illi
962 2166 1072 2228 bonor
1096 2172 1130 2227 et
1150 2164 1312 2226 deferen-

85 2250 152 2314 dus
174 2258 206 2310 et
226 2241 434 2330 recipiendus
454 2236 580 2309 fuerit?
611 2257 740 2331 etpost
761 2248 885 2312 cladem
907 2246 967 2311 suls
995 2249 1089 2310 Varo
1118 2256 1310 2329 acceptam,

83 2333 186 2397 'ocius
206 2332 435 2416 prosperrimo
457 2351 570 2393 rerum
591 2340 708 2393 eventu
736 2331 847 2395 eadem
869 2333 975 2394 excisa
997 2332 1170 2394 Germania
1194 2331 1314 2392 trium'·

83 2416 196 2503 pisum
217 2415 334 2478 summi
356 2414 448 2477 ducis
470 2414 632 2476 adornare
653 2413 827 2480 debuerit>
857 2415 921 2477 Sed
943 2416 976 2478 in
998 2414 1064 2477 boc
1085 2415 1158 2477 viro
1174 2408 1311 2490 nescias,

86 2510 220 2563 utrum·
238 2498 341 2580 magis
370 2497 522 2572 mireris,
551 2496 641 2582 quod
669 2496 821 2562 laborum
856 2498 1149 2583 periculorumque
1182 2519 1314 2582 semper

89 2585 232 2648 excessit
253 2583 406 2655 modum,
429 2602 491 2657 nn,
539 2581 605 2643 uod
625 2578 791 2646 b'onorum
814 2584 1020 2667 temperavit.

136 2665 289 2728 CXXIII.
323 2663 468 2726 Venitur
494 2603 536 2726 ad
564 2672 710 2748 tempus,
740 2667 775 2728 in
805 2689 871 2752 quo
899 2666 965 2729 fuit
993 2664 1174 2750 plurimum
1194 2672 1314 2743 metus·

86 2751 229 2831 Quippe
261 2750 379 2809 Caesar
407 2746 589 2829 Augustus,
619 2772 720 2831 quum
753 2750 982 2815 Germanicum
1011 2759 1165 2833 nepotem
1196 2768 1312 2824 suum,

85 2835 223 2915 reliqua
244 2830 325 2893 belli
346 2837 573 2911 patraturum,
596 2832 735 2896 misisset
758 2832 792 2894 in
815 2834 1042 2907 Germaniam,
1063 2832 1236 2896 Tiberium
1251 2855 1315 2894 au-

85 2930 161 2982 tem
184 2913 289 2976 filium
310 2913 466 2975 missurus
489 2920 572 2975 esset
593 2914 628 2975 in
648 2914 839 2998 Illyricum,
863 2914 903 2976 ad
925 2913 1082 2978 firmanda
1102 2920 1206 2997 pa'ce,
1228 2934 1315 2996 qnae

85 3000 184 3065 lsrllo
207 2998 400 3081 subegeratz
423 3017 626 3080 prosequens
651 3019 744 3068 enm,
777 2997 938 3081 simulque
962 3000 1178 3060 interfuturus
1199 2996 1316 3057 athla-

88 3096 202 3147 tarum
226 3079 398 3143 certamini
419 3078 573 3153 ludicro,
607 3078 695 3165 qnod
717 3080 786 3143 eius
806 3080 928 3143 honori
951 3089 1112 3143 sacratum
1134 3102 1152 3141 a
1173 3080 1317 3161 Neapo-

88 3166 206 3231 litanis
230 3173 298 3238 est,
321 3161 484 3245 processit
503 3162 538 3224 iu
560 3162 781 3244 Campaniam.
807 3165 1013 3242 Quamquam
1035 3165 1097 3226 iam
1120 3171 1229 3225 motus
1249 3163 1317 3226 im-

87 3248 285 3315 becillitatis
306 3245 547 3330 inclinatusque
567 3246 601 3309 in
626 3245 770 3309 deterius
790 3246 954 3331 principia
977 3245 1171 3310 valetudinis
1198 3268 1316 3309 sense-

90 3344 167 3409 rat·‚
191 3342 298 3394 tamen
322 3328 495 3393 obnitente
517 3329 550 3392 vi
571 3330 694 3405 animi,
715 3340 910 3412 prosecutus
932 3331 1057 3405 filium,
1089 3331 1317 3411 digressusque

91 3418 137 3480 ab
170 3437 209 3478 eo
241 3415 437 3490 Beneventi,
470 3414 541 3493 ipse
572 3413 690 3477 Nolam
720 3415 838 3494 petiitt
871 3422 904 3476 at
925 3416 1167 3499 ingravescente
1189 3414 1223 3477 in
1246 3415 1316 3497 dies

92 3498 303 3572 valetudine,
329 3521 428 3580 quum
451 3498 569 3572 sciret,
592 3498 665 3582 quis
685 3496 832 3579 volenti,
859 3498 968 3561 omnia
989 3508 1065 3573 post
1086 3521 1120 3561 se
1141 3496 1226 3561 salva
1252 3522 1316 3561 re-

91 3604 247 3656 manere,
271 3580 477 3643 arcessendus
499 3584 610 3656 foret,
639 3580 830 3645 festinanter
846 3574 1019 3646 'revocavit
1043 3582 1158 3643 filium.
1195 3582 1256 3643 Ille
1275 3580 1318 3643 ad

93 3674 227 3753 patrem
247 3663 375 3747 patriae
396 3672 583 3747 exspectato
605 3664 767 3727 revolavit
787 3666 958 3728 maturius.
1005 3664 1090 3725 Tum
1111 3685 1261 3726 securum
1281 3684 1319 3726 se

97 3751 266 3833 Augustus
293 3746 508 3828 praedicans,
544 3747 827 3831 circumfususque
858 3747 1061 3832 amplexibus
1091 3745 1220 3809 Tiberii
1244 3746 1316 3821 sui,

95 3831 331 3898 commendans
357 3829 405 3891 illi
428 3852 485 3893 sua
513 3839 611 3915 atque
638 3831 741 3915 ipsius
763 3852 884 3914 opera,
906 3853 969 3894 nec
991 3830 1166 3916 quidquam
1191 3829 1318 3891 insuda

96 3918 188 3988 fine,
215 3916 242 3976 si
269 3915 336 3975 fata
362 3923 559 3995 poscerent,
590 3934 759 3989 recusans,
782 3914 984 3977 subrefectus
1004 3915 1113 3999 primo
1139 3922 1318 3995 conspeetu

99 3998 318 4082 alloquioque
348 3997 506 4060 carissimi
538 3995 602 4060 sibi
631 3998 786 4078 spiritus,
818 4017 895 4059 mox
924 4020 1024 4081 quum
1056 4016 1185 4059 omnem
1206 4019 1320 4065 curam

97 4085 170 4147 fata
193 4081 382 4155 vincerent,
411 4080 446 4145 in
472 4100 529 4142 sna
559 4080 724 4144 resolutus
753 4079 868 4154 initia,
899 4078 1061 4162 Pompeio
1088 4078 1322 4162 Appuleioque

100 4168 195 4231 Coss.
220 4164 457 4244 septuagesimo
476 4168 567 4226 sexto
582 4178 686 4239 anno,
708 4163 846 4226 animam
863 4160 1035 4225 coelestem
1051 4162 1145 4243 coelo
1162 4161 1319 4226 reddidit.

147 4250 297 4313 CXXIV.
329 4248 417 4329 Quid
440 4257 518 4310 tunc
538 4246 691 4311 homines
717 4247 909 4322 timuerint,
939 4267 1022 4328 qnae
1048 4246 1186 4307 Senatus
1206 4245 1321 4330 trepi-

101 4332 221 4406 datio,
249 4354 331 4415 qune
359 4331 477 4416 populi
510 4330 684 4405 nonfnsio,
713 4330 785 4415 quis
807 4329 898 4392 orbis
920 4336 1046 4404 metus,
1072 4328 1107 4391 iu
1128 4351 1224 4413 quam
1246 4338 1319 4393 arto

100 4416 220 4481 salutis
246 4416 402 4499 exitiique
429 4413 592 4478 ‘fuerimus
621 4413 788 4490 confinio,
819 4434 926 4496 neque
953 4410 1037 4475 mibi
1068 4421 1134 4475 tam
1155 4410 1322 4476 festinanti

101 4502 291 4579 exprimere
311 4508 420 4573 vacat,
444 4521 570 4585 neque,
595 4498 649 4561 cui
671 4506 764 4562 vacat
775 4544 783 4573 ,
805 4503 928 4581 potest.
969 4494 1010 4559 Id
1029 4494 1137 4559 solum
1157 4515 1239 4557 voce
1256 4518 1324 4581 pu-

99 4584 193 4653 bliea
226 4582 346 4649 dixisse
368 4582 487 4691 hulsen.
532 4581 633 4689 ¹Cuius
662 4580 755 4648 orbis
781 4582 912 4649 ruiusus
931 4581 1166 4687 timueramus,
1187 4599 1261 4645 enm
1281 4603 1324 4647 ne
