2850 4958
444 118 555 193 stt:
580 118 645 194 lv,
674 116 789 205 (ΣΔΡ.ἱ
810 119 858 193 11.
1193 126 1261 201 ηδ

10 310 22 349 a
55 280 110 349 ris
135 280 265 347 litterae
287 288 493 347 tenerentur.
536 284 654 347 Statim
688 285 856 350 Ciceronis
887 284 1027 369 imperto
1062 284 1182 349 inlecta
1217 294 1306 352 estro

10 376 26 431 i:
54 366 207 431 barbaris
227 387 352 429 manus.
382 366 495 431 Palam
517 368 658 431 Praetor
678 370 713 432 in
734 371 854 433 Senatu
869 372 1088 433 convincitur.
1106 372 1160 432 De
1180 391 1267 453 sup-

10 456 26 523 ,3
57 448 160 533 plicio
183 451 374 534 agentibus,
398 452 514 513 Caesar
534 451 736 536 parcendum
755 454 930 539 dignitati3
955 456 1034 516 Cato
1056 452 1269 515 animadver-

10 556 27 593 u
60 532 192 595 tendum
212 555 276 615 pro
297 534 440 608 scelere,
464 535 646 598 censebant.
690 538 796 615 Quam
817 539 1009 599 seutentiam
1029 537 1146 598 secutis
1165 538 1269 599 omni-

10 620 23 676 iu
59 614 141 690 bus,
162 615 195 676 in
219 637 350 679 carcere
370 618 557 701 parricidae
577 621 832 702 strangulantur.
874 621 1027 698 Quamvis
1041 620 1134 702 parte
1149 621 1309 683 conia-11

61 698 197 759 rationis
219 721 394 784 oppressa,
417 700 458 761 ab
481 702 611 786 incepto
635 703 773 765 Catilina
793 725 860 767 nou
891 703 1035 765 destitit:
1066 702 1122 764 sed
1142 704 1267 765 infestis

60 779 103 843 ab
123 781 255 844 Etruria
275 783 375 868 siguis
395 785 537 867 patriam
559 795 693 867 petens,
716 787 816 849 obvio
829 785 976 867 ¹Antonii
992 787 1137 847 exercitu
1151 788 1269 868 oppri-

10 874 34 933 ξ
60 865 181 935 mitur·
215 867 322 944 Quam
349 868 508 929 atrociter
536 868 726 931 dimicatum
749 872 812 945 sit,
844 870 948 931 exitus
978 869 1103 931 docuit.
1147 872 1309 948 [Nemora

33 984 37 989 -
59 940 206 1011 hostium
227 949 315 1011 bello
336 952 519 1033 superfuit:
543 974 639 1035 quem
661 954 733 1035 quis
755 956 788 1016 in
809 953 984 1036 pugnando
1000 948 1132 1037 ceperat
1144 951 1266 1028 locum,

28 1044 136 1093 ,rcum
155 1033 269 1095 amissa
291 1033 397 1094 anima
427 1056 570 1117 corpora
590 1039 730 1118 tegebat.
773 1036 912 1099 Catilina
931 1035 1030 1120 longe
1056 1059 1076 1099 a
1094 1036 1160 1098 suis
1182 1037 1308 1100 inter15

58 1104 205 1178 hortium
233 1113 389 1178 cadavera
415 1128 566 1204 repertus
593 1128 661 1196 est;
682 1119 906 1205 pulcherrima
931 1126 1060 1196 morte,
1086 1120 1115 1184 si
1136 1119 1183 1182 sic
1203 1141 1267 1204 pro

57 1199 169 1275 patria
189 1198 412 1283 concidisset]
434 1266 438 1278 ¹
557 1220 559 1225 ·

506 1400 732 1465 CAPUT
772 1402 818 1466 11.

409 1553 532 1599 BBthlf
554 1555 697 1601 cassms
719 1557 757 1597 BT
778 1555 924 1623 Pomm·

107 1685 173 1747 lam
192 1693 265 1751 toto
288 1704 391 1767 paene
412 1684 492 1747 orbe
512 1697 652 1770 pacato,
675 1686 779 1748 maius
800 1693 870 1749 crat
888 1688 1062 1771 imperium
1076 1685 1268 1760 Romanum,
1292 1708 1308 1748 1

45 1766 160 1905 ¹guam
181 1776 217 1831 ut
236 1767 312 1831 ullis
332 1769 450 1830 exteris
472 1769 599 1832 viribus
622 1769 786 1853 exstingui
815 1780 935 1853 posset.
979 1772 1095 1852 ltaque
1125 1768 1270 1830 invidens
1290 1789 1310 1830 a

80 1852 208 1915 'ortona
227 1851 373 1937 principi
393 1852 539 1935 gentium
559 1853 698 1938 populo,
722 1855 829 1936 ipsum
852 1854 945 1915 illum
967 1854 1001 1917 in
1022 1853 1272 1915 exitiumsuum

48 1937 219 1999 armavit:
241 1957 278 1998 ac
299 1934 445 1995 Mariana
466 1937 599 2020 quidem
621 1938 827 2020 Cinnanaque
862 1937 969 1999 rabies
996 1937 1061 1998 iam
1092 1936 1177 1997 intra
1197 1937 1271 1996 Ur-

44 2004 137 2109 }em
156 2018 369 2104 praeluserat,
393 2023 482 2101 quasi
505 2021 532 2082 si
554 2023 771 2104 experiretur.
815 2020 947 2082 Sullana
966 2029 1139 2102 tempestas
1159 2016 1268 2090 latius,

35 2112 148 2164 -zutra
167 2102 298 2165 Italiam
310 2101 445 2177 tamen,
469 2104 673 2166 detonuerat.
718 2104 861 2165 Caesaris
885 2106 981 2165 furor
1001 2113 1098 2186 atque
1118 2102 1270 2182 Pompeii
1290 2102 1312 2165 5

45 2172 208 2275 prbem,
232 2186 380 2255 Italiam,
403 2197 534 2269 gentes,
557 2189 717 2261 nationes,
739 2195 846 2249 totum
865 2186 1017 2270 denique,
1040 2208 1103 2268 qua
1124 2186 1268 2266 patebat,

43 2271 259 2352 Imperium,
292 2267 434 2353 quodam
464 2271 556 2355 quasi
586 2271 711 2332 diluvio
733 2278 790 2331 aut
811 2270 1064 2333 inflammatione
1086 2268 1270 2348 corripuit:

48 2352 144 2414 adea
166 2362 291 2415 utnon
311 2360 401 2413 recte
420 2361 547 2416 tantum
568 2355 664 2416 civile
685 2353 835 2428 dicatur,
859 2376 896 2415 ac
915 2374 958 2415 ne
978 2350 1099 2415 sociale
1120 2350 1270 2433 quidem,
1290 2353 1313 2429 4

49 2435 121 2497 Sed
141 2458 201 2498 nec
223 2444 413 2497 externum:
444 2437 499 2499 sed
519 2439 630 2517 potius
656 2458 827 2501 commune
849 2435 1013 2521 quoddam
1037 2456 1075 2495 es
1098 2434 1270 2506 omuibus,

10 2580 12 2585 ,
41 2526 97 2578 et
115 2518 189 2600 plus
212 2539 309 2601 quam
330 2514 464 2581 bellum.
509 2521 640 2604 Quippe
660 2520 687 2580 si
710 2517 807 2582 duces
828 2522 896 2581 eius
915 2520 1079 2601 inspicias,
1101 2526 1191 2578 totus
1209 2513 1311 2578 sir-5

43 2608 158 2661 natus
179 2599 400 2682 inpartibus:
422 2603 450 2663 si
471 2605 644 2677 exercitus,
664 2601 743 2663 hinc
764 2602 916 2664 undecim
934 2602 1098 2685 legiones,
1122 2599 1198 2662 inde
1218 2599 1270 2661 de·

27 2698 136 2744 -eem
158 2692 191 2744 et
218 2691 315 2755 octo,
348 2680 408 2743 flos
441 2687 546 2748 omnis
577 2694 609 2747 et
629 2685 734 2745 robur
765 2685 870 2746 Italici
894 2686 1075 2768 sanguinis:
1103 2684 1131 2744 si
1152 2683 1276 2745 auxilia

46 2766 252 2840 sociorum,
282 2764 361 2825 hine
393 2764 511 2828 Gallici
540 2767 757 2848 Germanique
777 2765 941 2843 delectus,
974 2766 1050 2826 inde
1071 2766 1269 2838 Deiotarus,

48 2849 322 2923 Ariobarzanes,
345 2848 664 2923 Tarchondimotus,
690 2853 807 2922 Cotus,
839 2869 934 2909 omne
955 2848 1117 2907 Thraciae
1138 2849 1273 2929 Cappa-

33 2930 265 3016 -dociaeque,
289 2929 442 3007 Ciliciae,
465 2932 695 3007 Macedoniae,
717 2930 894 3005 Graeciae,
916 2929 1083 3002 Aetoliae,
1106 2929 1274 3012 totiusque

36 3015 170 3079 ·1·obur
199 3015 365 3077 Orientis:
399 3015 427 3075 si
458 3038 586 3079 moram
605 3015 706 3090 belli,
730 3024 873 3098 quatuor
893 3015 991 3085 anni,
1020 3011 1076 3073 sed
1095 3032 1160 3093 pro
1182 3012 1313 3078 cladeG

37 3116 176 3167 rerum
197 3101 297 3161 breve
318 3107 467 3179 tempus:
498 3101 525 3161 si
546 3099 659 3161 locum
687 3108 720 3160 et
740 3098 901 3179 spatium,
928 3096 984 3158 ubi
1006 3096 1179 3156 comissum
1204 3104 1272 3168 est,

44 3182 151 3257 :intra
173 3182 321 3245 Italiam:
344 3182 420 3245 inde
440 3204 476 3246 se
496 3184 530 3244 in
552 3183 691 3244 Galliam
711 3180 966 3262 Hispaniamque
984 3177 1136 3240 deflexit:
1158 3199 1275 3241 rever-

39 3287 201 3350 ¹sumque
221 3266 261 3328 ab
284 3265 432 3341 Occasu,
464 3266 543 3329 totis
563 3266 690 3327 viribus
715 3267 748 3329 in
771 3265 875 3345 Epiro
898 3262 1129 3346 Thessaliaque
1150 3283 1272 3324 conse-

40 3350 130 3426 ,dit:
162 3348 240 3410 hinc
267 3348 302 3410 in
322 3348 507 3435 Aegyptum
527 3350 637 3425 subito
659 3348 844 3411 transiluit:
878 3347 953 3408 inde
972 3348 1117 3429 respexit
1137 3346 1270 3421 Asiam,

60 3431 144 3495 inde
163 3431 294 3503 Africae
315 3432 484 3499 incubuit:
508 3442 674 3516 postremo
697 3434 731 3493 in
752 3430 942 3513 Hispaniam
963 3431 1150 3512 regyravit,
1173 3440 1205 3491 et
1225 3431 1272 3490 ibi

61 3514 254 3598 aliquando·
274 3513 404 3579 defecit.
444 3515 509 3578 Sed
538 3538 604 3577 non
635 3524 667 3576 et
697 3515 771 3576 odia
801 3514 945 3595 partium
965 3513 1054 3573 finita
1077 3533 1150 3572 cum
1169 3509 1314 3599 bello.7

61 3600 143 3663 Non
163 3598 249 3661 enim
269 3597 362 3678 prius
390 3599 567 3683 quievere,
595 3621 691 3681 quam
713 3599 748 3658 in
768 3598 861 3657 Urbe
886 3598 972 3677 ipsa,
1001 3593 1109 3656 medio
1130 3592 1271 3663 Senatu,

64 3703 206 3757 eorum,
229 3682 287 3762 qui
307 3681 387 3757 victi
409 3691 512 3755 eraut,
536 3681 610 3742 odia
623 3680 761 3741 victoris
774 3698 841 3739 sese
856 3678 953 3739 caede
967 3679 1133 3738 satiarent.
1158 3674 1273 3734 Caussa
1295 3676 1313 3738 8

62 3776 177 3829 tantae
198 3763 391 3826 calamitatis
409 3764 537 3836 eadem,
559 3785 641 3846 quae
663 3762 829 3832 omnium,
851 3761 952 3820 nimia
971 3761 1121 3823 felicitas.
1161 3756 1276 3840 Siqui-

63 3848 144 3913 dem
165 3848 289 3928 Quinto
312 3848 468 3922 Metello,
495 3848 596 3907 Lucio
618 3846 755 3907 Afranio
782 3842 985 3915 Consulibus,
1009 3864 1108 3925 quum
1130 3840 1275 3902 Ro'mana

61 3934 216 3997 maiestas
238 3940 311 3993 toto
334 3931 415 3995 orbe
435 3930 597 4015 polleret,
626 3936 838 4009 recentesque
859 3925 1034 3999 victorias,
1065 3924 1221 3985 Ponticos
1243 3932 1277 3985 et

62 4014 242 4079 Armenios
264 4014 450 4097 triumphos
471 4015 504 4079 in
524 4012 733 4093 Pompeianis
753 4007 889 4071 theatris
912 4006 1014 4069 Roma
1035 4016 1198 4070 cantaret:
1221 4006 1279 4067 ni-

62 4100 135 4173 mia
155 4092 306 4181 Pompeii
327 4098 475 4179 potentia
495 4096 581 4177 apud
602 4096 747 4167 otiosos,
768 4104 806 4155 ut
826 4090 930 4160 solet,
952 4091 1037 4153 cives
1060 4101 1170 4153 movet
1188 4088 1277 4149 invi-

47 4182 171 4249 diam.
211 4180 361 4245 Metellus
383 4182 425 4243 ob
449 4181 655 4241 imminutum
678 4180 791 4240 Cretae
811 4170 1035 4252 triumphum,
1058 4174 1136 4234 Cato
1159 4171 1318 4258 adver-9

64 4288 123 4329 sus
146 4272 292 4347 potentes
322 4286 450 4347 semper
482 4262 655 4345 obliquus,
687 4260 868 4323 detrectare
897 4257 1110 4338 Pompeium,
1132 4253 1278 4398 actisque

67 4352 141 4413 eius
162 4347 373 4429 obstrepere·
404 4348 492 4409 Hinc
520 4346 617 4411 dolor
644 4353 860 4405 transversum
885 4341 967 4425 egit,
999 4346 1031 4400 et
1051 4337 1092 4400 ad
1111 4336 1219 4423 praesi
1244 4337 1276 4398 ia

49 4431 223 4519 ,dignitati
246 4430 388 4516 paranda
410 4430 551 4515 impulit.
595 4428 696 4491 Forte
716 4438 794 4493 tuuc
817 4428 946 4489 Crassus
968 4444 1113 4512 genere,
1130 4420 1262 4485 statiua
1277 4443 1328 4493 ,aa
