2850 4958
148 286 234 369 ω’
666 282 865 361 vassen

189 447 280 515 xlx.
303 449 390 514 Tum
408 444 498 513 Bulla
518 452 690 521 conuecto
712 444 859 511 exercita
880 442 922 509 ad
940 442 1069 509 Urbem
1089 440 1206 519 radas,
1229 466 1370 533 eamque
1402 482 1405 491 ·

148 538 249 599 armis
270 533 462 617 occupavit:
493 527 558 593 111
579 538 729 593 auctores
750 550 908 591 novaram
930 528 1209 629 pessimorumque
1228 550 1369 605 rerum,

148 621 238 683 inter
258 637 342 701 quos
363 615 506 678 Marium
535 634 611 676 cam
632 611 701 675 filio
734 621 766 674 et
787 612 825 673 P.
848 610 995 691 Sulpicio
1007 656 1017 686 ,
1038 610 1133 677 Urbe
1156 610 1370 689 exturbavit,

148 722 190 765 ao
209 700 281 784 lege
301 700 365 762 lata
388 696 513 761 exsulet
533 697 624 760 iacit.
666 694 852 779 Sulpicium
873 697 972 759 etiam
995 692 1139 756 adsecuti
1161 696 1290 778 equites
1302 742 1314 774 ,
1335 694 1373 759 ta

148 783 359 846 Laurentinia
387 780 563 865 paludibus
596 777 804 865 iugularem,
840 789 1004 865 caputque
1034 778 1124 851 eius,
1155 785 1307 841 erectum
1337 786 1371 841 et

150 876 351 931 ostentatam
380 886 444 950 pro
474 863 624 938 Rostris,
655 860 745 923 velut
775 884 872 924 omen
893 861 1091 924 imminentis
1111 861 1373 945 proscriptionis

149 950 228 1013 fuis.
271 951 395 1012 Marius
415 955 493 1033 post
511 955 638 1009 sextum
660 945 890 1021 Consulatum,
913 966 1064 1029 annoque
1085 942 1184 1019 Lxx,
1206 944 1317 1008 nudus
1330 958 1371 1007 aa

149 1032 234 1097 limo
257 1034 417 1105 obrutas,
450 1029 555 1093 oculis
579 1028 805 1091 tantummodo
834 1049 871 1089 ac
892 1027 1027 1090 naribus
1048 1025 1287 1105 eminentibus,
1311 1050 1373 1091 ex·

152 1125 278 1179 tractus
300 1116 518 1193 arundineto,
542 1114 630 1175 circa
651 1111 804 1195 paludem
825 1112 988 1186 Maricae,
1019 1113 1051 1173 in
1074 1133 1171 1195 quam
1192 1131 1247 1191 se,
1278 1114 1373 1197 fngi-

154 1220 212 1264 ens
244 1206 468 1261 consectantes
496 1196 607 1259 Sullae
636 1195 782 1278 equites,
814 1194 1007 1270 abdiderat,
1036 1196 1157 1256 iniecto
1185 1194 1220 1256 in
1246 1194 1373 1259 collum

152 1281 230 1346 loro
254 1282 287 1345 ia
309 1301 475 1345 carcerem
497 1278 771 1343 Minturnensium
799 1276 887 1339 iussu
909 1277 1084 1343 Duumriri
1106 1276 1286 1361 perductus
1309 1284 1368 1341 est'.

153 1363 208 1427 Ad
229 1386 327 1450 quem
348 1361 611 1427 interficiendum
632 1362 747 1423 missus
769 1382 844 1423 coar
865 1359 974 1445 gladio
997 1380 1108 1427 servas
1128 1361 1294 1443 publicus,
1310 1384 1372 1425 ns-

152 1448 245 1511 tiona
266 1450 466 1521 Germanus,
489 1446 547 1530 qui
566 1448 656 1508 torte
677 1444 717 1507 ab
741 1444 942 1526 imperatore
963 1466 1002 1507 ao
1024 1442 1112 1505 bella
1137 1444 1306 1508 Cimbrico
1323 1466 1374 1509 oa·

119 1596 123 1605 ¹
153 1539 232 1615 ptus
253 1540 342 1606 erat,
365 1540 402 1593 ut
423 1529 557 1614 agnovit
575 1528 716 1590 Marium
728 1572 738 1600 ,
761 1548 878 1611 magno
902 1527 1046 1602 eiulatu,
1077 1539 1291 1609 expromenta
1313 1528 1372 1591 in·

155 1615 380 1699 dignationem
412 1635 488 1674 casu
518 1612 601 1675 tanti
622 1610 705 1685 viri,
732 1609 862 1673 abiecto
884 1610 992 1694 gladio
1012 1611 1163 1695 profugit
1184 1632 1203 1673 e
1223 1634 1370 1685 carcere.

156 1698 244 1760 Tum
264 1699 351 1760 cives
373 1696 413 1758 ab
434 1697 551 1771 hoste,
575 1694 723 1769 misereri
743 1693 845 1775 paulo
867 1703 942 1756 ante
961 1693 1124 1779 principis
1145 1695 1232 1771 viri,
1256 1688 1370 1771 docti,

155 1782 353 1843 instructum
383 1800 458 1842 eum
486 1778 629 1853 viatico,
662 1776 847 1859 collataque
866 1786 974 1851 veste,
1008 1776 1041 1840 in
1061 1788 1176 1839 navem
1197 1778 1372 1864 imposue-

157 1872 246 1927 runt.
291 1862 336 1924 At
356 1861 434 1937 ille,
457 1860 627 1923 adsecutus
647 1861 736 1924 circa
758 1857 1100 1921 insulam'Aenariaua
1130 1860 1255 1936 filium,
1287 1884 1372 1927 cus·-

156 1968 229 2008 sum
251 1945 285 2006 in
307 1944 453 2007 Africam
475 1942 618 2015 direxit,
639 1944 838 2025 inopemque
858 1942 959 2004 vitam
981 1942 1015 2005 iu
1041 1944 1175 2025 tugurio
1201 1947 1375 2013 ruinarum

158 2026 476 2109 Carthaginiensium
498 2025 673 2088 toleravit:
696 2047 797 2170 apuam
818 2024 941 2087 Marius
953 2070 963 2101 ,
991 2024 1173 2108 adspiciens
1198 2028 1375 2117 Carthagi.

156 2134 253 2184 nem,
283 2111 339 2175 illa
360 2110 488 2171 intuens
510 2109 674 2184 Marium,
695 2115 779 2170 ater
798 2106 892 2169 alteri
914 2117 1045 2191 possent
1065 2129 1132 2170 esse
1153 2109 1284 2176 solatio.

201 2193 273 2255 XX.
303 2196 376 2256 Hoc
397 2192 541 2276 primum
562 2213 666 2266 anno,
694 2191 849 2271 sanguine
877 2190 1025 2257 Consulis
1063 2192 1223 2270 Romani,
1258 2192 1374 2257 militis

159 2277 305 2339 imbutae
324 2297 438 2340 manus
460 2284 545 2337 sunt.
590 2275 723 2357 Quippe
742 2274 933 2355 Pompeius,
949 2274 1075 2355 collega
1099 2275 1230 2353 Sullae,
1252 2276 1294 2339 ab
1316 2296 1375 2343 ex-

156 2360 266 2422 ·ercitu
289 2361 349 2422 Cn.
368 2358 519 2441 Pompeii
542 2355 775 2433 Proconsulis,
797 2358 980 2431 seditione,
1002 2360 1059 2422 sed
1080 2382 1177 2442 quam
1199 2357 1265 2423 dux
1286 2380 1376 2427 cres·

152 2451 268 2518 verat,
300 2444 493 2505 interfectus
527 2450 587 2504 est.
637 2442 711 2503 Non
745 2449 815 2502 erat
844 2443 970 2516 Mario,
1000 2441 1237 2527 Sulpicioque,
1271 2444 1374 2505 Cinna

157 2526 386 2609 temperatior.
428 2526 562 2608 ltaque,
585 2544 687 2607 quum
708 2525 752 2586 ita
783 2525 897 2586 civitas
919 2525 1034 2588 Italiae
1058 2526 1133 2591 data
1154 2534 1256 2603 esset,
1278 2536 1317 2589 at
1339 2526 1374 2589 ia

160 2617 238 2669 octo
265 2610 373 2670 tribus
402 2608 695 2669 contribuerantar
724 2606 801 2669 novi
832 2609 938 2683 cives;
968 2631 1010 2671 ne
1035 2610 1183 2691 potentia
1205 2630 1323 2673 eorum
1343 2616 1375 2673 et

158 2689 338 2752 multitudo
360 2699 508 2752 veterum
528 2690 650 2753 civitam
671 2690 862 2773 dignitatem
882 2694 1059 2774 trarrgeret,
1079 2693 1218 2779 plusqua
1239 2700 1374 2775 possent

159 2775 286 2856 recepti
306 2773 342 2834 in
355 2774 577 2849 beneficium,
600 2796 697 2856 quam
719 2782 870 2836 auctores
890 2775 1062 2851 benefictt3
1095 2778 1213 2849 Cinna,
1237 2778 1274 2844 in
1294 2800 1374 2840 om·

160 2855 258 2918 nibus
285 2854 438 2918 tribubus
463 2878 520 2918 eos
543 2876 578 2919 se
603 2856 875 2933 distributurum,
903 2858 1073 2942 pollicitus
1097 2866 1156 2924 est.
1200 2860 1276 2939 Quo
1304 2882 1375 2923 no-

65 3000 68 3011 ,
159 2940 249 3001 mins
270 2940 434 3023 ingentem
454 2940 558 3002 totius
578 2938 693 3002 ltaliae
713 2942 931 3024 frequentiam
951 2942 986 3004 in
1007 2944 1135 3009 Urbem
1156 2944 1329 3007 acciverat.
1346 2942 1374 3007 E

159 3044 225 3105 qua
250 3023 363 3105 pulsas
383 3023 529 3108 collegae
550 3024 831 3108 optimatiumque
852 3025 1000 3098 viribus,
1019 3048 1120 3111 quum
1144 3026 1179 3089 in
1200 3028 1375 3111 Campani·
1417 3042 1419 3047 '

159 3128 213 3166 am
235 3106 394 3184 tenderet,
416 3126 456 3170 ex
477 3107 675 3169 anctoritate
693 3108 830 3169 Senatus
853 3106 1046 3170 Consulatus
1067 3110 1097 3173 ei
1119 3108 1296 3195 abrogatas
1313 3119 1372 3185 est,

158 3188 378 3273 suffectusqua
399 3190 433 3251 in
457 3192 526 3253 eius
547 3190 659 3253 locans
683 3190 720 3251 b.
745 3189 916 3250 Cornelius
945 3190 1093 3265 Merula,
1119 3192 1235 3257 flamen
1257 3195 1374 3261 Dialis.

159 3271 251 3332 Haec
272 3272 393 3334 iniuria
418 3272 552 3335 homine
564 3316 573 3346 ,
595 3294 693 3354 quam
718 3270 867 3351 exemplo
892 3270 1025 3354 dignior
1044 3275 1118 3338 fait.
1156 3276 1240 3337 Tum
1259 3278 1373 3351 Cinna,

160 3356 330 3435 corruptis
353 3353 463 3433 primo
481 3354 735 3416 Centurionibus
755 3374 793 3415 ac
813 3352 984 3431 Tribunis,
1005 3378 1083 3419 mox
1106 3358 1216 3435 etiam,
1238 3381 1296 3444 spe
1311 3360 1377 3425 lar·

160 3436 318 3516 gittonis,
341 3433 523 3509 militibus,
546 3434 587 3494 ab
609 3435 777 3507 exercita,
800 3436 857 3517 qui
879 3436 967 3498 circa
987 3440 1104 3505 Nolam
1120 3451 1202 3516 erat,
1223 3454 1376 3527 receptus

161 3523 221 3577 est.
243 3517 399 3599 loquum
417 3516 587 3581 universas
609 3516 644 3583 iu
664 3516 764 3577 verba
785 3519 854 3579 eius
875 3518 1046 3598 iurrasset,
1069 3522 1213 3589 retinens
1234 3526 1375 3613 insignia

162 3599 369 3672 Consulatus,
390 3601 517 3681 patriae
537 3598 660 3661 bellum
685 3599 815 3680 intulit,
837 3603 943 3673 fretas
961 3606 1085 3691 ingenti
1105 3629 1242 3673 numero
1265 3630 1377 3673 novoe

157 3702 235 3745 rum
256 3683 397 3746 civium:
424 3704 443 3744 e
466 3704 608 3768 quorum
630 3682 757 3745 delectu
780 3686 858 3749 CCC
878 3687 1018 3771 amplius
1031 3686 1187 3757 cobortes
1202 3694 1378 3777 conscrip-

119 3811 124 3816 .
159 3770 264 3841 serat,
287 3789 325 3829 ac
349 3764 484 3849 triginta
505 3766 672 3848 legionum
699 3767 802 3831 instar
826 3769 1028 3853 impleverat.
1074 3774 1167 3861 Opus
1190 3781 1261 3837 erat
1287 3796 1376 3857 par-

160 3848 249 3913 tibus
274 3848 490 3922 auctoritate,
513 3850 637 3933 gratia:
665 3853 757 3913 ouius
780 3854 965 3934 augendae,
994 3858 1029 3920 C.
1052 3859 1194 3927 Marium
1208 3879 1283 3923 cum
1300 3856 1373 3921 fitia

159 3928 206 3990 de*
222 3931 338 3995 exsilio
363 3932 551 4006 revocavit,
575 3934 698 4019 quique
719 3957 793 3998 cam
818 3939 857 4001 iis
883 3939 969 4021 pulsi
996 3948 1098 4007 erant.

200 4013 292 4077 xxi.
321 4017 410 4077 Dam
429 4013 552 4077 bellum
577 4025 685 4078 autem
709 4019 809 4083 infert
833 4024 961 4106 patriae
985 4026 1107 4096 Cinna,
1138 4024 1197 4087 Cn.
1215 4024 1374 4111 ‘Pompee

159 4095 232 4171 ius,
256 4096 368 4180 Magni
389 4106 485 4178 pater
508 4099 615 4179 (cuius
645 4102 813 4183 praeclara
838 4125 937 4186 opera
959 4105 1049 4173 bello
1074 4108 1237 4184 Marsico,
1266 4130 1374 4193 prae.

159 4175 258 4261 cipue
281 4179 370 4241 eirca
393 4180 551 4243 Picenum
576 4204 712 4265 agrum,
738 4195 776 4247 at
793 4188 1084 4269 praescripsimus,¹
1109 4212 1166 4253 usa
1190 4200 1261 4260 erat
1284 4188 1375 4256 Rea-

157 4261 310 4343 pablica,
326 4264 457 4362 ¹quique
480 4263 634 4326 Asculum
655 4276 808 4349 ceperat,
835 4268 921 4331 circa
940 4293 1037 4351 quam
1061 4272 1177 4339 urbem
1189 4320 1198 4351 ,
1222 4294 1322 4358 qaam
1338 4278 1374 4341 iu

156 4345 269 4408 multis
302 4344 374 4406 alias
407 4344 598 4428 regionibus
630 4349 792 4411 exercitas
825 4350 874 4413 dis
900 4353 964 4415 ersi
997 4356 1125 4429 forent,
1162 4357 1195 4416 V
1229 4358 1374 4435 etLXX

156 4426 261 4490 millia
285 4428 405 4489 civium
429 4429 670 4504 Romanorum,
693 4431 831 4513 amplius
855 4434 881 4493 L
937 4436 1038 4498 millia
1063 4439 1255 4505 Italicorum
1269 4488 1290 4517 ,.
1305 4467 1371 4507 ana

157 4509 212 4572 die
234 4510 483 4589 conflixsrant,)
503 4512 678 4574 frustratus
706 4534 763 4597 spc
788 4517 1000 4581 continuandi
1026 4523 1240 4603 Consulatus,
1267 4524 1312 4590 ita
1333 4548 1370 4590 se

157 4591 294 4656 dulsium
324 4594 532 4677 mediataque
559 4592 709 4677 partibus
742 4600 927 4683 praestitit,
960 4611 997 4668 ut
1022 4607 1130 4671 omnia
1161 4627 1200 4670 cx
1222 4610 1367 4694 proprio
