2850 4958
182 268 267 351 nu.
376 264 848 395 pumannum.
879 266 992 343 car.
1016 288 1079 369 φο.
1095 238 1250 368 7:572:

598 426 719 495 CAP
739 431 773 495 U
794 430 825 493 t·
863 430 965 495 Lxx.

548 564 579 609 G·
603 566 791 611 ΙΗΠῙΗ
823 566 1023 608 Ubinn-

218 700 313 765 Caius
342 694 473 762 Flavius
503 698 650 761 Fimbria
686 699 901 775 (saevissimus
934 699 1058 783 quippe
1088 698 1213 761 Cinnae
1248 697 1374 780 satelles)

175 782 312 847 Valerio
334 784 452 845 Flacco
476 782 608 844 Cousuli
629 784 766 867 Legatos
788 782 821 842 in
844 782 952 844 Asiam
974 783 1154 864 profectus,
1171 803 1235 865 per
1250 782 1376 843 simulta-

173 866 434 947 temldimissus,
456 874 617 949 corrupto
642 867 807 940 exercitu,
830 867 944 928 ducem
967 864 1230 928 interficiendum
1253 866 1373 928 curarit.

133 972 156 1017 e
176 952 272 1033 lpse,
295 950 457 1029 correptis
481 949 613 1031 imperii
641 950 842 1034 insignibus,
870 949 1075 1033 provinciam
1104 948 1290 1033 ingressus,
1317 950 1373 1011 lli.

25 1034 29 1041 ’
55 1042 62 1069 “
132 1032 352 1099 Bthridatem
382 1033 542 1117 Pergamo
574 1033 709 1114 expulit.
752 1033 868 1108 Ilium,
899 1032 954 1094 ubi
979 1031 1102 1093 tardius
1125 1042 1248 1114 portae
1268 1041 1374 1115 patoe-

174 1124 272 1193 runt,
304 1115 433 1178 incendi
463 1116 574 1190 iussit:
608 1117 665 1195 ubi
686 1116 853 1180 Minervae
876 1116 1035 1197 templum
1055 1115 1256 1177 inviolatum
1280 1116 1371 1191 stetit,
1416 1141 1418 1149 ·

133 1200 157 1279 4
176 1198 268 1283 quod
287 1198 396 1260 divina
418 1198 586 1261 maiestate
605 1209 768 1263 servatum
783 1222 878 1263 nemo
894 1198 1068 1262 dubitavit.
1097 1197 1232 1261 Ibidem
1246 1198 1373 1260 Fimbrie
1414 1223 1418 1283 j

175 1282 314 1345 militiae
333 1282 501 1366 principes
527 1283 636 1345 securi
661 1284 843 1366 percussit:
875 1304 972 1357 mox,
995 1305 1012 1342 a
1033 1279 1124 1343 Sulla
1143 1282 1301 1369 Pergami
1320 1282 1372 1345 ol-

174 1386 301 1440 eessus,
324 1375 482 1449 corrupto
509 1367 655 1429 exercito
676 1364 845 1445 desertus,
867 1373 968 1431 semet
990 1364 1124 1428 occidit.

584 1545 812 1611 CAPUT
853 1544 969 1609 Lm.

508 1682 754 1729 Vllllss'iwe
786 1680 1047 1727 ῐιῦΗΤΔΠῦΙο

215 1813 412 1892 Viriathus,
441 1837 561 1903 genere
586 1813 779 1891 Lusitanus,
813 1815 856 1878 ob
877 1822 1105 1897 paupertatem
1127 1813 1243 1895 primo
1265 1832 1372 1876 merce·
1415 1830 1418 1875 ῑ

64 1906 91 1969 ,ι
175 1902 309 1974 narius,
332 1900 449 1961 deinde
470 1900 639 1962 alacritate
662 1910 820 1973 venator,
843 1899 978 1960 audacia
997 1899 1102 1971 latro,
1124 1895 1167 1958 ad
1187 1906 1372 1979 postremus:
1416 1918 1418 1925 ⁴

33 2058 36 2065 Ι
176 1982 254 2055 dux,
276 1982 398 2045 bellum
423 1983 594 2044 adversum
617 1984 781 2045 Romanos
802 1984 927 2055 sumsit,
951 2000 1130 2064 eorumque
1154 1981 1373 2063 imperatorem

134 2084 156 2129 e
177 2064 349 2127 Claudium
381 2066 600 2137 Unimanum,
633 2066 708 2127 dein
739 2068 775 2127 C.
805 2064 974 2148 Nigidium
1009 2063 1185 2147 oppressit.
1231 2064 1372 2127 Pacem:

175 2148 302 2231 populo
325 2144 505 2227 [Romano]
528 2146 644 2209 maluit
665 2149 792 2231 integer
811 2158 941 2231 petere,
965 2170 1062 2230 quam
1083 2147 1209 2208 vietus:
1237 2158 1271 2209 et
1291 2168 1374 2230 quun

98 2220 241 2315 'stelio
261 2229 422 2305 dedisset,
451 2240 484 2293 et
508 2253 597 2292 arma
629 2233 872 2305 retinerentur,
899 2231 1023 2293 bellum
1043 2230 1227 2292 renovavit.
1273 2230 1371 2312 Caepio

139 2304 145 2327 ²
177 2334 277 2405 guum
299 2315 431 2375 vincere
452 2313 549 2375 aliter
569 2337 636 2376 non
656 2322 779 2398 posset,
804 2316 888 2377 duos
903 2315 1056 2377 satellites
1069 2314 1210 2397 pecunia
1227 2313 1373 2394 corrupit,

88 2372 159 2481 ‘Q
176 2398 235 2481 qui
266 2396 456 2460 Viriathum
485 2398 578 2459 humi
610 2399 795 2481 depositum
829 2406 1051 2481 peremerunt.
1102 2396 1197 2477 Quae
1229 2398 1376 2469 victoria,

174 2480 255 2567 quia
274 2490 360 2545 emta
380 2489 471 2557 erat,
501 2480 623 2547 Senatu
645 2504 712 2545 uon
732 2481 883 2567 probata.

579 2663 756 2727 CAPU
777 2662 807 2724 T
845 2661 981 2725 LXXII.

512 2802 550 2844 Ι·
582 2799 800 2842 eruemus
834 2798 1042 2842 ΙΟΔΠΜΗ.

215 2930 352 2996 Marcus
367 2928 527 2997 Aemilius
548 2934 713 3007 Scaurus,
735 2928 880 3006 nobilis,
906 2948 1053 3015 pauper:
1085 2906 1159 2993 nolu
1180 2937 1281 3012 pater
1303 2930 1380 3002 eius,

174 3018 320 3099 quamvis
347 3017 529 3098 patricius,
560 3021 603 3083 ob
632 3022 858 3101 paupertatem
886 3014 1116 3076 carbonarium
1139 3015 1314 3095 negotium
1334 3034 1384 3075 ex-

132 3117 152 3159 e
174 3103 291 3162 ercuit.
333 3100 408 3181 lpse
429 3102 537 3181 primo
561 3104 744 3174 dubitavit,
766 3097 912 3160 bonores
933 3107 1080 3181 peteret,
1108 3119 1148 3157 an
1173 3097 1386 3180 argentariam

130 3176 153 3242 5
174 3183 317 3245 faceret:
341 3182 418 3255 sed,
442 3184 648 3269 eloquentiae
671 3181 849 3255 consultus,
872 3203 911 3242 ex
934 3204 970 3243 ea
992 3180 1129 3267 gloriam
1145 3182 1292 3261 peperit.
1316 3180 1386 3245 Pri-

176 3288 229 3326 mo
252 3266 286 3327 in
307 3264 464 3346 Hispania
486 3271 691 3333 corniculum
713 3266 852 3327 meruit:
876 3266 935 3326 sub
960 3266 1078 3327 Oreste
1100 3264 1133 3324 in
1155 3263 1310 3325 Sardinia
1332 3264 1386 3325 sti-

130 3347 401 3493 tibitibi·
430 3348 571 3497 piliili
593 3348 991 3514 bbtlltflblltb
1011 3369 1118 3492 {tlt
1137 3347 1386 3513 ”tetulit

172 3514 289 3576 victus.
332 3514 454 3578 Consul
484 3516 589 3602 legem
622 3518 664 3579 de
694 3513 854 3577 sumtibus
887 3522 920 3575 et
953 3512 1186 3574 libertinorum
1228 3513 1386 3598 suffragiis

131 3593 261 3658 dtulit.
303 3598 342 3659 P.
364 3599 502 3663 Decium
534 3600 747 3673 Praetorem,
776 3605 963 3658 transeunte
992 3597 1063 3677 ipso
1085 3595 1277 3673 sedentem,
1300 3595 1385 3659 iussit

172 3682 366 3767 adsurgere,
390 3684 485 3764 eique
505 3693 625 3746 vestem
648 3682 756 3755 scidit,
780 3680 889 3742 sellalu
910 3680 1076 3755 concidit·,
1099 3700 1139 3740 ne
1161 3681 1239 3761 quis
1261 3680 1302 3741 ad
1320 3700 1386 3743 eum

130 3765 207 3845 7in
229 3766 279 3826 ius
302 3767 382 3839 iret,
415 3767 529 3829 edixit.
577 3762 697 3829 Consul
725 3765 859 3848 Ligures
881 3773 913 3825 et
940 3763 1110 3825 Gantiscos
1140 3761 1276 3826 domuit
1294 3773 1383 3845 atque

130 3847 213 3909 8de
243 3849 295 3911 his
327 3850 553 3931 triumphavit.
606 3851 731 3912 Censor
764 3849 848 3908 viam
882 3847 1055 3909 Aemiliam
1084 3846 1218 3908 stravit:
1259 3855 1381 3930 pontem

130 3928 332 4015 9Mulvium
366 3934 455 3996 fecit.
506 3934 713 4017 Tantumque
745 3932 941 3993 auctoritate
977 3930 1111 4013 potuit,
1147 3938 1184 3990 ut
1219 3928 1382 4013 Opimium

172 4023 288 4074 contra
310 4016 510 4092 Gracchum,
535 4018 676 4080 Marium
701 4022 816 4077 contra
838 4014 1006 4076 Glauciam
1028 4024 1062 4077 et
1075 4012 1299 4088 Saturninum,
1312 4008 1385 4095 pri-

131 4105 246 4158 rorato
269 4098 408 4161 consilio
432 4110 585 4163 armaret.
626 4100 718 4161 Idem
740 4096 844 4159 lilium
865 4120 981 4170 suum,
1005 4098 1080 4181 quia
1103 4097 1308 4176 praesidium
1327 4094 1387 4157 de-.

172 4189 339 4254 seruerat,
364 4182 396 4244 in
418 4194 628 4266 conspectum
648 4204 743 4244 suum
763 4182 867 4244 vetuit
891 4181 1062 4244 accedere:
1090 4181 1145 4243 ille
1167 4180 1211 4241 ob
1236 4182 1303 4243 hoc
1323 4178 1381 4240 de-

129 4263 267 4325 rrdecus
288 4275 428 4328 mortem
451 4268 514 4331 sibi
537 4266 707 4330 conscivit.
751 4265 891 4326 Scaurus
913 4286 1010 4327 senex
1031 4286 1131 4348 quum
1151 4286 1169 4323 a
1185 4264 1293 4326 Vario
1310 4262 1380 4323 Tri·

168 4342 259 4409 buno
281 4348 387 4430 plebis
411 4360 614 4434 argueretur,
642 4351 734 4433 quasi
754 4350 862 4411 socios
886 4358 918 4409 et
940 4349 1067 4409 Latium
1091 4346 1132 4409 ad
1152 4369 1244 4411 erma
1260 4346 1379 4431 coegis-

169 4440 235 4506 set,
258 4433 300 4495 ud
321 4434 483 4515 populum
508 4436 573 4495 ait:
602 4438 722 4496 Verius
741 4437 947 4495 Sucronensis
968 4434 1144 4493 Acnzs'lsum
1164 4434 1323 4493 Scaurum
1338 4431 1379 4489 ait

167 4519 274 4577 socios
301 4518 347 4577 ad
372 4538 469 4579 arma
499 4521 657 4601 coegisse:
694 4519 833 4579 Scaurm
862 4526 984 4599 negat:
1014 4519 1085 4579 utri
1107 4518 1222 4598 potius
1250 4512 1378 4576 creden·

154 4593 233 4657 alem
243 4603 409 4680 pafrem?
