2850 4958
130 454 207 516 Vll.
238 451 409 516 Assaracus
429 473 527 526 vero,
549 450 632 513 Troi
654 451 759 526 filius,
779 450 821 513 Ili
840 453 954 524 frater,
976 456 1124 534 utsupra
1137 448 1281 511 memini’

88 539 200 622 genuit
222 538 354 619 Capym,
377 536 481 617 Capys
501 535 674 607 Anchisen,
697 534 852 596 Anchises
871 533 1022 607 Aeneam,
1044 533 1166 595 Aeneas
1184 533 1281 593 llum'

88 621 356 702 cognominatum
374 617 565 690 Ascanium,
589 638 627 678 ex
650 617 768 678 Creusa
788 626 890 679 matre
910 625 1041 688 uatum,
1064 616 1121 701 qui
1137 625 1175 676 'et
1194 615 1285 675 Iulus

87 705 172 775 fuit,
194 725 212 762 a
234 722 299 784 quo
319 720 395 783 gens
419 698 524 772 Iulia,
547 699 632 760 uude
651 708 725 760 tuae
747 700 849 781 gentis
870 698 1065 761 vocabulum
1088 699 1190 761 trahis
1202 744 1212 773 ,
1236 718 1285 759 so-

87 785 255 848 renissiine
276 782 439 865 Auguste,
462 791 499 842 ut
520 782 678 864 Virgilius
699 780 779 861 [Aea'
796 791 827 851 1.
844 785 936 864 ²⁶td²

116 935 118 939 7
171 871 315 945 Atpuer
335 868 511 937 Asconius,
534 870 589 924 cui
605 884 688 924 nunc
705 881 880 944 cognomen
898 864 969 923 Iulo

169 947 330 1019 Additur,
352 949 419 1009 Ilus
441 957 533 1020 erat,
556 945 629 1008 dubo
653 969 704 1007 res
726 945 816 1005 stetit
840 945 901 1004 Ilio
923 967 1033 1027 regno.

129 1028 225 1092 VIII.
254 1029 403 1091 Priamus
431 1049 533 1102 vero,
563 1028 619 1089 ubi
651 1028 682 1090 in
713 1025 883 1088 Graeciam
903 1027 1103 1109 postulatum
1125 1025 1285 1100 misisset»,
1371 1046 1372 1053 ¹

87 1118 126 1171 ut
145 1113 289 1173 Hesiona
319 1132 435 1186 soror,
469 1131 589 1194 quaen
619 1109 796 1171 Telamone
819 1108 910 1191 turpi
939 1112 1073 1172 servitio
1105 1109 1288 1171 concubina
1331 1160 1335 1173 ,

86 1197 156 1255 tori
178 1195 366 1267 tenebatur,
389 1196 423 1255 in
443 1193 686 1253 matrimonium
708 1190 901 1265 duceretur,
923 1192 975 1254 vel
994 1192 1107 1254 saltem
1128 1194 1289 1254 restitue·-

87 1284 204 1348 retur,
235 1275 379 1348 derisus,
411 1285 562 1337 neutrum
594 1276 747 1336 obtinuit.
800 1274 910 1351 Quare
939 1275 1139 1346 Alexander,
1170 1277 1227 1358 qui
1256 1281 1290 1334 et

89 1355 185 1419 Paris
216 1357 341 1431 dictus,
372 1358 496 1420 Priami
527 1356 632 1431 filius,
663 1380 759 1419 manu
790 1356 1059 1419 electissimorum
1083 1357 1235 1418 iuvenum
1254 1355 1290 1418 iu

91 1440 260 1501 Graeciam
279 1461 421 1523 aequora
441 1440 593 1513 sulcauit,
622 1440 841 1521 Helenamque
862 1440 1001 1502 Menelai
1022 1440 1108 1524 regis
1129 1460 1288 1510 uxorem,

92 1523 287 1583 Graecarum
310 1523 585 1605 pulcherrimam,
616 1524 736 1604 rapuit.
779 1522 1000 1601 Quamobrem
1021 1523 1177 1585 Graeciae
1198 1536 1290 1602 reges

91 1613 274 1678 armantur3
311 1615 343 1666 et
377 1607 620 1689 Agamemnone·
653 1606 735 1667 duce
767 1613 843 1686 post
875 1603 1049 1667 decennem
1085 1603 1291 1666 obsidionem

92 1688 214 1748 Troiae
237 1690 362 1748 moenia
384 1694 498 1769 capta,
522 1689 555 1748 in
576 1687 670 1747 ruina
692 1709 729 1749 ac
749 1689 857 1748 cinere
879 1687 1007 1749 iacuere
1027 1687 1112 1749 solo.

132 1771 188 1831 IX.
222 1770 324 1843 Hinc,
347 1771 547 1830 Graecorum
568 1790 706 1843 assensu,
728 1769 793 1837 duo
816 1767 993 1830 incolumes
1007 1771 1192 1852 principum
1207 1766 1291 1828 Tro-

90 1847 240 1912 ianorum
269 1873 451 1923 recessere,
484 1853 540 1934 qui
572 1861 721 1914 auctores
749 1852 839 1935 pacis
875 1860 908 1912 et
937 1852 1119 1914 reddendae
1149 1850 1292 1912 Helenae

91 1955 219 2017 semper
238 1935 386 2007 fuerant,
410 1942 443 1994 et
464 1935 664 1996 Graecorum
683 1934 880 2018 legatorum,
903 1933 1029 2016 Ulyssis
1050 1956 1087 1996 ac
1107 1932 1289 2019 Diomedis,

90 2016 334 2077 honoratissimi
356 2016 521 2097 hospites3
545 2015 692 2077 Antenor
712 2018 837 2078 scilicet
858 2024 890 2076 et
909 2018 1052 2080 Aeneas:
1076 2038 1218 2100 quorum
1240 2015 1292 2076 al-

90 2107 144 2158 ter
165 2120 203 2159 ex
223 2098 467 2172 Laomedontis,
499 2099 570 2172 vel,
604 2108 641 2160 ut
661 2099 851 2181 quibusdam
896 2098 999 2173 lacet,
1029 2100 1153 2161 Priami
1175 2119 1291 2160 sorore

91 2190 205 2254 natus,
227 2183 373 2263 Assyeti,
405 2183 468 2244 viri
489 2181 702 2258 nobilissimi,
724 2185 832 2245 fuerat
854 2120 961 2256 lilius,
985 2185 1151 2245 Antenor:
1187 2181 1290 2252 alter,

92 2284 132 2323 ex
153 2265 242 2346 regio
270 2266 423 2347 sauguine
453 2275 566 2340 ortus,
593 2265 736 2338 Aeneas,
766 2274 803 2327 ut
828 2285 925 2349 supra
953 2265 1207 2327 demonstratum
1230 2272 1290 2324 est.

91 2345 136 2404 Ili
157 2345 284 2406 navium
307 2349 404 2410 classe
424 2356 558 2428 parata,
587 2355 620 2406 et
639 2347 754 2429 patriis
775 2346 893 2420 rebus,
915 2347 1186 2429 hominibusque,
1209 2367 1291 2427 quos

92 2428 230 2489 arbitrio
252 2431 301 2489 sui
323 2430 528 2511 delegerant,
559 2436 696 2500 onusta,
727 2429 834 2508 pansis
856 2427 935 2487 velis
955 2436 1090 2490 tenuere
1114 2429 1235 2500 altum3
1260 2437 1292 2488 et

91 2530 153 2590 per
174 2513 334 2592 Aegaeum
358 2512 571 2590 loniumque,
602 2517 844 2591 praetereuntes
867 2509 1037 2592 Argolicas
1057 2511 1175 2584 urbes,
1209 2522 1292 2571 sua-

93 2591 243 2652 dentibus
263 2594 357 2666 fatis,
384 2593 424 2657 ad
444 2593 571 2654 Italiam
594 2593 860 2674 remigraverunt.
1072 2662 1077 2675 Ι
1108 2605 1110 2607 ’

134 2676 174 2734 X.
208 2675 374 2746 Antenor,
403 2695 442 2736 ex
462 2675 558 2735 Ionio
581 2695 744 2756 aequore,
772 2674 812 2735 ad
834 2674 997 2736 dexteram
1022 2675 1174 2747 flectens,
1206 2674 1292 2755 inter

92 2756 312 2834 Dyrrachium
337 2766 369 2817 et
388 2757 622 2829 Brundusium,
643 2778 704 2838 per
725 2757 892 2818 latissimas
914 2758 1024 2835 superi
1045 2757 1196 2840 aequoris
1217 2758 1293 2817 fau·
1373 2800 1377 2809 ,

92 2860 145 2898 ces
166 2839 205 2899 ad
227 2840 498 2917 Septemtrionem
522 2859 714 2911 conversus,
736 2839 813 2898 hinc
834 2840 996 2901 Dalmatas
1018 2840 1178 2923 linquens,
1203 2838 1292 2918 llly-

92 2920 180 2981 ricos
201 2943 238 2982 ac
259 2922 438 2995 Liburnos;
460 2922 551 2983 illinc
567 2921 690 3001 Apulos
705 2929 800 3002 atque
814 2920 985 2995 Picenum,
1009 2923 1049 2982 ad
1064 2933 1162 3003 caput
1177 2923 1292 2983 Adria-

92 3003 152 3063 tici
174 3004 270 3063 maris
291 3025 419 3065 cursum
440 3005 565 3077 tenuit,
589 3013 638 3076 et,
660 3003 775 3065 relicto
798 3025 957 3085 aequore,
973 3002 1114 3066 adverso
1136 3005 1290 3079 iluiuine,

94 3086 183 3166 quod
204 3087 368 3147 Brentesio
390 3087 529 3158 dicitur,
560 3106 687 3147 sursum
709 3087 926 3159 contendens,
946 3092 1035 3148 terra
1056 3089 1200 3169 potitus,
1232 3107 1290 3148 se·-

95 3169 167 3229 dem
193 3169 256 3229 sibi
285 3170 416 3251 suisque
445 3169 563 3253 elegit:
596 3179 628 3231 et
655 3169 842 3249 expugnatis
872 3168 1049 3252 Euganeis,
1083 3172 1139 3253 qui
1163 3180 1292 3231 tumea

46 3269 48 3273 ’
94 3250 279 3318 incolebant
309 3252 400 3325 loca,
430 3252 598 3313 Patavium
628 3251 786 3315 condidit.
829 3253 861 3313 Is
883 3253 968 3312 inter
989 3262 1113 3314 ceteros
1134 3253 1289 3327 comites,

93 3331 272 3395 Raetorum
293 3334 532 3397 multitudinem
553 3355 757 3396 numerosam
776 3354 884 3397 secum
905 3334 1051 3407 duxerat,
1073 3338 1129 3419 qui
1148 3334 1293 3418 Paphla-

95 3418 192 3498 gonia
225 3417 307 3490 orti,
339 3418 445 3500 patria
474 3417 582 3500 pulsi,
609 3416 731 3478 exsules
759 3416 800 3479 ad
826 3418 981 3490 Troiam,
1010 3439 1091 3499 quae
1112 3420 1198 3481 bello
1222 3428 1291 3479 tum

94 3499 282 3572 laborabat,
311 3509 546 3562 concesserant.
579 3491 639 3561 'Hi
669 3501 704 3561 in
731 3503 881 3581 proxima
913 3494 1125 3564 finitimorum
1157 3502 1290 3582 praedia
1403 3534 1406 3539 ·

94 3582 192 3662 longe
211 3581 339 3663 lateque
360 3583 487 3656 diffusi,
510 3582 586 3664 quia
606 3582 814 3645 multitudine
835 3592 948 3646 cuncta
969 3585 1227 3662 conspleverant,
1252 3604 1290 3642 cx

96 3685 130 3724 se
162 3663 310 3744 gentibus
341 3685 459 3726 nomen
490 3663 629 3737 dedere,
657 3673 690 3726 et
720 3667 875 3728 Venetiae
903 3665 992 3744 regio
1015 3665 1113 3726 dicta.
1155 3670 1205 3727 De
1225 3665 1293 3728 hoc

96 3746 270 3809 Antenoris
291 3744 428 3813 adventu
448 3746 495 3806 sic
515 3746 662 3807 meminit
682 3746 840 3832 Virgilius
863 3753 938 3827 [Aen.
955 3769 978 3826 1,
989 3776 1042 3832 242
1057 3751 1149 3838 sqq.]:

177 3830 324 3911 Antenor
339 3834 468 3909 potuit,
493 3828 604 3889 medti's
623 3828 750 3911 elapsus
770 3830 921 3904 Achiuis,

176 3906 322 3989 Illybicos
337 3924 508 3990 penetrare
528 3915 614 3971 sinus
633 3923 729 3994 atque
749 3915 864 3973 sittim
883 3924 972 3975 tutus

177 4000 294 4074 Regna
313 3995 547 4067 lr'burnorum,
570 3995 743 4073 etsontcm
762 4017 912 4065 superare
938 4000 1078 4060 Timaui:

184 4076 268 4135 Unde
285 4099 344 4157 per
364 4099 425 4136 ora
445 4100 555 4141 nouem
575 4088 664 4143 casto
685 4098 757 4139 cum
776 4101 939 4138 murmure
958 4085 1076 4140 montis

179 4162 212 4218 It
231 4180 322 4218 mure
337 4173 565 4243 praeruptum,
587 4171 620 4218 et
634 4160 753 4240 pelago
769 4165 888 4241 premit
910 4183 991 4224 aruc
1011 4164 1149 4225 ,sonanti

179 4244 242 4300 Hic
262 4254 370 4302 tamen
389 4244 444 4302 ille
464 4243 572 4305 urbem
592 4247 715 4304 Pataui
723 4287 732 4312 2
753 4243 898 4325 sedesque
916 4243 1037 4309 locavit

183 4326 396 4397 Teucrorum
419 4337 452 4386 et
469 4332 564 4408 genti
580 4347 692 4383 nomen
712 4322 813 4398 dedit,
838 4329 1088 4407 armoquefiait

187 4411 298 4480 Troia3
321 4429 403 4468 nunc
418 4408 551 4489 placido
575 4417 752 4488 compostus
769 4430 852 4487 poce
876 4413 1018 4490 quiescit.

140 4487 201 4547 XI.
220 4488 304 4550 *Hoc
327 4490 421 4569 loco,
444 4491 628 4571 Imperator
651 4489 804 4562 maxime,
827 4513 925 4572 quum
947 4499 1001 4561 te,
1031 4511 1186 4572 persaepe
1209 4490 1292 4551 nlti-

96 4570 212 4657 loquio
235 4579 292 4633 tuo
313 4564 534 4648 disserentem,
557 4570 706 4633 dubitare
731 4573 1036 4649 animadvertissem,
1059 4573 1147 4657 qnod
1169 4572 1294 4658 insigne
