2850 4958
36 282 41 299 ’
124 326 231 388 seusu

126 469 265 534 Florum
287 469 462 555 depravata
483 469 740 537 declamatorum
762 470 876 536 aetatla
896 490 973 536 suaa
994 466 1125 534 dicendi
1140 465 1380 534 consuetudine

127 554 341 638 depravatum
365 554 503 617 multum
535 555 707 620 desciuisse
728 557 875 619 auctiva
905 556 960 617 ilia
990 564 1023 616 'et
1054 556 1197 616 infucata
1226 554 1381 614 castitate

130 647 163 700 et
185 637 329 700 candore
360 640 529 703 sermonis
566 638 697 716 Latini,
731 640 789 723 qui
811 641 845 702 in
868 638 1012 701 Tulliani
1034 647 1068 700 et
1093 639 1252 722 Augustei
1273 635 1379 698 seculi

128 721 348 804 scriptoribus
369 722 521 806 effulget3
544 722 693 808 alioquin
716 744 790 786 eum
813 742 882 785 esse
901 743 969 783 non
988 721 1086 806 plane
1107 719 1380 783 centemnendum

124 802 288 867 historiae
317 806 482 868 Romanae
513 807 788 887 epitomatorem,
817 807 953 892 dignum
985 826 1077 878 eum,
1111 804 1166 887 qui
1196 825 1213 864 a
1240 804 1377 886 pueris,

125 886 262 961 Brevem
285 895 317 949 et
339 888 476 963 florida,
500 886 666 953 interdum
691 891 843 975 poetica,
866 889 1013 952 dictione
1034 886 1250 970 compositam
1274 888 1388 971 histo·¹

125 972 211 1034 riam
230 990 343 1033 rerum
365 994 383 1032 a
405 972 558 1034 Romania
579 983 764 1056 gestarum,
797 973 902 1057 qualis
933 980 983 1034 cst
1011 972 1123 1046 Flori,
1145 970 1374 1032 desideranti-

123 1052 206 1133 bus,
229 1056 374 1119 studiose
395 1055 548 1141 legatur.¹
580 1057 702 1120 Mirum
727 1057 774 1122 cl.
797 1056 956 1122 salmasio
977 1054 1122 1128 ridetur,
1148 1055 1377 1117 Grammaticis

123 1145 193 1197 tam
215 1137 354 1201 invisum
383 1160 452 1203 esse
477 1137 545 1203 icoo
569 1138 664 1204 Flori
688 1163 793 1225 opus,
820 1149 1038 1224 utnusquam
1059 1137 1185 1220 aliquid
1208 1156 1248 1199 ex
1270 1157 1310 1198 eo
1333 1137 1375 1223 ad

123 1220 350 1286 testimonium
380 1224 493 1287 citent.
536 1222 616 1286 Eius
645 1233 754 1286 tamen
775 1223 939 1296 imitatio,
969 1243 1053 1307 quae
1072 1222 1150 1285 inde
1169 1243 1188 1282 a
1209 1220 1376 1287 tornando

122 1302 159 1367 in
180 1304 300 1373 multis¹
321 1304 489 1369 historiae
504 1304 727 1371 recentiorum
751 1311 922 1371 nationum
942 1305 1147 1389 compendiis
1168 1312 1317 1390 apparet,
1341 1311 1377 1366 et

124 1384 310 1450 editionum
333 1388 511 1453 multitudo
537 1390 678 1467 docent,
701 1412 774 1454 eum
796 1416 813 1454 a
835 1390 948 1454 multis
970 1399 1002 1452 et
1025 1389 1178 1453 omnihus
1201 1388 1375 1471 tempori-

123 1468 187 1533 dtus
208 1472 342 1554 quidem
362 1471 484 1536 lectum
505 1475 604 1536 fuisse
627 1484 659 1537 ct
680 1474 788 1537 adhuc
805 1475 883 1561 legi.
1327 1482 1329 1489 '

164 1552 324 1641 Princeps
344 1555 439 1621 Flori
460 1556 562 1621 editio
586 1565 636 1620 est
653 1561 849 1623 Parisiensis
877 1558 947 1621 sine
967 1554 1148 1640 temporis,
1172 1552 1240 1616 looi
1262 1563 1294 1614 et
1315 1561 1373 1637 ty·
1416 1598 1419 1623 ,

122 1636 290 1723 pographi
319 1649 423 1716 uota,
453 1661 525 1704 our.
552 1641 638 1704 nob.
668 1645 831 1726 Gaguino.
856 1644 1008 1724 (deneng)
1029 1643 1064 1702 in
1084 1641 1116 1716 4.
1159 1637 1311 1698 Pertinet
1332 1636 1373 1699 ad
1414 1656 1419 1713 ξ

109 1740 243 1784 annum
276 1723 507 1812 μίγα-1479.
550 1724 680 1789 Deinde
709 1734 839 1788 secutae
865 1735 942 1787 sunt
967 1724 1127 1789 editiones
1152 1723 1371 1796 coloniensis,
1415 1724 1418 1729 '

121 1823 149 1866 s.
172 1826 202 1865 a.
224 1803 249 1867 l.
275 1815 308 1870 et
326 1815 460 1892 typogr.
493 1815 647 1871 Romana
671 1830 733 1892 per
764 1810 864 1870 Conr.
887 1805 1095 1890 Sweynheim
1117 1813 1149 1866 et
1170 1803 1252 1865 Arn.
1275 1804 1371 1879 Pan-

119 1895 224 1948 narta.
251 1890 341 1976 1472.
365 1893 539 1973 Lipsiensis
563 1889 652 1976 1487.
686 1892 875 1952 Florentino
905 1912 944 1952 ex
965 1898 1098 1973 typogr.
1121 1887 1210 1950 Phil.
1240 1887 1368 1963 luntas.
1415 1958 1418 1963 ¹

52 1968 57 1975 '
121 1967 153 2031 8.
180 1967 271 2035 1510.
314 1974 443 2037 Deinde
473 1972 670 2037 exstiterunt
698 1974 733 2035 hi
765 1974 926 2035 editores:
949 1979 998 2034 Io·
1024 1977 1176 2034 Ricutius
1203 1973 1371 2046 Vellznus,

121 2053 222 2135 vulgo
255 2054 363 2118 dictus
399 2060 541 2131 Camers,
564 2056 723 2120 Viennae.
749 2054 841 2120 1511.
864 2057 897 2133 4.
928 2058 1019 2119 Elias
1046 2059 1200 2129 Vanetus,
1230 2052 1376 2118 Pictoris

125 2131 218 2216 1554.
241 2140 274 2217 4.
304 2145 354 2206 Io.
378 2138 528 2214 madius,
551 2137 751 2222 Antverpiae
775 2161 814 2203 ex
835 2139 889 2203 off.
914 2139 1121 2201 Plautiniana
1144 2135 1237 2225 1567.
1260 2135 1291 2203 8.
1322 2142 1374 2223 Io.

119 2218 374 2298 minamine,
403 2222 616 2308 Argentorati
641 2224 730 2287 1632.
753 2223 785 2286 8.
823 2225 857 2285 C.
882 2227 924 2307 A.
952 2223 1139 2323 Ductores,
1173 2220 1278 2322 Ifugd.
1302 2222 1375 2285 Bat.

123 2306 558 2477 tt2;.1¹.⁷t¹·.,²d⁰ti¹·1⁸02
580 2305 1208 2477 idianitfttts.fitttft.
1225 2303 1375 2470 tint

117 2472 196 2532 tina
219 2476 336 2535 Societ.
360 2474 451 2558 1785.
469 2472 520 2535 ed.
536 2492 600 2536 sec.
625 2473 715 2537 1810.
734 2474 765 2537 8.
787 2475 909 2536 Nostro
932 2472 1061 2535 saeculo
1083 2471 1123 2534 de
1142 2472 1246 2535 Floro
1261 2472 1376 2549 mjeriti

122 2565 200 2616 sunt
221 2560 337 2618 Dana.
364 2559 475 2621 Nicol.
499 2559 634 2632 Titzim,
656 2558 781 2641 Progne
806 2556 895 2642 1819.
923 2557 953 2618 8.
978 2555 1165 2629 Serbodius,
1189 2557 1376 2618 Hannone·

123 2658 181 2699 rae
206 2637 296 2702 1818.
329 2640 542 2709 Germanicae
556 2643 722 2703 versiones
742 2642 847 2703 factae
861 2651 966 2702 sunta
984 2641 1019 2700 C.
1037 2641 1074 2700 F.
1093 2639 1374 2714 Kretschmanno,
1417 2680 1419 2685 -

122 2719 254 2803 Lipsiae
277 2721 370 2810 1785.
392 2725 421 2787 8.
445 2732 478 2786 et
501 2746 519 2786 a
539 2724 722 2805 Bertrando
749 2724 904 2785 Francos.
928 2723 967 2784 ad
993 2724 1038 2783 M.
1073 2722 1163 2808 1789.
1195 2722 1225 2785 8.
1256 2720 1375 2783 Accu·

123 2805 320 2868 ratissimam
340 2806 381 2870 de
404 2806 498 2870 Flori
518 2813 605 2883 vita,
632 2817 737 2870 aetate
749 2806 914 2889 ,scriptis
940 2806 1202 2887 disquisitionem
1228 2806 1375 2870 instituit

114 2892 160 2948 “tt
190 2893 234 2950 Ν.
271 2893 395 2954 Titzius
420 2891 454 2952 in
482 2890 617 2968 libello,
653 2892 706 2954 oui
737 2890 853 2953 titulus
883 2899 954 2959 ests,
985 2896 1036 2952 De
1058 2893 1222 2973 Epitomeo
1247 2896 1399 2961 Rerum'

81 3026 84 3033 .
123 2978 368 3050 Romanarum,
391 2996 474 3061 quae
492 2977 549 3036 sud
571 2981 698 3039 nomine
720 2980 759 3036 L.
785 2977 917 3036 Annaei
936 2977 1002 3039 σίνε
1026 2974 1122 3036 Flora·
1144 2978 1212 3038 sire
1234 2975 1376 3033 Senecae

109 3052 245 3134 fertur,
265 3070 376 3119 aetate
390 3058 672 3143 probabilissima,
694 3080 770 3126 nero
792 3070 939 3130 astatore,
962 3062 1068 3139 operis
1087 3058 1216 3143 antiqui
1224 3054 1376 3136 forma,

130 3140 360 3222 Quaestionum
381 3162 538 3208 novarum
558 3142 655 3204 Libri
671 3147 733 3204 ΙΙΙ.
757 3139 863 3203 Lincii
886 3138 976 3218 1804.
1004 3139 1035 3202 8.

392 3301 1101 3347 &Mum
1132 3324 1134 3328 v

382 3734 385 3739 ¹
497 3645 581 3722 DE
627 3482 994 3725 ΕῌΓῘΒΟΡῙΟ.

124 3869 405 4051 Da‘Eutropii
426 3967 588 4032 natalibus
608 3969 765 4053 etpatria
790 3966 877 4029 nihil
895 3969 977 4033 certi
999 3964 1144 4046 constat3
1169 3960 1371 4047 coniecturis

129 4061 162 4113 et
186 4052 398 4135 opinionibus
422 4052 591 4127 nituntur,
624 4075 714 4136 quae·
734 4053 775 4116 de
795 4074 835 4117 eo
857 4054 1021 4117 feruntur.
1063 4058 1191 4117 Nomen
1212 4052 1370 4141 Eutropii

126 4136 283 4198 Graecam
304 4136 465 4227 originem
483 4137 619 4221 prodit,
633 4145 666 4197 et
683 4135 764 4198 licet
781 4134 937 4220 Eutropii
954 4139 1088 4222 quidam
1107 4161 1124 4198 a
1144 4138 1274 4200 saeculo
1293 4140 1372 4219 iude

127 4228 250 4301 quarto·
273 4220 307 4281 in
338 4221 483 4282 Romana
511 4217 651 4283 historia
685 4219 839 4301 prodire,
857 4224 1053 4302 coeperint,
1087 4233 1194 4283 tamen
1232 4221 1372 4301 dubium

127 4312 237 4363 manet
256 4313 288 4365 et
307 4305 487 4375 incertum,
514 4326 554 4364 an
579 4311 692 4363 noster
711 4301 891 4386 Eutropius
913 4306 1000 4368 inter
1020 4326 1075 4368 eos
1090 4305 1369 4390 inveniripossit.

110 4382 231 4447 'Flavii
253 4408 452 4468 praenomen
476 4386 640 4468 Eutropio
667 4385 792 4446 cuidam
817 4388 948 4450 Consuli
969 4392 1007 4450 iu·
1022 4390 1126 4451 Fastis
1140 4388 1374 4472 praeponitur.

124 4467 160 4527 Si
184 4471 318 4533 credere
338 4470 417 4532 licet
440 4469 612 4537 Anonrmo
639 4469 671 4528 in
697 4469 956 4551 Antiquitatibus
978 4471 1370 4556 Constantinopoiitanis,

114 4550 414 4639 'incoroitoypoiqiog
447 4556 503 4615 seu
535 4534 733 4635 Epistoloris
769 4556 972 4637 Constantini
997 4540 1085 4638 ⁷1mp.
1119 4557 1195 4635 fuit.
1236 4554 1374 4618 'Deinde

128 4632 292 4698 lulianum
327 4639 410 4722 imp.
440 4635 586 4698 ‘Parthis
620 4636 744 4731 pellam
776 4637 993 4716 inferentem,
1020 4641 1297 4715 comitatusestt
1317 4641 1375 4705 cui
