<?xml version="1.0" encoding="UTF-8"?>
<!DOCTYPE html PUBLIC "-//W3C//DTD XHTML 1.0 Transitional//EN"
    "http://www.w3.org/TR/xhtml1/DTD/xhtml1-transitional.dtd">
<html xmlns="http://www.w3.org/1999/xhtml" xml:lang="en" lang="en">
 <head>
  <title>
</title>
<meta http-equiv="Content-Type" content="text/html;charset=utf-8" />
  <meta name='ocr-system' content='tesseract 3.04.00' />
  <meta name='ocr-capabilities' content='ocr_page ocr_carea ocr_par ocr_line ocrx_word'/>
</head>
<body>
  <div class='ocr_page' id='page_1' title='image "./scriptoreshisto00fiedgoog_0211.png"; bbox 0 0 2850 4958; ppageno 0'>
   <div class='ocr_carea' id='block_1_1' title="bbox 109 284 869 380">
    <p class='ocr_par' dir='ltr' id='par_1_1' title="bbox 1 284 869 400">
     <span class='ocr_line' id='line_1_1' title="bbox 109 284 869 380; baseline -0.001 -3.124"><span class='ocrx_word' id='word_1_1' title='bbox 109 296 179 378; x_wconf 84' lang='lat' dir='ltr'><strong>rtts</strong></span> <span class='ocrx_word' id='word_1_2' title='bbox 530 334 536 351; x_wconf 91' lang='lat'><em>·</em></span> <span class='ocrx_word' id='word_1_3' title='bbox 586 284 869 380; x_wconf 74' lang='lat' dir='ltr'><strong>sunosn&#39;</strong></span> 
     </span>
    </p>
   </div>
   <div class='ocr_carea' id='block_1_2' title="bbox 100 448 1321 1131">
    <p class='ocr_par' dir='ltr' id='par_1_2' title="bbox 101 448 1289 719">
     <span class='ocr_line' id='line_1_2' title="bbox 102 448 1289 553; baseline 0.004 -23"><span class='ocrx_word' id='word_1_4' title='bbox 102 467 180 542; x_wconf 83' lang='lat' dir='ltr'><strong>bia,</strong></span> <span class='ocrx_word' id='word_1_5' title='bbox 211 448 434 552; x_wconf 70' lang='lat' dir='ltr'><strong>quiquidem</strong></span> <span class='ocrx_word' id='word_1_6' title='bbox 464 463 616 531; x_wconf 72' lang='lat' dir='ltr'><strong>Tetricus</strong></span> <span class='ocrx_word' id='word_1_7' title='bbox 646 470 819 532; x_wconf 76' lang='lat' dir='ltr'><strong>corrector</strong></span> <span class='ocrx_word' id='word_1_8' title='bbox 838 464 998 530; x_wconf 74' lang='lat' dir='ltr'><strong>Eucanise</strong></span> <span class='ocrx_word' id='word_1_9' title='bbox 1018 464 1136 553; x_wconf 69' lang='lat' dir='ltr'><strong>po‘stts</strong></span> <span class='ocrx_word' id='word_1_10' title='bbox 1161 460 1244 545; x_wconf 72' lang='lat' dir='ltr'><strong>fuit,</strong></span> <span class='ocrx_word' id='word_1_11' title='bbox 1258 480 1289 535; x_wconf 78' lang='lat' dir='ltr'><strong>&#39;u</strong></span> 
     </span>
     <span class='ocr_line' id='line_1_3' title="bbox 101 548 1289 638; baseline 0.007 -26"><span class='ocrx_word' id='word_1_12' title='bbox 101 551 249 635; x_wconf 82' lang='lat' dir='ltr'><strong>privatus</strong></span> <span class='ocrx_word' id='word_1_13' title='bbox 271 548 452 614; x_wconf 81' lang='lat' dir='ltr'><strong>diutissime</strong></span> <span class='ocrx_word' id='word_1_14' title='bbox 476 551 570 614; x_wconf 79' lang='lat' dir='ltr'><strong>vixit.</strong></span> <span class='ocrx_word' id='word_1_15' title='bbox 611 551 755 614; x_wconf 83' lang='lat' dir='ltr'><strong>Zenobia</strong></span> <span class='ocrx_word' id='word_1_16' title='bbox 785 559 893 614; x_wconf 82' lang='lat' dir='ltr'><strong>antem</strong></span> <span class='ocrx_word' id='word_1_17' title='bbox 919 557 1072 635; x_wconf 87' lang='lat' dir='ltr'><strong>posteros</strong></span> <span class='ocrx_word' id='word_1_18' title='bbox 1086 552 1100 628; x_wconf 78' lang='lat'><strong>,&#39;</strong></span> <span class='ocrx_word' id='word_1_19' title='bbox 1124 552 1185 638; x_wconf 90' lang='lat' dir='ltr'><strong>qui</strong></span> <span class='ocrx_word' id='word_1_20' title='bbox 1200 554 1289 621; x_wconf 77' lang='lat' dir='ltr'><strong>utta</strong></span> 
     </span>
     <span class='ocr_line' id='line_1_4' title="bbox 103 634 564 719; baseline 0.007 -26"><span class='ocrx_word' id='word_1_21' title='bbox 103 641 254 713; x_wconf 83' lang='lat' dir='ltr'><strong>manent,</strong></span> <span class='ocrx_word' id='word_1_22' title='bbox 276 636 397 696; x_wconf 85' lang='lat' dir='ltr'><strong>Romae</strong></span> <span class='ocrx_word' id='word_1_23' title='bbox 419 634 564 719; x_wconf 83' lang='lat' dir='ltr'><strong>reliquit.</strong></span> 
     </span>
    </p>

    <p class='ocr_par' dir='ltr' id='par_1_3' title="bbox 100 716 1321 1131">
     <span class='ocr_line' id='line_1_5' title="bbox 142 716 1295 800; baseline 0.005 -24"><span class='ocrx_word' id='word_1_24' title='bbox 142 716 235 779; x_wconf 79' lang='lat' dir='ltr'><strong>xlv,</strong></span> <span class='ocrx_word' id='word_1_25' title='bbox 268 719 340 779; x_wconf 86' lang='lat' dir='ltr'><strong>Hoc</strong></span> <span class='ocrx_word' id='word_1_26' title='bbox 362 718 541 800; x_wconf 80' lang='lat' dir='ltr'>imperante</span> <span class='ocrx_word' id='word_1_27' title='bbox 562 718 660 779; x_wconf 87' lang='lat' dir='ltr'><strong>etiain</strong></span> <span class='ocrx_word' id='word_1_28' title='bbox 681 716 854 779; x_wconf 86' lang='lat' dir='ltr'><strong>monetarii</strong></span> <span class='ocrx_word' id='word_1_29' title='bbox 876 716 910 778; x_wconf 90' lang='lat' dir='ltr'><strong>iu</strong></span> <span class='ocrx_word' id='word_1_30' title='bbox 930 716 1024 778; x_wconf 89' lang='lat' dir='ltr'><strong>Urbe</strong></span> <span class='ocrx_word' id='word_1_31' title='bbox 1047 716 1295 799; x_wconf 83' lang='lat' dir='ltr'><strong>rebellaverunt,</strong></span> 
     </span>
     <span class='ocr_line' id='line_1_6' title="bbox 101 798 1285 883; baseline 0.008 -25"><span class='ocrx_word' id='word_1_32' title='bbox 101 798 223 860; x_wconf 84' lang='lat' dir='ltr'><strong>vitiatis</strong></span> <span class='ocrx_word' id='word_1_33' title='bbox 242 801 409 882; x_wconf 84' lang='lat' dir='ltr'><strong>pecuniis,</strong></span> <span class='ocrx_word' id='word_1_34' title='bbox 434 809 466 861; x_wconf 92' lang='lat' dir='ltr'><strong>et</strong></span> <span class='ocrx_word' id='word_1_35' title='bbox 486 800 688 863; x_wconf 79' lang='lat' dir='ltr'><strong>Felicissimo</strong></span> <span class='ocrx_word' id='word_1_36' title='bbox 710 799 863 863; x_wconf 89' lang='lat' dir='ltr'><strong>rationali</strong></span> <span class='ocrx_word' id='word_1_37' title='bbox 885 800 1071 861; x_wconf 88' lang='lat' dir='ltr'><strong>interfecto:</strong></span> <span class='ocrx_word' id='word_1_38' title='bbox 1097 810 1183 883; x_wconf 80' lang='lat' dir='ltr'><strong>quos</strong></span> <span class='ocrx_word' id='word_1_39' title='bbox 1203 804 1285 867; x_wconf 79' lang='lat' dir='ltr'><strong>Aure·</strong></span> 
     </span>
     <span class='ocr_line' id='line_1_7' title="bbox 100 879 1294 965; baseline 0.005 -22"><span class='ocrx_word' id='word_1_40' title='bbox 100 879 205 943; x_wconf 86' lang='lat' dir='ltr'><strong>lienus</strong></span> <span class='ocrx_word' id='word_1_41' title='bbox 236 883 339 945; x_wconf 86' lang='lat' dir='ltr'><strong>victos</strong></span> <span class='ocrx_word' id='word_1_42' title='bbox 367 882 480 944; x_wconf 90' lang='lat' dir='ltr'><strong>ultima</strong></span> <span class='ocrx_word' id='word_1_43' title='bbox 517 883 709 945; x_wconf 85' lang='lat' dir='ltr'><strong>crudelitate</strong></span> <span class='ocrx_word' id='word_1_44' title='bbox 740 883 960 965; x_wconf 80' lang='lat' dir='ltr'><strong>compescuit:</strong></span> <span class='ocrx_word' id='word_1_45' title='bbox 992 882 1156 964; x_wconf 89' lang='lat' dir='ltr'><strong>plurimos</strong></span> <span class='ocrx_word' id='word_1_46' title='bbox 1186 886 1294 959; x_wconf 74' lang='lat' dir='ltr'><strong>nobiles,</strong></span> 
     </span>
     <span class='ocr_line' id='line_1_8' title="bbox 100 962 1321 1065; baseline 0.002 -38"><span class='ocrx_word' id='word_1_47' title='bbox 100 966 207 1048; x_wconf 80' lang='lat' dir='ltr'><strong>capite</strong></span> <span class='ocrx_word' id='word_1_48' title='bbox 236 963 429 1027; x_wconf 72' lang='lat' dir='ltr'><strong>danmavitt&#39;</strong></span> <span class='ocrx_word' id='word_1_49' title='bbox 450 987 561 1028; x_wconf 88' lang='lat' dir='ltr'><strong>saevus</strong></span> <span class='ocrx_word' id='word_1_50' title='bbox 589 974 621 1027; x_wconf 87' lang='lat' dir='ltr'><strong>et</strong></span> <span class='ocrx_word' id='word_1_51' title='bbox 651 966 896 1051; x_wconf 78' lang='lat' dir='ltr'><strong>sanguinarius,</strong></span> <span class='ocrx_word' id='word_1_52' title='bbox 926 986 963 1025; x_wconf 87' lang='lat' dir='ltr'><strong>ac</strong></span> <span class='ocrx_word' id='word_1_53' title='bbox 984 962 1187 1029; x_wconf 89' lang='lat' dir='ltr'><strong>necessarius</strong></span> <span class='ocrx_word' id='word_1_54' title='bbox 1207 970 1321 1065; x_wconf 46' lang='lat' dir='ltr'><strong>mq&#39;sq</strong></span> 
     </span>
     <span class='ocr_line' id='line_1_9' title="bbox 102 1046 1289 1131; baseline 0.005 -22"><span class='ocrx_word' id='word_1_55' title='bbox 102 1046 138 1109; x_wconf 84' lang='lat' dir='ltr'><strong>in</strong></span> <span class='ocrx_word' id='word_1_56' title='bbox 169 1048 383 1131; x_wconf 88' lang='lat' dir='ltr'><strong>quibusdam,</strong></span> <span class='ocrx_word' id='word_1_57' title='bbox 415 1070 512 1130; x_wconf 88' lang='lat' dir='ltr'><strong>quum</strong></span> <span class='ocrx_word' id='word_1_58' title='bbox 545 1050 578 1110; x_wconf 92' lang='lat' dir='ltr'><strong>in</strong></span> <span class='ocrx_word' id='word_1_59' title='bbox 609 1048 676 1129; x_wconf 83' lang='lat' dir='ltr'><strong>ullo</strong></span> <span class='ocrx_word' id='word_1_60' title='bbox 709 1048 856 1110; x_wconf 86' lang='lat' dir='ltr'><strong>amabilis</strong></span> <span class='ocrx_word' id='word_1_61' title='bbox 883 1051 1092 1130; x_wconf 88' lang='lat' dir='ltr'><strong>Imperator,</strong></span> <span class='ocrx_word' id='word_1_62' title='bbox 1123 1050 1289 1115; x_wconf 71' lang='lat' dir='ltr'><strong>trutanni.—</strong></span> 
     </span>
    </p>
   </div>
   <div class='ocr_carea' id='block_1_3' title="bbox 4 1130 1320 1213">
    <p class='ocr_par' dir='ltr' id='par_1_4' title="bbox 4 1130 1320 1213">
     <span class='ocr_line' id='line_1_10' title="bbox 4 1130 1320 1213; baseline 0.003 -21"><span class='ocrx_word' id='word_1_63' title='bbox 4 1198 8 1203; x_wconf 60' lang='grc'><strong>,</strong></span> <span class='ocrx_word' id='word_1_64' title='bbox 100 1136 269 1213; x_wconf 85' lang='lat' dir='ltr'><strong>tempore,</strong></span> <span class='ocrx_word' id='word_1_65' title='bbox 293 1133 389 1193; x_wconf 87' lang='lat' dir='ltr'><strong>etiam</strong></span> <span class='ocrx_word' id='word_1_66' title='bbox 411 1134 471 1194; x_wconf 86' lang='lat' dir='ltr'><strong>tilii</strong></span> <span class='ocrx_word' id='word_1_67' title='bbox 493 1132 618 1195; x_wconf 86' lang='lat' dir='ltr'><strong>sororis</strong></span> <span class='ocrx_word' id='word_1_68' title='bbox 639 1132 854 1194; x_wconf 81' lang='lat' dir='ltr'><strong>interfector:</strong></span> <span class='ocrx_word' id='word_1_69' title='bbox 878 1130 1069 1213; x_wconf 87' lang='lat' dir='ltr'><strong>disciplinae</strong></span> <span class='ocrx_word' id='word_1_70' title='bbox 1089 1132 1279 1197; x_wconf 87' lang='lat' dir='ltr'><strong>tamenmili·</strong></span> <span class='ocrx_word' id='word_1_71' title='bbox 1317 1148 1320 1160; x_wconf 91' lang='grc'><strong><em>·</em></strong></span> 
     </span>
    </p>
   </div>
   <div class='ocr_carea' id='block_1_4' title="bbox 24 1214 1321 4699">
    <p class='ocr_par' dir='ltr' id='par_1_5' title="bbox 99 1214 1180 1298">
     <span class='ocr_line' id='line_1_11' title="bbox 99 1214 1180 1298; baseline 0.005 -25"><span class='ocrx_word' id='word_1_72' title='bbox 99 1214 202 1288; x_wconf 89' lang='lat' dir='ltr'><strong>taris,</strong></span> <span class='ocrx_word' id='word_1_73' title='bbox 225 1222 258 1276; x_wconf 84' lang='lat' dir='ltr'><strong>et</strong></span> <span class='ocrx_word' id='word_1_74' title='bbox 278 1235 407 1276; x_wconf 90' lang='lat' dir='ltr'><strong>morum</strong></span> <span class='ocrx_word' id='word_1_75' title='bbox 426 1216 660 1277; x_wconf 86' lang='lat' dir='ltr'><strong>dissolutorum</strong></span> <span class='ocrx_word' id='word_1_76' title='bbox 681 1236 795 1298; x_wconf 81' lang='lat' dir='ltr'><strong>magna</strong></span> <span class='ocrx_word' id='word_1_77' title='bbox 817 1224 971 1298; x_wconf 73' lang='lat' dir='ltr'><strong>exparte</strong></span> <span class='ocrx_word' id='word_1_78' title='bbox 993 1224 1180 1278; x_wconf 88' lang='lat' dir='ltr'><strong>corrector.</strong></span> 
     </span>
    </p>

    <p class='ocr_par' dir='ltr' id='par_1_6' title="bbox 24 1294 1321 2542">
     <span class='ocr_line' id='line_1_12' title="bbox 142 1294 1321 1380; baseline 0.002 -23"><span class='ocrx_word' id='word_1_79' title='bbox 142 1295 218 1357; x_wconf 86' lang='lat' dir='ltr'><strong>XV.</strong></span> <span class='ocrx_word' id='word_1_80' title='bbox 248 1297 372 1359; x_wconf 85' lang='lat' dir='ltr'><strong>Urbem</strong></span> <span class='ocrx_word' id='word_1_81' title='bbox 394 1299 529 1360; x_wconf 88' lang='lat' dir='ltr'><strong>Romam</strong></span> <span class='ocrx_word' id='word_1_82' title='bbox 552 1299 652 1361; x_wconf 88' lang='lat' dir='ltr'><strong>muris</strong></span> <span class='ocrx_word' id='word_1_83' title='bbox 675 1296 877 1359; x_wconf 85' lang='lat' dir='ltr'><strong>firmioribus</strong></span> <span class='ocrx_word' id='word_1_84' title='bbox 905 1297 1027 1359; x_wconf 82' lang='lat' dir='ltr'><strong>cinxit:</strong></span> <span class='ocrx_word' id='word_1_85' title='bbox 1057 1299 1214 1380; x_wconf 86' lang='lat' dir='ltr'><strong>templum</strong></span> <span class='ocrx_word' id='word_1_86' title='bbox 1228 1294 1275 1359; x_wconf 78' lang='lat' dir='ltr'><strong>stt</strong></span> <span class='ocrx_word' id='word_1_87' title='bbox 1303 1328 1321 1369; x_wconf 63' lang='lat' dir='ltr'><strong>a,</strong></span> 
     </span>
     <span class='ocr_line' id='line_1_13' title="bbox 99 1378 1321 1465; baseline 0.006 -26"><span class='ocrx_word' id='word_1_88' title='bbox 99 1378 293 1452; x_wconf 87' lang='lat' dir='ltr'><strong>aedificavit,</strong></span> <span class='ocrx_word' id='word_1_89' title='bbox 316 1381 347 1441; x_wconf 93' lang='lat' dir='ltr'><strong>in</strong></span> <span class='ocrx_word' id='word_1_90' title='bbox 370 1403 435 1465; x_wconf 92' lang='lat' dir='ltr'><strong>quo</strong></span> <span class='ocrx_word' id='word_1_91' title='bbox 459 1380 618 1441; x_wconf 88' lang='lat' dir='ltr'><strong>infinitum</strong></span> <span class='ocrx_word' id='word_1_92' title='bbox 641 1381 714 1442; x_wconf 87' lang='lat' dir='ltr'><strong>auri</strong></span> <span class='ocrx_word' id='word_1_93' title='bbox 735 1400 999 1464; x_wconf 81' lang='lat' dir='ltr'><strong>gemmarumque</strong></span> <span class='ocrx_word' id='word_1_94' title='bbox 1015 1382 1196 1445; x_wconf 84' lang='lat' dir='ltr'><strong>constituit.</strong></span> <span class='ocrx_word' id='word_1_95' title='bbox 1214 1380 1275 1447; x_wconf 78' lang='lat' dir='ltr'><strong>Pro.-</strong></span> <span class='ocrx_word' id='word_1_96' title='bbox 1302 1410 1321 1451; x_wconf 84' lang='lat' dir='ltr'><strong>m</strong></span> 
     </span>
     <span class='ocr_line' id='line_1_14' title="bbox 54 1454 1320 1547; baseline 0.002 -24"><span class='ocrx_word' id='word_1_97' title='bbox 54 1454 66 1475; x_wconf 74' lang='lat'>⁸</span> <span class='ocrx_word' id='word_1_98' title='bbox 98 1462 239 1543; x_wconf 75' lang='lat' dir='ltr'><strong>vinciam</strong></span> <span class='ocrx_word' id='word_1_99' title='bbox 259 1464 405 1538; x_wconf 81' lang='lat' dir='ltr'><strong>Daciam,</strong></span> <span class='ocrx_word' id='word_1_100' title='bbox 429 1486 525 1547; x_wconf 90' lang='lat' dir='ltr'><strong>quam</strong></span> <span class='ocrx_word' id='word_1_101' title='bbox 549 1464 707 1525; x_wconf 83' lang='lat' dir='ltr'><strong>Traianus</strong></span> <span class='ocrx_word' id='word_1_102' title='bbox 728 1463 814 1525; x_wconf 88' lang='lat' dir='ltr'><strong>ultra</strong></span> <span class='ocrx_word' id='word_1_103' title='bbox 835 1463 1022 1525; x_wconf 88' lang='lat' dir='ltr'><strong>Danubium</strong></span> <span class='ocrx_word' id='word_1_104' title='bbox 1043 1465 1181 1540; x_wconf 74' lang='lat' dir='ltr'><strong>fecerat,</strong></span> <span class='ocrx_word' id='word_1_105' title='bbox 1201 1465 1275 1526; x_wconf 77' lang='lat' dir='ltr'><strong>inter·</strong></span> <span class='ocrx_word' id='word_1_106' title='bbox 1315 1476 1320 1534; x_wconf 82' lang='lat' dir='ltr'><strong>i</strong></span> 
     </span>
     <span class='ocr_line' id='line_1_15' title="bbox 100 1546 1319 1631; baseline 0.005 -24"><span class='ocrx_word' id='word_1_107' title='bbox 100 1546 207 1620; x_wconf 86' lang='lat' dir='ltr'><strong>misit,</strong></span> <span class='ocrx_word' id='word_1_108' title='bbox 239 1555 361 1607; x_wconf 85' lang='lat' dir='ltr'><strong>vastato</strong></span> <span class='ocrx_word' id='word_1_109' title='bbox 396 1547 483 1608; x_wconf 89' lang='lat' dir='ltr'><strong>omni</strong></span> <span class='ocrx_word' id='word_1_110' title='bbox 514 1546 650 1629; x_wconf 77' lang='lat' dir='ltr'><strong>illyrico</strong></span> <span class='ocrx_word' id='word_1_111' title='bbox 683 1555 715 1607; x_wconf 88' lang='lat' dir='ltr'><strong>et</strong></span> <span class='ocrx_word' id='word_1_112' title='bbox 748 1546 889 1619; x_wconf 87' lang='lat' dir='ltr'><strong>Moesia,</strong></span> <span class='ocrx_word' id='word_1_113' title='bbox 921 1547 1094 1630; x_wconf 88' lang='lat' dir='ltr'><strong>desperans</strong></span> <span class='ocrx_word' id='word_1_114' title='bbox 1121 1568 1190 1609; x_wconf 89' lang='lat' dir='ltr'><strong>eam</strong></span> <span class='ocrx_word' id='word_1_115' title='bbox 1208 1566 1275 1631; x_wconf 78' lang='lat' dir='ltr'><strong>pust</strong></span> <span class='ocrx_word' id='word_1_116' title='bbox 1309 1581 1319 1614; x_wconf 81' lang='lat' dir='ltr'><strong>a</strong></span> 
     </span>
     <span class='ocr_line' id='line_1_16' title="bbox 100 1629 1321 1713; baseline 0 -22"><span class='ocrx_word' id='word_1_117' title='bbox 100 1629 255 1692; x_wconf 86' lang='lat' dir='ltr'><strong>retineri:</strong></span> <span class='ocrx_word' id='word_1_118' title='bbox 284 1629 506 1712; x_wconf 88' lang='lat' dir='ltr'><strong>abductosque</strong></span> <span class='ocrx_word' id='word_1_119' title='bbox 537 1631 700 1690; x_wconf 85' lang='lat' dir='ltr'><strong>Itomauos</strong></span> <span class='ocrx_word' id='word_1_120' title='bbox 729 1649 768 1705; x_wconf 77' lang='lat' dir='ltr'><strong>ex</strong></span> <span class='ocrx_word' id='word_1_121' title='bbox 790 1629 926 1690; x_wconf 77' lang='lat' dir='ltr'><strong>urbibus</strong></span> <span class='ocrx_word' id='word_1_122' title='bbox 948 1639 981 1690; x_wconf 93' lang='lat' dir='ltr'><strong>et</strong></span> <span class='ocrx_word' id='word_1_123' title='bbox 1005 1630 1092 1713; x_wconf 81' lang='lat' dir='ltr'><strong>agris</strong></span> <span class='ocrx_word' id='word_1_124' title='bbox 1120 1629 1276 1693; x_wconf 72' lang='lat' dir='ltr'><strong>Daciaeit</strong></span> <span class='ocrx_word' id='word_1_125' title='bbox 1317 1663 1321 1698; x_wconf 72' lang='grc' dir='ltr'>ι</span> 
     </span>
     <span class='ocr_line' id='line_1_17' title="bbox 100 1708 1320 1797; baseline 0.002 -26"><span class='ocrx_word' id='word_1_126' title='bbox 100 1712 206 1773; x_wconf 86' lang='lat' dir='ltr'><strong>suedia</strong></span> <span class='ocrx_word' id='word_1_127' title='bbox 227 1712 350 1774; x_wconf 88' lang='lat' dir='ltr'><strong>Moesia</strong></span> <span class='ocrx_word' id='word_1_128' title='bbox 372 1712 561 1775; x_wconf 82' lang='lat' dir='ltr'><strong>collocavit:</strong></span> <span class='ocrx_word' id='word_1_129' title='bbox 585 1710 824 1795; x_wconf 88' lang='lat' dir='ltr'><strong>appellavitque</strong></span> <span class='ocrx_word' id='word_1_130' title='bbox 846 1733 915 1772; x_wconf 91' lang='lat' dir='ltr'><strong>eam</strong></span> <span class='ocrx_word' id='word_1_131' title='bbox 937 1708 1090 1787; x_wconf 88' lang='lat' dir='ltr'><strong>Daciam,</strong></span> <span class='ocrx_word' id='word_1_132' title='bbox 1119 1730 1276 1797; x_wconf 82' lang='lat' dir='ltr'><strong>quaenunt</strong></span> <span class='ocrx_word' id='word_1_133' title='bbox 1313 1744 1320 1781; x_wconf 85' lang='lat'>1</span> 
     </span>
     <span class='ocr_line' id='line_1_18' title="bbox 99 1792 1321 1869; baseline 0.001 -14"><span class='ocrx_word' id='word_1_134' title='bbox 99 1792 179 1855; x_wconf 81' lang='lat' dir='ltr'><strong>duas</strong></span> <span class='ocrx_word' id='word_1_135' title='bbox 201 1795 339 1857; x_wconf 88' lang='lat' dir='ltr'><strong>Moesias</strong></span> <span class='ocrx_word' id='word_1_136' title='bbox 361 1793 490 1869; x_wconf 86' lang='lat' dir='ltr'><strong>dividit,</strong></span> <span class='ocrx_word' id='word_1_137' title='bbox 514 1804 546 1856; x_wconf 89' lang='lat' dir='ltr'><strong>ct</strong></span> <span class='ocrx_word' id='word_1_138' title='bbox 568 1798 671 1858; x_wconf 90' lang='lat' dir='ltr'><strong>estin</strong></span> <span class='ocrx_word' id='word_1_139' title='bbox 693 1795 825 1856; x_wconf 87' lang='lat' dir='ltr'><strong>dextera</strong></span> <span class='ocrx_word' id='word_1_140' title='bbox 846 1795 1012 1865; x_wconf 80' lang='lat' dir='ltr'><strong>Danubio,</strong></span> <span class='ocrx_word' id='word_1_141' title='bbox 1028 1795 1062 1855; x_wconf 94' lang='lat' dir='ltr'><strong>in</strong></span> <span class='ocrx_word' id='word_1_142' title='bbox 1077 1817 1168 1858; x_wconf 88' lang='lat' dir='ltr'><strong>mare</strong></span> <span class='ocrx_word' id='word_1_143' title='bbox 1182 1794 1276 1867; x_wconf 80' lang='lat' dir='ltr'><strong>fluenti,</strong></span> <span class='ocrx_word' id='word_1_144' title='bbox 1309 1804 1321 1864; x_wconf 69' lang='lat'><strong>31</strong></span> 
     </span>
     <span class='ocr_line' id='line_1_19' title="bbox 99 1874 1321 1964; baseline 0 -26"><span class='ocrx_word' id='word_1_145' title='bbox 99 1897 200 1959; x_wconf 92' lang='lat' dir='ltr'><strong>quum</strong></span> <span class='ocrx_word' id='word_1_146' title='bbox 222 1888 313 1939; x_wconf 90' lang='lat' dir='ltr'><strong>antea</strong></span> <span class='ocrx_word' id='word_1_147' title='bbox 334 1879 436 1939; x_wconf 87' lang='lat' dir='ltr'><strong>fuerit</strong></span> <span class='ocrx_word' id='word_1_148' title='bbox 457 1879 490 1938; x_wconf 92' lang='lat' dir='ltr'><strong>in</strong></span> <span class='ocrx_word' id='word_1_149' title='bbox 511 1878 611 1940; x_wconf 87' lang='lat' dir='ltr'><strong>laeva.</strong></span> <span class='ocrx_word' id='word_1_150' title='bbox 657 1877 832 1938; x_wconf 87' lang='lat' dir='ltr'><strong>Occiditur</strong></span> <span class='ocrx_word' id='word_1_151' title='bbox 853 1877 937 1938; x_wconf 86' lang='lat' dir='ltr'><strong>servi</strong></span> <span class='ocrx_word' id='word_1_152' title='bbox 958 1878 1007 1938; x_wconf 90' lang='lat' dir='ltr'><strong>sui</strong></span> <span class='ocrx_word' id='word_1_153' title='bbox 1029 1878 1167 1953; x_wconf 81' lang='lat' dir='ltr'><strong>fraude,</strong></span> <span class='ocrx_word' id='word_1_154' title='bbox 1189 1878 1237 1964; x_wconf 91' lang='lat' dir='ltr'><strong>qui</strong></span> <span class='ocrx_word' id='word_1_155' title='bbox 1250 1874 1277 1939; x_wconf 71' lang='lat' dir='ltr'><strong>at</strong></span> <span class='ocrx_word' id='word_1_156' title='bbox 1320 1911 1321 1917; x_wconf 19' lang='grc' dir='ltr'><strong>κ</strong></span> 
     </span>
     <span class='ocr_line' id='line_1_20' title="bbox 24 1957 1321 2042; baseline 0.002 -21"><span class='ocrx_word' id='word_1_157' title='bbox 24 2016 27 2027; x_wconf 92' lang='grc'>,</span> <span class='ocrx_word' id='word_1_158' title='bbox 100 1959 257 2041; x_wconf 87' lang='lat' dir='ltr'><strong>quosdam</strong></span> <span class='ocrx_word' id='word_1_159' title='bbox 277 1958 435 2022; x_wconf 86' lang='lat' dir='ltr'><strong>militares</strong></span> <span class='ocrx_word' id='word_1_160' title='bbox 458 1963 569 2033; x_wconf 88' lang='lat' dir='ltr'><strong>viros,</strong></span> <span class='ocrx_word' id='word_1_161' title='bbox 593 1960 713 2020; x_wconf 90' lang='lat' dir='ltr'><strong>amicos</strong></span> <span class='ocrx_word' id='word_1_162' title='bbox 739 1957 860 2041; x_wconf 90' lang='lat' dir='ltr'><strong>ipsius,</strong></span> <span class='ocrx_word' id='word_1_163' title='bbox 882 1962 1013 2021; x_wconf 88' lang='lat' dir='ltr'><strong>nomina</strong></span> <span class='ocrx_word' id='word_1_164' title='bbox 1035 1961 1176 2042; x_wconf 90' lang='lat' dir='ltr'><strong>pertulit</strong></span> <span class='ocrx_word' id='word_1_165' title='bbox 1195 1962 1277 2023; x_wconf 86' lang='lat' dir='ltr'><strong>adnu-</strong></span> <span class='ocrx_word' id='word_1_166' title='bbox 1319 1971 1321 2030; x_wconf 78' lang='grc' dir='ltr'><em>ζ</em></span> 
     </span>
     <span class='ocr_line' id='line_1_21' title="bbox 97 2041 1321 2128; baseline 0.002 -25"><span class='ocrx_word' id='word_1_167' title='bbox 97 2050 185 2113; x_wconf 82' lang='lat' dir='ltr'><strong>tata,</strong></span> <span class='ocrx_word' id='word_1_168' title='bbox 207 2041 288 2103; x_wconf 85' lang='lat' dir='ltr'><strong>falso</strong></span> <span class='ocrx_word' id='word_1_169' title='bbox 311 2063 438 2104; x_wconf 91' lang='lat' dir='ltr'><strong>manum</strong></span> <span class='ocrx_word' id='word_1_170' title='bbox 462 2044 530 2103; x_wconf 89' lang='lat' dir='ltr'><strong>eius</strong></span> <span class='ocrx_word' id='word_1_171' title='bbox 553 2043 713 2114; x_wconf 88' lang='lat' dir='ltr'><strong>imitatus,</strong></span> <span class='ocrx_word' id='word_1_172' title='bbox 734 2050 898 2124; x_wconf 88' lang='lat' dir='ltr'><strong>tamquam</strong></span> <span class='ocrx_word' id='word_1_173' title='bbox 920 2042 1114 2104; x_wconf 83' lang='lat' dir='ltr'><strong>Aurelianus</strong></span> <span class='ocrx_word' id='word_1_174' title='bbox 1138 2045 1221 2128; x_wconf 86' lang='lat' dir='ltr'><strong>ipsos</strong></span> <span class='ocrx_word' id='word_1_175' title='bbox 1236 2066 1279 2127; x_wconf 83' lang='lat' dir='ltr'><strong>pv·</strong></span> <span class='ocrx_word' id='word_1_176' title='bbox 1320 2088 1321 2105; x_wconf 41' lang='lat' dir='ltr'><strong>a</strong></span> 
     </span>
     <span class='ocr_line' id='line_1_22' title="bbox 99 2124 1279 2208; baseline 0.003 -22"><span class='ocrx_word' id='word_1_177' title='bbox 99 2132 188 2186; x_wconf 83' lang='lat' dir='ltr'><strong>roret</strong></span> <span class='ocrx_word' id='word_1_178' title='bbox 216 2124 376 2185; x_wconf 86' lang='lat' dir='ltr'><strong>occidere.</strong></span> <span class='ocrx_word' id='word_1_179' title='bbox 419 2127 533 2208; x_wconf 88' lang='lat' dir='ltr'><strong>Itaque</strong></span> <span class='ocrx_word' id='word_1_180' title='bbox 560 2134 595 2186; x_wconf 86' lang='lat' dir='ltr'><strong>ut</strong></span> <span class='ocrx_word' id='word_1_181' title='bbox 621 2125 885 2207; x_wconf 83' lang='lat' dir='ltr'><strong>praeveniretur,</strong></span> <span class='ocrx_word' id='word_1_182' title='bbox 920 2125 960 2186; x_wconf 89' lang='lat' dir='ltr'><strong>ab</strong></span> <span class='ocrx_word' id='word_1_183' title='bbox 983 2125 1097 2188; x_wconf 87' lang='lat' dir='ltr'><strong>iisdem</strong></span> <span class='ocrx_word' id='word_1_184' title='bbox 1117 2124 1279 2191; x_wconf 80' lang='lat' dir='ltr'><strong>intertectut&#39;</strong></span> 
     </span>
     <span class='ocr_line' id='line_1_23' title="bbox 101 2206 1321 2291; baseline 0.004 -25"><span class='ocrx_word' id='word_1_185' title='bbox 101 2215 147 2267; x_wconf 88' lang='lat' dir='ltr'><strong>est</strong></span> <span class='ocrx_word' id='word_1_186' title='bbox 169 2206 202 2266; x_wconf 93' lang='lat' dir='ltr'><strong>iu</strong></span> <span class='ocrx_word' id='word_1_187' title='bbox 224 2206 350 2267; x_wconf 89' lang='lat' dir='ltr'><strong>itineris</strong></span> <span class='ocrx_word' id='word_1_188' title='bbox 373 2208 500 2281; x_wconf 86' lang='lat' dir='ltr'><strong>medio,</strong></span> <span class='ocrx_word' id='word_1_189' title='bbox 523 2207 612 2291; x_wconf 90' lang='lat' dir='ltr'><strong>quod</strong></span> <span class='ocrx_word' id='word_1_190' title='bbox 634 2209 724 2275; x_wconf 82' lang='lat' dir='ltr'><strong>inter¹</strong></span> <span class='ocrx_word' id='word_1_191' title='bbox 741 2208 1048 2291; x_wconf 84' lang='lat' dir='ltr'><strong>Constantinopolin</strong></span> <span class='ocrx_word' id='word_1_192' title='bbox 1070 2218 1103 2270; x_wconf 90' lang='lat' dir='ltr'><strong>et</strong></span> <span class='ocrx_word' id='word_1_193' title='bbox 1117 2210 1277 2273; x_wconf 78' lang='lat' dir='ltr'><strong>Heracleon</strong></span> <span class='ocrx_word' id='word_1_194' title='bbox 1317 2220 1321 2234; x_wconf 88' lang='lat'>&#39;</span> 
     </span>
     <span class='ocr_line' id='line_1_24' title="bbox 101 2289 1321 2374; baseline 0.001 -23"><span class='ocrx_word' id='word_1_195' title='bbox 101 2298 150 2351; x_wconf 83' lang='lat' dir='ltr'><strong>est</strong></span> <span class='ocrx_word' id='word_1_196' title='bbox 169 2297 288 2350; x_wconf 89' lang='lat' dir='ltr'><strong>stratae</strong></span> <span class='ocrx_word' id='word_1_197' title='bbox 309 2291 438 2351; x_wconf 87' lang='lat' dir='ltr'><strong>veteris.</strong></span> <span class='ocrx_word' id='word_1_198' title='bbox 481 2292 586 2352; x_wconf 86' lang='lat' dir='ltr'><strong>Locus</strong></span> <span class='ocrx_word' id='word_1_199' title='bbox 609 2289 891 2371; x_wconf 82' lang='lat' dir='ltr'><strong>Caenophrurium</strong></span> <span class='ocrx_word' id='word_1_200' title='bbox 914 2291 1108 2374; x_wconf 85' lang='lat' dir='ltr'><strong>appellatur.</strong></span> <span class='ocrx_word' id='word_1_201' title='bbox 1148 2296 1321 2360; x_wconf 79' lang='lat' dir='ltr'><strong>Monte-d</strong></span> 
     </span>
     <span class='ocr_line' id='line_1_25' title="bbox 99 2370 1321 2459; baseline 0.006 -24"><span class='ocrx_word' id='word_1_202' title='bbox 99 2394 172 2435; x_wconf 90' lang='lat' dir='ltr'><strong>meu</strong></span> <span class='ocrx_word' id='word_1_203' title='bbox 201 2373 269 2434; x_wconf 93' lang='lat' dir='ltr'><strong>eius</strong></span> <span class='ocrx_word' id='word_1_204' title='bbox 298 2371 399 2432; x_wconf 86' lang='lat' dir='ltr'><strong>inulta</strong></span> <span class='ocrx_word' id='word_1_205' title='bbox 426 2394 498 2435; x_wconf 90' lang='lat' dir='ltr'><strong>uon·</strong></span> <span class='ocrx_word' id='word_1_206' title='bbox 517 2376 593 2435; x_wconf 83' lang='lat' dir='ltr'><strong>suit.</strong></span> <span class='ocrx_word' id='word_1_207' title='bbox 642 2374 764 2435; x_wconf 80' lang='lat' dir='ltr'><strong>Mersit</strong></span> <span class='ocrx_word' id='word_1_208' title='bbox 791 2396 922 2459; x_wconf 90' lang='lat' dir='ltr'><strong>quoque</strong></span> <span class='ocrx_word' id='word_1_209' title='bbox 943 2375 1030 2438; x_wconf 89' lang='lat' dir='ltr'><strong>inter</strong></span> <span class='ocrx_word' id='word_1_210' title='bbox 1050 2370 1281 2439; x_wconf 71' lang='lat' dir='ltr'><strong>Divusrefcrr&#39;t&#39;</strong></span> <span class='ocrx_word' id='word_1_211' title='bbox 1304 2384 1321 2444; x_wconf 84' lang='lat' dir='ltr'><strong>d</strong></span> 
     </span>
     <span class='ocr_line' id='line_1_26' title="bbox 99 2454 1320 2542; baseline 0.006 -26"><span class='ocrx_word' id='word_1_212' title='bbox 99 2454 278 2534; x_wconf 87' lang='lat' dir='ltr'><strong>Imperavit</strong></span> <span class='ocrx_word' id='word_1_213' title='bbox 298 2476 398 2516; x_wconf 78' lang='lat' dir='ltr'><strong>ansius</strong></span> <span class='ocrx_word' id='word_1_214' title='bbox 420 2458 582 2542; x_wconf 88' lang='lat' dir='ltr'><strong>quinque,</strong></span> <span class='ocrx_word' id='word_1_215' title='bbox 605 2476 727 2520; x_wconf 90' lang='lat' dir='ltr'><strong>menses</strong></span> <span class='ocrx_word' id='word_1_216' title='bbox 749 2457 810 2518; x_wconf 86' lang='lat' dir='ltr'><strong>Vl.</strong></span> <span class='ocrx_word' id='word_1_217' title='bbox 1276 2464 1280 2477; x_wconf 95' lang='lat'>&#39;</span> <span class='ocrx_word' id='word_1_218' title='bbox 1304 2460 1320 2523; x_wconf 76' lang='lat' dir='ltr'><strong>ts</strong></span> 
     </span>
    </p>

    <p class='ocr_par' dir='ltr' id='par_1_7' title="bbox 100 2536 1321 3017">
     <span class='ocr_line' id='line_1_27' title="bbox 142 2536 1279 2623; baseline -0.003 -21"><span class='ocrx_word' id='word_1_219' title='bbox 142 2538 235 2602; x_wconf 86' lang='lat' dir='ltr'>XVI.</span> <span class='ocrx_word' id='word_1_220' title='bbox 267 2560 454 2602; x_wconf 82' lang='lat' dir='ltr'><strong>rscsrus</strong></span> <span class='ocrx_word' id='word_1_221' title='bbox 483 2550 559 2622; x_wconf 87' lang='lat' dir='ltr'><strong>post</strong></span> <span class='ocrx_word' id='word_1_222' title='bbox 587 2538 675 2601; x_wconf 89' lang='lat' dir='ltr'><strong>bunc</strong></span> <span class='ocrx_word' id='word_1_223' title='bbox 706 2539 848 2622; x_wconf 83' lang='lat' dir='ltr'><strong>suscepit</strong></span> <span class='ocrx_word' id='word_1_224' title='bbox 879 2539 1070 2623; x_wconf 65' lang='lat' dir='ltr'><strong>imperium}</strong></span> <span class='ocrx_word' id='word_1_225' title='bbox 1101 2542 1156 2604; x_wconf 86' lang='lat' dir='ltr'><strong>vir</strong></span> <span class='ocrx_word' id='word_1_226' title='bbox 1179 2536 1279 2623; x_wconf 75' lang='lat' dir='ltr'><strong>egregit</strong></span> 
     </span>
     <span class='ocr_line' id='line_1_28' title="bbox 100 2622 1321 2707; baseline -0.002 -24"><span class='ocrx_word' id='word_1_227' title='bbox 100 2631 266 2696; x_wconf 89' lang='lat' dir='ltr'><strong>moratus,</strong></span> <span class='ocrx_word' id='word_1_228' title='bbox 290 2631 322 2681; x_wconf 91' lang='lat' dir='ltr'><strong>et</strong></span> <span class='ocrx_word' id='word_1_229' title='bbox 341 2622 551 2704; x_wconf 84' lang='lat' dir='ltr'><strong>Reipublicae</strong></span> <span class='ocrx_word' id='word_1_230' title='bbox 573 2622 731 2707; x_wconf 84' lang='lat' dir='ltr'><strong>gerendae</strong></span> <span class='ocrx_word' id='word_1_231' title='bbox 751 2622 898 2684; x_wconf 79' lang='lat' dir='ltr'><strong>idoneus.</strong></span> <span class='ocrx_word' id='word_1_232' title='bbox 942 2623 1034 2685; x_wconf 90' lang='lat' dir='ltr'><strong>Nihil</strong></span> <span class='ocrx_word' id='word_1_233' title='bbox 1055 2632 1163 2686; x_wconf 91' lang='lat' dir='ltr'><strong>tamen</strong></span> <span class='ocrx_word' id='word_1_234' title='bbox 1184 2627 1285 2703; x_wconf 45' lang='lat' dir='ltr'><strong>clarus,</strong></span> <span class='ocrx_word' id='word_1_235' title='bbox 1316 2656 1321 2692; x_wconf 56' lang='grc' dir='ltr'>ε</span> 
     </span>
     <span class='ocr_line' id='line_1_29' title="bbox 100 2703 1321 2791; baseline 0 -26"><span class='ocrx_word' id='word_1_236' title='bbox 100 2706 212 2788; x_wconf 88' lang='lat' dir='ltr'><strong>potuit</strong></span> <span class='ocrx_word' id='word_1_237' title='bbox 234 2703 424 2779; x_wconf 83' lang='lat' dir='ltr'><strong>ostendere,</strong></span> <span class='ocrx_word' id='word_1_238' title='bbox 447 2706 531 2768; x_wconf 88' lang='lat' dir='ltr'><strong>intra</strong></span> <span class='ocrx_word' id='word_1_239' title='bbox 554 2715 675 2768; x_wconf 84' lang='lat' dir='ltr'><strong>sextum</strong></span> <span class='ocrx_word' id='word_1_240' title='bbox 700 2727 838 2768; x_wconf 90' lang='lat' dir='ltr'><strong>mensem</strong></span> <span class='ocrx_word' id='word_1_241' title='bbox 861 2706 990 2786; x_wconf 92' lang='lat' dir='ltr'><strong>imperii</strong></span> <span class='ocrx_word' id='word_1_242' title='bbox 1014 2717 1120 2768; x_wconf 90' lang='lat' dir='ltr'><strong>morte</strong></span> <span class='ocrx_word' id='word_1_243' title='bbox 1142 2726 1278 2791; x_wconf 81' lang='lat' dir='ltr'><strong>praeven-</strong></span> <span class='ocrx_word' id='word_1_244' title='bbox 1309 2737 1321 2775; x_wconf 74' lang='lat' dir='ltr'><strong>u</strong></span> 
     </span>
     <span class='ocr_line' id='line_1_30' title="bbox 101 2788 1318 2874; baseline -0.002 -25"><span class='ocrx_word' id='word_1_245' title='bbox 101 2796 165 2849; x_wconf 87' lang='lat' dir='ltr'><strong>tus.</strong></span> <span class='ocrx_word' id='word_1_246' title='bbox 208 2806 472 2864; x_wconf 82' lang='lat' dir='ltr'><strong>rnoa1anus,</strong></span> <span class='ocrx_word' id='word_1_247' title='bbox 506 2791 562 2874; x_wconf 91' lang='lat' dir='ltr'><strong>qui</strong></span> <span class='ocrx_word' id='word_1_248' title='bbox 591 2790 707 2850; x_wconf 87' lang='lat' dir='ltr'><strong>Tacito</strong></span> <span class='ocrx_word' id='word_1_249' title='bbox 737 2797 953 2861; x_wconf 85' lang='lat' dir='ltr'><strong>successerat,</strong></span> <span class='ocrx_word' id='word_1_250' title='bbox 987 2788 1114 2850; x_wconf 88' lang='lat' dir='ltr'><strong>duobus</strong></span> <span class='ocrx_word' id='word_1_251' title='bbox 1145 2789 1286 2852; x_wconf 79' lang='lat' dir='ltr'><strong>mensibu.</strong></span> <span class='ocrx_word' id='word_1_252' title='bbox 1312 2798 1318 2855; x_wconf 76' lang='grc' dir='ltr'><strong>ἱ</strong></span> 
     </span>
     <span class='ocr_line' id='line_1_31' title="bbox 102 2870 1321 2958; baseline 0.007 -27"><span class='ocrx_word' id='word_1_253' title='bbox 102 2880 135 2931; x_wconf 90' lang='lat' dir='ltr'><strong>et</strong></span> <span class='ocrx_word' id='word_1_254' title='bbox 156 2870 268 2932; x_wconf 87' lang='lat' dir='ltr'><strong>diebus</strong></span> <span class='ocrx_word' id='word_1_255' title='bbox 296 2870 357 2931; x_wconf 86' lang='lat' dir='ltr'><strong>XX</strong></span> <span class='ocrx_word' id='word_1_256' title='bbox 388 2873 422 2932; x_wconf 95' lang='lat' dir='ltr'><strong>in</strong></span> <span class='ocrx_word' id='word_1_257' title='bbox 449 2873 588 2957; x_wconf 90' lang='lat' dir='ltr'><strong>imperio</strong></span> <span class='ocrx_word' id='word_1_258' title='bbox 617 2873 700 2948; x_wconf 78' lang='lat' dir='ltr'><strong>iuit3</strong></span> <span class='ocrx_word' id='word_1_259' title='bbox 731 2892 836 2956; x_wconf 89' lang='lat' dir='ltr'><strong>neque</strong></span> <span class='ocrx_word' id='word_1_260' title='bbox 864 2870 1042 2955; x_wconf 89' lang='lat' dir='ltr'><strong>quidquam</strong></span> <span class='ocrx_word' id='word_1_261' title='bbox 1068 2873 1203 2958; x_wconf 81' lang='lat' dir='ltr'><strong>dignum</strong></span> <span class='ocrx_word' id='word_1_262' title='bbox 1224 2890 1278 2933; x_wconf 64' lang='lat' dir='ltr'><strong>ms«</strong></span> <span class='ocrx_word' id='word_1_263' title='bbox 1308 2890 1321 2939; x_wconf 85' lang='lat' dir='ltr'><strong>a</strong></span> 
     </span>
     <span class='ocr_line' id='line_1_32' title="bbox 101 2955 305 3017; baseline 0 0"><span class='ocrx_word' id='word_1_264' title='bbox 101 2955 246 3017; x_wconf 85' lang='lat' dir='ltr'><strong>moriae</strong></span> <span class='ocrx_word' id='word_1_265' title='bbox 270 2956 305 3017; x_wconf 88' lang='lat' dir='ltr'><strong>it.</strong></span> 
     </span>
    </p>

    <p class='ocr_par' dir='ltr' id='par_1_8' title="bbox 101 2978 1321 4114">
     <span class='ocr_line' id='line_1_33' title="bbox 143 2978 1321 3121; baseline 0.003 -24"><span class='ocrx_word' id='word_1_266' title='bbox 143 2978 267 3098; x_wconf 81' lang='lat' dir='ltr'><strong>XVII.g</strong></span> <span class='ocrx_word' id='word_1_267' title='bbox 289 3040 369 3100; x_wconf 87' lang='lat' dir='ltr'><strong>Post</strong></span> <span class='ocrx_word' id='word_1_268' title='bbox 398 3032 486 3099; x_wconf 86' lang='lat' dir='ltr'><strong>bunc</strong></span> <span class='ocrx_word' id='word_1_269' title='bbox 516 3054 682 3112; x_wconf 78' lang='lat' dir='ltr'><strong>anonas,</strong></span> <span class='ocrx_word' id='word_1_270' title='bbox 716 3037 769 3099; x_wconf 88' lang='lat' dir='ltr'><strong>vir</strong></span> <span class='ocrx_word' id='word_1_271' title='bbox 799 3036 1060 3121; x_wconf 59' lang='lat' dir='ltr'><strong>illustrimsgloria</strong></span> <span class='ocrx_word' id='word_1_272' title='bbox 1082 3026 1279 3112; x_wconf 57' lang='lat' dir='ltr'><strong>millarini</strong></span> <span class='ocrx_word' id='word_1_273' title='bbox 1317 3069 1321 3107; x_wconf 83' lang='lat'>1</span> 
     </span>
     <span class='ocr_line' id='line_1_34' title="bbox 103 3118 1281 3203; baseline -0.003 -22"><span class='ocrx_word' id='word_1_274' title='bbox 103 3118 416 3183; x_wconf 84' lang='lat' dir='ltr'><strong>administrationem</strong></span> <span class='ocrx_word' id='word_1_275' title='bbox 440 3120 650 3203; x_wconf 83' lang='lat' dir='ltr'><strong>Reipublicae</strong></span> <span class='ocrx_word' id='word_1_276' title='bbox 672 3122 816 3182; x_wconf 88' lang='lat' dir='ltr'><strong>accessit.</strong></span> <span class='ocrx_word' id='word_1_277' title='bbox 837 3184 840 3189; x_wconf 71' lang='grc'><em>,</em></span> <span class='ocrx_word' id='word_1_278' title='bbox 861 3120 980 3181; x_wconf 87' lang='lat' dir='ltr'><strong>Gallias</strong></span> <span class='ocrx_word' id='word_1_279' title='bbox 1002 3143 1018 3181; x_wconf 89' lang='lat' dir='ltr'><strong>a</strong></span> <span class='ocrx_word' id='word_1_280' title='bbox 1040 3121 1191 3183; x_wconf 88' lang='lat' dir='ltr'><strong>barbaris</strong></span> <span class='ocrx_word' id='word_1_281' title='bbox 1211 3136 1281 3203; x_wconf 78' lang='lat' dir='ltr'><strong>occat·¹</strong></span> 
     </span>
     <span class='ocr_line' id='line_1_35' title="bbox 101 3202 1282 3287; baseline -0.002 -26"><span class='ocrx_word' id='word_1_282' title='bbox 101 3211 192 3286; x_wconf 84' lang='lat' dir='ltr'><strong>putas</strong></span> <span class='ocrx_word' id='word_1_283' title='bbox 215 3205 335 3287; x_wconf 81' lang='lat' dir='ltr'><strong>ingenti</strong></span> <span class='ocrx_word' id='word_1_284' title='bbox 356 3203 562 3285; x_wconf 88' lang='lat' dir='ltr'><strong>proeliorum</strong></span> <span class='ocrx_word' id='word_1_285' title='bbox 583 3204 739 3265; x_wconf 80' lang='lat' dir='ltr'><strong>felicitate</strong></span> <span class='ocrx_word' id='word_1_286' title='bbox 763 3205 918 3265; x_wconf 86' lang='lat' dir='ltr'><strong>restituit.</strong></span> <span class='ocrx_word' id='word_1_287' title='bbox 952 3204 1116 3281; x_wconf 84' lang='lat' dir='ltr'><strong>Quosdam</strong></span> <span class='ocrx_word' id='word_1_288' title='bbox 1133 3202 1282 3287; x_wconf 74' lang='lat' dir='ltr'><strong>impetisse</strong></span> 
     </span>
     <span class='ocr_line' id='line_1_36' title="bbox 102 3280 1320 3366; baseline 0.007 -22"><span class='ocrx_word' id='word_1_289' title='bbox 102 3305 260 3366; x_wconf 87' lang='lat' dir='ltr'><strong>usurpare</strong></span> <span class='ocrx_word' id='word_1_290' title='bbox 281 3296 430 3360; x_wconf 86' lang='lat' dir='ltr'><strong>conatos,</strong></span> <span class='ocrx_word' id='word_1_291' title='bbox 455 3286 580 3348; x_wconf 89' lang='lat' dir='ltr'><strong>scilicet</strong></span> <span class='ocrx_word' id='word_1_292' title='bbox 601 3287 810 3347; x_wconf 85' lang='lat' dir='ltr'><strong>Saturninum</strong></span> <span class='ocrx_word' id='word_1_293' title='bbox 835 3286 869 3346; x_wconf 90' lang='lat' dir='ltr'><strong>in</strong></span> <span class='ocrx_word' id='word_1_294' title='bbox 895 3280 1047 3361; x_wconf 83' lang='lat' dir='ltr'><strong>Oriente,</strong></span> <span class='ocrx_word' id='word_1_295' title='bbox 1075 3284 1281 3349; x_wconf 77' lang='lat' dir='ltr'><strong>Proculumtt</strong></span> <span class='ocrx_word' id='word_1_296' title='bbox 1310 3310 1320 3352; x_wconf 80' lang='lat' dir='ltr'><strong>a</strong></span> 
     </span>
     <span class='ocr_line' id='line_1_37' title="bbox 102 3364 1321 3450; baseline 0.007 -23"><span class='ocrx_word' id='word_1_297' title='bbox 102 3367 265 3427; x_wconf 86' lang='lat' dir='ltr'><strong>Bonosum</strong></span> <span class='ocrx_word' id='word_1_298' title='bbox 278 3368 489 3449; x_wconf 80' lang='lat' dir='ltr'><strong>Agrippinae,</strong></span> <span class='ocrx_word' id='word_1_299' title='bbox 500 3369 609 3429; x_wconf 87' lang='lat' dir='ltr'><strong>multis</strong></span> <span class='ocrx_word' id='word_1_300' title='bbox 622 3370 852 3430; x_wconf 84' lang='lat' dir='ltr'><strong>certaminibus</strong></span> <span class='ocrx_word' id='word_1_301' title='bbox 868 3371 1040 3450; x_wconf 86' lang='lat' dir='ltr'><strong>oppressit.</strong></span> <span class='ocrx_word' id='word_1_302' title='bbox 1063 3370 1186 3431; x_wconf 80' lang='lat' dir='ltr'><strong>Vincas</strong></span> <span class='ocrx_word' id='word_1_303' title='bbox 1197 3364 1282 3431; x_wconf 74' lang='lat' dir='ltr'><strong>Galla!</strong></span> <span class='ocrx_word' id='word_1_304' title='bbox 1320 3426 1321 3435; x_wconf 71' lang='grc'>,</span> 
     </span>
     <span class='ocr_line' id='line_1_38' title="bbox 105 3442 1321 3532; baseline 0 -23"><span class='ocrx_word' id='word_1_305' title='bbox 105 3459 137 3509; x_wconf 80' lang='lat' dir='ltr'><strong>et</strong></span> <span class='ocrx_word' id='word_1_306' title='bbox 150 3451 334 3510; x_wconf 86' lang='lat' dir='ltr'><strong>Pannonios</strong></span> <span class='ocrx_word' id='word_1_307' title='bbox 349 3448 470 3509; x_wconf 90' lang='lat' dir='ltr'><strong>habere</strong></span> <span class='ocrx_word' id='word_1_308' title='bbox 484 3452 643 3531; x_wconf 72' lang='lat' dir='ltr'><strong>permisit,</strong></span> <span class='ocrx_word' id='word_1_309' title='bbox 662 3472 761 3532; x_wconf 91' lang='lat' dir='ltr'><strong>opere</strong></span> <span class='ocrx_word' id='word_1_310' title='bbox 776 3451 910 3512; x_wconf 87' lang='lat' dir='ltr'><strong>militari</strong></span> <span class='ocrx_word' id='word_1_311' title='bbox 924 3452 1047 3513; x_wconf 88' lang='lat' dir='ltr'><strong>Almam</strong></span> <span class='ocrx_word' id='word_1_312' title='bbox 1061 3462 1206 3515; x_wconf 88' lang='lat' dir='ltr'><strong>montem</strong></span> <span class='ocrx_word' id='word_1_313' title='bbox 1219 3442 1284 3531; x_wconf 82' lang='lat' dir='ltr'><strong>aput</strong></span> <span class='ocrx_word' id='word_1_314' title='bbox 1320 3463 1321 3473; x_wconf 61' lang='lat'>¹</span> 
     </span>
     <span class='ocr_line' id='line_1_39' title="bbox 103 3530 1283 3615; baseline -0.002 -23"><span class='ocrx_word' id='word_1_315' title='bbox 103 3530 270 3605; x_wconf 86' lang='lat' dir='ltr'><strong>Sirmium,</strong></span> <span class='ocrx_word' id='word_1_316' title='bbox 295 3542 326 3593; x_wconf 89' lang='lat' dir='ltr'><strong>et</strong></span> <span class='ocrx_word' id='word_1_317' title='bbox 347 3533 488 3592; x_wconf 88' lang='lat' dir='ltr'><strong>Aureum</strong></span> <span class='ocrx_word' id='word_1_318' title='bbox 511 3531 596 3613; x_wconf 89' lang='lat' dir='ltr'><strong>apud</strong></span> <span class='ocrx_word' id='word_1_319' title='bbox 611 3534 768 3594; x_wconf 90' lang='lat' dir='ltr'><strong>Moesiam</strong></span> <span class='ocrx_word' id='word_1_320' title='bbox 791 3534 1110 3615; x_wconf 80' lang='lat' dir='ltr'><strong>superiorcmvineis</strong></span> <span class='ocrx_word' id='word_1_321' title='bbox 1126 3531 1283 3603; x_wconf 87' lang='lat' dir='ltr'><strong>conseruit,</strong></span> 
     </span>
     <span class='ocr_line' id='line_1_40' title="bbox 105 3613 1321 3700; baseline -0.002 -23"><span class='ocrx_word' id='word_1_322' title='bbox 105 3624 139 3677; x_wconf 88' lang='lat' dir='ltr'><strong>et</strong></span> <span class='ocrx_word' id='word_1_323' title='bbox 168 3614 424 3696; x_wconf 79' lang='lat' dir='ltr'><strong>provincialibus</strong></span> <span class='ocrx_word' id='word_1_324' title='bbox 454 3613 604 3677; x_wconf 90' lang='lat' dir='ltr'><strong>colendas</strong></span> <span class='ocrx_word' id='word_1_325' title='bbox 636 3614 736 3678; x_wconf 89' lang='lat' dir='ltr'><strong>dedit.</strong></span> <span class='ocrx_word' id='word_1_326' title='bbox 789 3617 852 3678; x_wconf 90' lang='lat' dir='ltr'><strong>Hic</strong></span> <span class='ocrx_word' id='word_1_327' title='bbox 887 3640 986 3700; x_wconf 84' lang='lat' dir='ltr'><strong>quum</strong></span> <span class='ocrx_word' id='word_1_328' title='bbox 1023 3617 1107 3680; x_wconf 89' lang='lat' dir='ltr'><strong>bella</strong></span> <span class='ocrx_word' id='word_1_329' title='bbox 1130 3619 1285 3681; x_wconf 72' lang='lat' dir='ltr'><strong>innumere</strong></span> <span class='ocrx_word' id='word_1_330' title='bbox 1314 3621 1321 3675; x_wconf 59' lang='lat' dir='ltr'><strong>&#39;a</strong></span> 
     </span>
     <span class='ocr_line' id='line_1_41' title="bbox 104 3696 1286 3784; baseline -0.003 -23"><span class='ocrx_word' id='word_1_331' title='bbox 104 3702 269 3782; x_wconf 81' lang='lat' dir='ltr'><strong>gessisset,</strong></span> <span class='ocrx_word' id='word_1_332' title='bbox 290 3719 370 3784; x_wconf 90' lang='lat' dir='ltr'><strong>pace</strong></span> <span class='ocrx_word' id='word_1_333' title='bbox 390 3705 484 3780; x_wconf 90' lang='lat' dir='ltr'><strong>parta</strong></span> <span class='ocrx_word' id='word_1_334' title='bbox 505 3696 599 3772; x_wconf 86' lang='lat' dir='ltr'><strong>dixit,</strong></span> <span class='ocrx_word' id='word_1_335' title='bbox 622 3698 712 3761; x_wconf 79' lang='lat' dir='ltr'><strong>brevi</strong></span> <span class='ocrx_word' id='word_1_336' title='bbox 728 3700 846 3760; x_wconf 79' lang='lat' dir='ltr'><strong>ms&#39;ls’tes</strong></span> <span class='ocrx_word' id='word_1_337' title='bbox 866 3706 1062 3762; x_wconf 70' lang='lat' dir='ltr'><strong>necessarios·</strong></span> <span class='ocrx_word' id='word_1_338' title='bbox 1079 3724 1144 3762; x_wconf 78' lang='lat' dir='ltr'><strong>non</strong></span> <span class='ocrx_word' id='word_1_339' title='bbox 1152 3702 1286 3782; x_wconf 71' lang='lat' dir='ltr'><strong>saturos.</strong></span> 
     </span>
     <span class='ocr_line' id='line_1_42' title="bbox 105 3779 1321 3869; baseline -0.001 -25"><span class='ocrx_word' id='word_1_340' title='bbox 105 3784 171 3844; x_wconf 83' lang='lat' dir='ltr'><strong>Vir</strong></span> <span class='ocrx_word' id='word_1_341' title='bbox 191 3803 286 3856; x_wconf 87' lang='lat' dir='ltr'><strong>acer,</strong></span> <span class='ocrx_word' id='word_1_342' title='bbox 308 3792 477 3854; x_wconf 88' lang='lat' dir='ltr'><strong>strenuus,</strong></span> <span class='ocrx_word' id='word_1_343' title='bbox 501 3781 624 3854; x_wconf 87' lang='lat' dir='ltr'><strong>iustus,</strong></span> <span class='ocrx_word' id='word_1_344' title='bbox 653 3792 684 3843; x_wconf 88' lang='lat' dir='ltr'><strong>et</strong></span> <span class='ocrx_word' id='word_1_345' title='bbox 710 3782 766 3865; x_wconf 91' lang='lat' dir='ltr'><strong>qui</strong></span> <span class='ocrx_word' id='word_1_346' title='bbox 792 3782 1003 3844; x_wconf 80' lang='lat' dir='ltr'><strong>Aurelianum</strong></span> <span class='ocrx_word' id='word_1_347' title='bbox 1026 3795 1182 3866; x_wconf 89' lang='lat' dir='ltr'><strong>aequaret</strong></span> <span class='ocrx_word' id='word_1_348' title='bbox 1202 3779 1288 3869; x_wconf 64' lang='lat' dir='ltr'><strong>gloria</strong></span> <span class='ocrx_word' id='word_1_349' title='bbox 1318 3791 1321 3829; x_wconf 79' lang='lat'><strong>¹</strong></span> 
     </span>
     <span class='ocr_line' id='line_1_43' title="bbox 105 3863 1288 3947; baseline -0.002 -20"><span class='ocrx_word' id='word_1_350' title='bbox 105 3866 260 3938; x_wconf 78' lang='lat' dir='ltr'><strong>militari,</strong></span> <span class='ocrx_word' id='word_1_351' title='bbox 283 3887 411 3947; x_wconf 88' lang='lat' dir='ltr'><strong>morum</strong></span> <span class='ocrx_word' id='word_1_352' title='bbox 433 3873 538 3925; x_wconf 89' lang='lat' dir='ltr'><strong>autem</strong></span> <span class='ocrx_word' id='word_1_353' title='bbox 562 3863 717 3937; x_wconf 84' lang='lat' dir='ltr'><strong>civilitate</strong></span> <span class='ocrx_word' id='word_1_354' title='bbox 739 3872 919 3947; x_wconf 84' lang='lat' dir='ltr'><strong>superaret.</strong></span> <span class='ocrx_word' id='word_1_355' title='bbox 963 3868 1158 3929; x_wconf 76' lang='lat' dir='ltr'><strong>Interiectus</strong></span> <span class='ocrx_word' id='word_1_356' title='bbox 1180 3873 1288 3931; x_wconf 81' lang='lat' dir='ltr'><strong>est-ta-</strong></span> 
     </span>
     <span class='ocr_line' id='line_1_44' title="bbox 104 3947 1291 4034; baseline 0 -26"><span class='ocrx_word' id='word_1_357' title='bbox 104 3969 177 4008; x_wconf 90' lang='lat' dir='ltr'><strong>men</strong></span> <span class='ocrx_word' id='word_1_358' title='bbox 200 3949 331 4022; x_wconf 89' lang='lat' dir='ltr'><strong>Sirmii,</strong></span> <span class='ocrx_word' id='word_1_359' title='bbox 355 3948 495 4009; x_wconf 87' lang='lat' dir='ltr'><strong>tumultu</strong></span> <span class='ocrx_word' id='word_1_360' title='bbox 516 3948 671 4023; x_wconf 87' lang='lat' dir='ltr'><strong>militari,</strong></span> <span class='ocrx_word' id='word_1_361' title='bbox 702 3947 735 4009; x_wconf 91' lang='lat' dir='ltr'><strong>in</strong></span> <span class='ocrx_word' id='word_1_362' title='bbox 765 3950 849 4012; x_wconf 87' lang='lat' dir='ltr'><strong>turri</strong></span> <span class='ocrx_word' id='word_1_363' title='bbox 870 3952 1002 4012; x_wconf 82' lang='lat' dir='ltr'><strong>ferrata.</strong></span> <span class='ocrx_word' id='word_1_364' title='bbox 1046 3951 1291 4034; x_wconf 63' lang='lat' dir='ltr'><strong>Inpendam-¹</strong></span> 
     </span>
     <span class='ocr_line' id='line_1_45' title="bbox 104 4031 571 4114; baseline 0.004 -23"><span class='ocrx_word' id='word_1_365' title='bbox 104 4044 164 4091; x_wconf 82' lang='lat' dir='ltr'><strong>nos</strong></span> <span class='ocrx_word' id='word_1_366' title='bbox 188 4031 251 4102; x_wconf 90' lang='lat' dir='ltr'><strong>Vl,</strong></span> <span class='ocrx_word' id='word_1_367' title='bbox 274 4042 571 4114; x_wconf 80' lang='lat' dir='ltr'><strong>menses&#39;quatuor.</strong></span> 
     </span>
    </p>

    <p class='ocr_par' dir='ltr' id='par_1_9' title="bbox 96 4112 1301 4699">
     <span class='ocr_line' id='line_1_46' title="bbox 146 4112 1296 4195; baseline -0.001 -21"><span class='ocrx_word' id='word_1_368' title='bbox 146 4114 271 4174; x_wconf 86' lang='lat' dir='ltr'>XVIII.</span> <span class='ocrx_word' id='word_1_369' title='bbox 304 4115 385 4175; x_wconf 87' lang='lat' dir='ltr'><strong>Post</strong></span> <span class='ocrx_word' id='word_1_370' title='bbox 405 4112 491 4177; x_wconf 92' lang='lat' dir='ltr'><strong>bunc</strong></span> <span class='ocrx_word' id='word_1_371' title='bbox 521 4134 639 4177; x_wconf 75' lang='lat' dir='ltr'><strong>canus</strong></span> <span class='ocrx_word' id='word_1_372' title='bbox 673 4123 719 4175; x_wconf 90' lang='lat' dir='ltr'><strong>est</strong></span> <span class='ocrx_word' id='word_1_373' title='bbox 742 4115 845 4176; x_wconf 86' lang='lat' dir='ltr'><strong>factus</strong></span> <span class='ocrx_word' id='word_1_374' title='bbox 866 4112 1048 4195; x_wconf 80' lang='lat' dir='ltr'><strong>Augustus,</strong></span> <span class='ocrx_word' id='word_1_375' title='bbox 1070 4116 1227 4179; x_wconf 75' lang='lat' dir='ltr'><strong>Narbone</strong></span> <span class='ocrx_word' id='word_1_376' title='bbox 1244 4133 1296 4175; x_wconf 66' lang='lat' dir='ltr'><strong>ne*</strong></span> 
     </span>
     <span class='ocr_line' id='line_1_47' title="bbox 106 4195 1294 4282; baseline 0 -26"><span class='ocrx_word' id='word_1_377' title='bbox 106 4203 158 4269; x_wconf 84' lang='lat' dir='ltr'><strong>tus</strong></span> <span class='ocrx_word' id='word_1_378' title='bbox 181 4197 212 4256; x_wconf 92' lang='lat' dir='ltr'><strong>in</strong></span> <span class='ocrx_word' id='word_1_379' title='bbox 236 4195 359 4257; x_wconf 87' lang='lat' dir='ltr'><strong>Gallia:</strong></span> <span class='ocrx_word' id='word_1_380' title='bbox 391 4199 649 4282; x_wconf 71' lang='lat' dir='ltr'><strong>quiconfestim</strong></span> <span class='ocrx_word' id='word_1_381' title='bbox 678 4199 830 4260; x_wconf 87' lang='lat' dir='ltr'><strong>Carinum</strong></span> <span class='ocrx_word' id='word_1_382' title='bbox 859 4208 890 4258; x_wconf 90' lang='lat' dir='ltr'><strong>et</strong></span> <span class='ocrx_word' id='word_1_383' title='bbox 918 4200 1181 4273; x_wconf 64' lang='lat' dir='ltr'><strong>Numerianum,</strong></span> <span class='ocrx_word' id='word_1_384' title='bbox 1202 4199 1294 4268; x_wconf 81' lang='lat' dir='ltr'><strong>filios,</strong></span> 
     </span>
     <span class='ocr_line' id='line_1_48' title="bbox 109 4280 1297 4364; baseline 0.001 -26"><span class='ocrx_word' id='word_1_385' title='bbox 109 4281 256 4343; x_wconf 84' lang='lat' dir='ltr'><strong>Caesares</strong></span> <span class='ocrx_word' id='word_1_386' title='bbox 284 4281 381 4354; x_wconf 88' lang='lat' dir='ltr'><strong>fecit,</strong></span> <span class='ocrx_word' id='word_1_387' title='bbox 411 4304 483 4342; x_wconf 91' lang='lat' dir='ltr'><strong>cum</strong></span> <span class='ocrx_word' id='word_1_388' title='bbox 513 4280 630 4361; x_wconf 88' lang='lat' dir='ltr'><strong>quibus</strong></span> <span class='ocrx_word' id='word_1_389' title='bbox 661 4283 807 4364; x_wconf 84' lang='lat' dir='ltr'><strong>regnavit</strong></span> <span class='ocrx_word' id='word_1_390' title='bbox 836 4280 962 4342; x_wconf 88' lang='lat' dir='ltr'><strong>duobus</strong></span> <span class='ocrx_word' id='word_1_391' title='bbox 992 4283 1094 4342; x_wconf 89' lang='lat' dir='ltr'><strong>annis.</strong></span> <span class='ocrx_word' id='word_1_392' title='bbox 1140 4283 1206 4344; x_wconf 88' lang='lat' dir='ltr'><strong>Sed</strong></span> <span class='ocrx_word' id='word_1_393' title='bbox 1232 4280 1297 4343; x_wconf 82' lang='lat' dir='ltr'><strong>dum</strong></span> 
     </span>
     <span class='ocr_line' id='line_1_49' title="bbox 106 4354 1298 4447; baseline -0.001 -25"><span class='ocrx_word' id='word_1_394' title='bbox 106 4361 416 4443; x_wconf 72' lang='lat' dir='ltr'><strong>hellumarlversum</strong></span> <span class='ocrx_word' id='word_1_395' title='bbox 437 4363 596 4424; x_wconf 86' lang='lat' dir='ltr'><strong>Sarmatas</strong></span> <span class='ocrx_word' id='word_1_396' title='bbox 618 4364 723 4447; x_wconf 81' lang='lat' dir='ltr'><strong>gerit,</strong></span> <span class='ocrx_word' id='word_1_397' title='bbox 739 4364 893 4424; x_wconf 83' lang='lat' dir='ltr'><strong>&#39;nuntiato</strong></span> <span class='ocrx_word' id='word_1_398' title='bbox 915 4366 1087 4426; x_wconf 74' lang='lat' dir='ltr'><strong>Persarum</strong></span> <span class='ocrx_word' id='word_1_399' title='bbox 1111 4365 1252 4435; x_wconf 84' lang='lat' dir='ltr'><strong>tumultu</strong></span> <span class='ocrx_word' id='word_1_400' title='bbox 1265 4354 1298 4423; x_wconf 83' lang='lat' dir='ltr'><strong>at</strong></span> 
     </span>
     <span class='ocr_line' id='line_1_50' title="bbox 109 4446 1301 4531; baseline 0 -26"><span class='ocrx_word' id='word_1_401' title='bbox 109 4447 494 4531; x_wconf 79' lang='lat' dir='ltr'><strong>Orientemprut&#39;ectus,</strong></span> <span class='ocrx_word' id='word_1_402' title='bbox 526 4467 577 4509; x_wconf 84' lang='lat' dir='ltr'><strong>res</strong></span> <span class='ocrx_word' id='word_1_403' title='bbox 609 4457 720 4507; x_wconf 86' lang='lat' dir='ltr'><strong>contra</strong></span> <span class='ocrx_word' id='word_1_404' title='bbox 753 4446 867 4507; x_wconf 87' lang='lat' dir='ltr'><strong>Persas</strong></span> <span class='ocrx_word' id='word_1_405' title='bbox 893 4448 1030 4508; x_wconf 82' lang='lat' dir='ltr'><strong>nobiles</strong></span> <span class='ocrx_word' id='word_1_406' title='bbox 1066 4449 1185 4530; x_wconf 75' lang='lat' dir='ltr'><strong>gessitt</strong></span> <span class='ocrx_word' id='word_1_407' title='bbox 1221 4450 1301 4529; x_wconf 79' lang='lat' dir='ltr'><strong>ipsse</strong></span> 
     </span>
     <span class='ocr_line' id='line_1_51' title="bbox 105 4526 1300 4610; baseline 0.005 -19"><span class='ocrx_word' id='word_1_408' title='bbox 105 4528 235 4610; x_wconf 87' lang='lat' dir='ltr'><strong>proelio</strong></span> <span class='ocrx_word' id='word_1_409' title='bbox 266 4526 361 4605; x_wconf 72' lang='lat' dir='ltr'><strong>fadis.</strong></span> <span class='ocrx_word' id='word_1_410' title='bbox 392 4528 610 4603; x_wconf 71' lang='lat' dir='ltr'><strong>¹(lochenet</strong></span> <span class='ocrx_word' id='word_1_411' title='bbox 630 4528 902 4604; x_wconf 82' lang='lat' dir='ltr'><strong>-Ctesipbontem,</strong></span> <span class='ocrx_word' id='word_1_412' title='bbox 937 4531 1033 4592; x_wconf 75' lang='lat' dir='ltr'><strong>urtice</strong></span> <span class='ocrx_word' id='word_1_413' title='bbox 1068 4531 1300 4597; x_wconf 60' lang='lat' dir='ltr'><strong>nobilissimas}</strong></span> 
     </span>
     <span class='ocr_line' id='line_1_52' title="bbox 96 4608 1301 4699; baseline 0.002 -28"><span class='ocrx_word' id='word_1_414' title='bbox 96 4612 196 4692; x_wconf 72' lang='lat' dir='ltr'><strong>cepit.</strong></span> <span class='ocrx_word' id='word_1_415' title='bbox 247 4612 291 4677; x_wconf 82' lang='lat' dir='ltr'><strong>Et</strong></span> <span class='ocrx_word' id='word_1_416' title='bbox 322 4624 423 4699; x_wconf 78' lang='lat' dir='ltr'><strong>quum</strong></span> <span class='ocrx_word' id='word_1_417' title='bbox 451 4620 684 4698; x_wconf 85' lang='lat' dir='ltr'><strong>castrs·snpra</strong></span> <span class='ocrx_word' id='word_1_418' title='bbox 714 4611 882 4698; x_wconf 69' lang='lat' dir='ltr'><strong>Tigridem</strong></span> <span class='ocrx_word' id='word_1_419' title='bbox 913 4614 1072 4690; x_wconf 85' lang='lat' dir='ltr'><strong>haberet,</strong></span> <span class='ocrx_word' id='word_1_420' title='bbox 1106 4616 1178 4679; x_wconf 64' lang='lat' dir='ltr'><strong>iem</strong></span> <span class='ocrx_word' id='word_1_421' title='bbox 1194 4608 1301 4679; x_wconf 76' lang='lat' dir='ltr'><strong>-divtst</strong></span> 
     </span>
    </p>
   </div>
   <div class='ocr_carea' id='block_1_5' title="bbox 0 0 1432 4958">
    <p class='ocr_par' dir='ltr' id='par_1_10' title="bbox 0 0 1432 4958">
     <span class='ocr_line' id='line_1_53' title="bbox 0 0 1432 4958; baseline 0 0"><span class='ocrx_word' id='word_1_422' title='bbox 0 0 1432 4958; x_wconf 95' lang='lat' dir='ltr'><strong> </strong></span> 
     </span>
    </p>
   </div>
  </div>
 </body>
</html>
