2850 4958
467 302 591 378 nrsr.
616 258 738 380 non
762 234 854 379 'sm
880 303 928 376 11.
1271 298 1318 374 a

106 466 218 530 culum
249 465 385 533 adduxit
418 467 688 549 Rempublicam:
727 466 932 551 Octavioque
957 462 1122 549 collegae,
1137 483 1208 612 pro
1228 460 1320 525 bono

105 552 240 635 publico
269 553 384 624 stanti,
408 550 584 632 imperium
609 553 790 634 abrogavit:
809 547 1015 613 Triumviros
1030 548 1115 631 agris
1161 544 1322 610 ividendis

109 634 315 716 coloniisque
337 634 533 695 deducendis
556 637 678 703 creavit
699 656 752 707 se,
784 655 999 716 socerumque
1020 654 1135 707 suum,
1162 629 1324 692 Consula-

103 740 174 780 rem
198 714 364 798 Appium,
387 727 420 779 et
443 717 627 779 Gracchum
648 721 804 792 fratrem,
828 717 1003 779 admodum
1023 715 1183 799 juvenem.

148 802 212 860 lll.
246 802 330 861 Tum
361 801 399 863 P.
427 801 541 881 Scipio
572 802 710 875 Nasica„
734 801 820 877 eius,
844 803 900 885 qui
924 801 1066 884 optimus
1086 798 1139 860 vir
1163 822 1181 859 a
1201 797 1322 858 Senatu

103 884 269 945 iudicatus
297 894 547 965 eratpnepos}
577 885 645 946 eius
676 887 732 968 qui
767 887 889 946 Censor
918 883 1067 965 porticus
1099 883 1132 943 in
1156 879 1320 963 Capitolio

103 970 253 1041 fecerat,
290 966 397 1039 filiu's3
436 989 603 1050 pronepos
645 978 752 1029 autem
795 970 851 1030 Cn.
883 967 1070 1047 Scipionis,
1115 962 1322 1027 celeberrimi

103 1051 194 1123 viri,
228 1051 266 1111 P.
298 1051 444 1113 Africani
475 1052 608 1130 patrui,
639 1053 850 1136 privatusque
882 1060 914 1111 et
935 1059 1085 1134 togatus,
1118 1072 1219 1131 quum
1241 1054 1324 1109 esset

104 1135 327 1195 consobrinus
360 1134 435 1195 Til).
461 1134 624 1208 Gracchi,
656 1138 796 1218 patriam
827 1132 1016 1218 cognationi
1047 1134 1257 1214 praeferens,
1290 1136 1325 1191 et

106 1216 270 1300 quidquid
298 1218 431 1298 publice
463 1218 603 1282 salutare
635 1241 701 1278 non
734 1227 836 1289 esset,
864 1218 1018 1300 privatim
1039 1216 1178 1278 alienum
1203 1215 1323 1276 existi-

105 1322 218 1374 mans,
251 1300 309 1375 (ob
332 1321 383 1360 eas
406 1303 543 1362 virtutes
572 1301 698 1381 primus
730 1302 875 1364 omnium
897 1302 1010 1362 absens
1030 1299 1187 1362 Pontifex
1207 1298 1322 1359 Maxi-

106 1403 181 1444 mus
203 1386 307 1444 factus
329 1392 377 1443 est
389 1387 413 1467 ‚)
435 1385 634 1446 circumdata
656 1383 748 1447 laevo
771 1385 909 1446 brachio
932 1392 1027 1465 togae
1047 1382 1244 1457 lacinia„cx
1265 1404 1326 1443 su-

106 1467 244 1549 periore
278 1471 373 1549 parte
412 1466 588 1549 Capitolii,
622 1470 753 1529 summis
787 1468 941 1552 gradibus
966 1467 1139 1540 insistens,
1169 1467 1324 1527 hortatus

109 1558 180 1621 est,
214 1550 271 1630 qui
297 1552 422 1610 salvam
453 1552 569 1613 vellent
600 1554 871 1631 Rempublt'cam,
907 1575 942 1613 se
972 1564 1188 1633 sequerentur.
1219 1548 1325 1610 ·Tum

85 1634 305 1714 septimanas,
329 1633 465 1693 Senatus
484 1641 580 1715 atque
603 1637 761 1713 equestris
785 1633 909 1695 ordinis
930 1653 1006 1716 pars
1020 1634 1137 1694 melior
1153 1641 1184 1693 et
1202 1633 1320 1705 maior,

109 1724 143 1775 et
166 1716 501 1799 intactaperniciosis
521 1715 663 1777 consiliis
684 1717 787 1798 plebs,
811 1722 938 1778 irruere
959 1717 993 1777 in
1015 1716 1210 1788 Gracchum,
1234 1724 1327 1776 stan-

75 1816 78 1820 ·
109 1806 178 1858 tem
201 1799 233 1858 in
256 1821 329 1858 area
352 1821 426 1859 cum
448 1798 587 1860 catervis
608 1800 692 1871 suis,
728 1809 760 1861 et
781 1801 984 1863 concientem
1005 1820 1107 1878 paene
1128 1799 1232 1858 totius
1254 1800 1325 1859 lta-

107 1876 175 1943 liae
206 1881 433 1963 frequentiam.
479 1883 510 1942 Is
542 1883 690 1966 lugiens,
724 1883 964 1965 decurrensque
995 1882 1079 1943 clivo
1113 1881 1323 1963 Capitolino,

111 1960 274 2046 fragmine
302 1964 445 2025 subsellii
468 1966 572 2039 ictus,
596 1967 715 2038 vitam,
739 1989 834 2050 quam
856 1965 1091 2049 gloriosissime
1112 1965 1231 2045 degere
1252 1988 1324 2046 po-

110 2054 242 2120 tuerat,
278 2047 450 2108 immatura
485 2058 591 2109 morte
621 2048 747 2118 finivit„
780 2050 853 2110 Hoc
884 2048 1014 2108 initium
1046 2049 1079 2109 in
1109 2048 1191 2110 urhe
1223 2048 1326 2109 Roma

115 2129 219 2190 civilis
255 2132 429 2214 sanguinis,
461 2131 711 2213 gladiorumque
741 2133 943 2212 impunitatis
970 2131 1043 2192 fuit.
1099 2131 1179 2192 Inde
1212 2131 1261 2191 ius
1290 2131 1324 2194 vi

113 2213 291 2286 obrutum,
324 2214 720 2298 potentiorquelhabitus
750 2220 868 2297 prior:
901 2213 1150 2295 discordiaeque
1180 2215 1322 2288 civium,

110 2305 205 2357 antea
240 2297 485 2358 conditionibus
517 2298 622 2358 sanari
654 2297 790 2372 solitae,
822 2301 912 2359 ferro
937 2297 1152 2372 diiudicatae,
1175 2296 1325 2379 bellaque

108 2400 180 2438 non
212 2382 329 2443 caussis
360 2381 463 2453 inita,
496 2381 551 2441 sed
582 2391 684 2459 prout
707 2404 821 2457 eorum
845 2403 966 2462 merces
992 2381 1085 2460 fuit.v
1113 2380 1210 2458 Quod
1234 2379 1325 2441 haud

109 2462 233 2522 tnirum
256 2473 313 2524 est.
349 2463 531 2524 Non'enim
553 2463 600 2525 ihi
628 2465 808 2526 consistunt
832 2464 998 2543 exempla,
1020 2463 1105 2523 unde
1121 2472 1321 2544 coeperunt3

109 2544 191 2618 sed,
215 2546 394 2627 quamlibet
417 2547 459 2606 in·
473 2556 602 2608 tenuem
626 2557 757 2630 recepta
778 2549 964 2621 tramitem,
992 2545 1146 2607 latissime
1169 2546 1324 2628 evagandi

109 2627 177 2689 'sibi
199 2630 282 2689 viam
306 2630 451 2690 faciunt:
476 2638 525 2703 et,
552 2630 608 2690 ubi
633 2630 731 2705 semel
755 2641 846 2693 recto
870 2631 1053 2691 deerratum
1078 2639 1146 2705 est,
1171 2630 1205 2690 in
1225 2651 1328 2708 prae-

110 2732 191 2798 ceps
224 2712 435 2792 pervenitur:
472 2733 531 2774 nec
562 2713 734 2797 quisquam
768 2714 833 2777 sibi
862 2722 958 2798 putat
992 2721 1111 2796 turpe,
1142 2714 1236 2798 quod
1267 2712 1324 2776 alit

107 2795 180 2857 fuit
201 2795 416 2854 fructuosum.
743 2839 745 2844 .
1107 2847 1108 2850 ,

156 2875 220 2936 lv.
252 2875 389 2936 Interim
421 2872 497 2934 dum
526 2875 608 2939 haec
633 2874 667 2936 in
696 2876 791 2939 Italia
817 2887 990 2961 geruntur,
1018 2879 1245 2950 Aristonicus,
1267 2877 1327 2960 qui

110 2969 249 3021 mortuo
281 2977 357 3039 rege
390 2956 520 3032 Attalo,
552 2981 569 3016 a
603 2979 668 3040 quo
696 2960 772 3020 Asia
802 2960 927 3042 populo
963 2962 1108 3021 Romano
1143 2961 1327 3022 hereditate

112 3043 231 3107 relicta
267 3049 363 3112 erat,
404 3041 489 3102 sicut
519 3040 633 3113 relicta
666 3052 779 3121 postca
815 3051 862 3102 est
893 3066 910 3102 a
941 3043 1119 3105 Nicomede
1151 3041 1324 3122 Bithynia,

112 3126 269 3187 mentitus
301 3125 410 3205 regiae
440 3124 554 3205 stirpis
588 3124 770 3206 originem,
796 3125 893 3185 armis
926 3145 996 3184 eam
1030 3133 1266 3207 occupaverat3
1302 3125 1330 3186 is

112 3210 220 3269 victus
240 3230 257 3267 a
278 3206 322 3266 Μ.
348 3209 532 3289 Perpenna,
555 3205 736 3291 ductusque
752 3208 791 3269 in
813 3207 998 3288 triumpho,
1019 3206 1112 3268 seda
1125 3208 1183 3269 M?
1202 3206 1328 3291 Aquil-

111 3290 186 3366 lio,
222 3291 329 3369 capite
359 3310 483 3374 poenas
515 3289 626 3362 dedit3
650 3313 749 3373 quum
776 3290 872 3352 initio
902 3289 982 3350 belli
1014 3290 1161 3353 Crassum
1192 3291 1326 3351 Mucia-

114 3397 213 3448 num,
239 3375 343 3435 virum
368 3374 449 3438 iuris
471 3374 741 3448 scientissimum,
772 3374 980 3435 decedentem
1002 3372 1149 3437 .ex'·Asia
1174 3375 1330 3437 Procon-

110 3456 240 3531 ,sulem,
276 3458 502 3537 interemisset.
544 3457 586 3517 Et
615 3456 654 3517 P.
680 3453 792 3540 Scipio
823 3457 995 3523 Africanus
1025 3457 1242 3535 Aemilianus,
1268 3456 1327 3540 qui

118 3540 347 3624 Carthaginem
372 3541 554 3614 deleverat,
580 3548 656 3624 post
675 3551 726 3603 tot
744 3550 891 3623 acceptas
917 3541 1004 3601 circa
1028 3542 1244 3603 Numantiam·
1258 3542 1328 3603 cla-

119 3622 188 3697 des,
215 3632 341 3685 creatus
368 3623 486 3685 iterum
515 3623 652 3696 Consul,
678 3626 913 3707 missusquein
937 3625 1148 3703 Hispaniam,
1174 3627 1328 3695 fortunae

117 3704 318 3789 virtutique,
343 3717 493 3789 expertae
525 3707 558 3767 in
580 3707 711 3781 Africa,
738 3707 907 3786 respondit
931 3708 966 3769 iu
992 3706 1166 3786 Hispania:
1194 3714 1227 3764 et
1241 3706 1327 3788 intra

117 3810 236 3850 annum
265 3811 303 3850 ac
326 3798 392 3849 tres
421 3811 566 3865 menses,
600 3813 696 3873 quam
725 3812 763 3850 eo
793 3799 945 3863 venerat,
979 3788 1212 3849 circumdatam
1238 3809 1326 3871 ope7

116 3871 212 3936 ribus
236 3874 443 3933 Numantiam
466 3873 669 3956 escisamque
694 3871 844 3955 aequavit
863 3873 945 3933 solo.
989 3874 1056 3933 Nec
1079 3873 1248 3954 quisquam
1273 3871 1328 3932 ul-'·

115 3955 184 4018 lius
215 3957 319 4039 gentis
339 3955 515 4023 ¹hominum
540 3965 613 4017 ante
639 3978 712 4017 cum
738 3954 873 4016 clariori
900 3955 1032 4015 urbium
1058 3955 1185 4016 excidio
1210 3977 1327 4017 nomen

117 4060 213 4101 suum
231 4047 409 4122 perpetuae
432 4038 670 4103 commendavit
696 4037 885 4098 memoriae.
928 4039 1077 4119 Quippe,
1108 4038 1210 4098 excisa
1241 4040 1328 4100 Car·

118 4122 253 4205 thagine
280 4144 317 4184 ao
338 4120 531 4195 Numantia,
557 4122 597 4182 ab
623 4121 756 4187 alterius
781 4141 839 4180 nos
861 4129 971 4193 metu,
995 4120 1128 4182 alterius
1151 4120 1329 4184 vindicavit

110 4205 339 4268 contumeliis.
383 4205 463 4279 Hic,
489 4225 562 4265 eum
587 4205 809 4286 interrogante
835 4200 981 4263 Tribuno
1009 4194 1176 4277 Carbone,
1194 4202 1329 4286 quidde

123 4289 193 4350 Tib.
214 4286 354 4350 Gracchi
370 4288 466 4350 caede
488 4290 646 4349 sentiret?
671 4286 859 4368 respondit:
885 4290 916 4365 ri
936 4289 963 4345 is
984 4282 1186 4366 occupandae
1204 4293 1328 4367 Rca'pu.

118 4370 227 4433 blicae
244 4378 384 4434 animum
404 4370 585 4445 habuisset,
603 4374 681 4444 ,iure
705 4393 842 4430 caesum.
883 4368 937 4444 Et,
958 4391 1056 4450 quum
1083 4368 1187 4430 omnis
1210 4372 1326 4443 concio

118 4453 350 4519 adclamasset:
378 4460 551 4529 Hostium,
578 4454 706 4539 inquit,
732 4464 934 4515 armatorum
955 4459 1070 4514 totiens
1099 4453 1253 4519 clamore..
1267 4476 1330 4525 non

120 4541 269 4610 terratus,
290 4544 347 4622 qui
361 4561 492 4622 possum
514 4548 624 4601 aestro.
643 4541 768 4598 moveri
777 4583 800 4617 ,Ι
816 4557 951 4620 quorum
975 4558 1114 4599 nouerca
1133 4547 1181 4596 cst
1200 4535 1331 4596 Italia?

111 4610 286 4684 'Manat
307 4620 343 4683 in
360 4622 492 4691 Urbem
510 4621 600 4685 intra
617 4618 720 4685 trave
738 4628 888 4705 tempus,
907 4610 967 4682 Ms‘
984 4610 1151 4704 Aquinio,
1184 4616 1219 4680 0.
1236 4608 1334 4682 sem-
