2850 4958
325 270 372 377 n
408 234 988 380 munumentum
1230 281 1308 386 sss

92 432 296 535 quodamin
309 432 451 510 'iitsldias
472 446 643 522 deductus,
665 470 765 533 quum
779 440 862 510 'eum
882 447 963 512 hinc
984 440 1195 515 tuduft’arth't
1216 442 1313 530 urge-

91 543 192 609 reat,
215 532 368 595 ecastris
389 532 452 605 iam
473 532 612 615 positis,
644 540 777 615 arrepto
809 541 933 593 tantum
956 533 1094 615 clypeo,
1124 535 1309 615 procurrit:

92 619 270 701 Quumque
288 614 485 677 inconsulto
512 613 631 676 ardore
661 617 781 676 nititur
808 616 941 677 ordines
962 616 1009 697 ad
1023 612 1187 700 proelium
1209 629 1309 677 com*
1331 613 1354 677 3

90 709 240 844 quaere,
264 701 303 760 ab
325 721 391 760 uno
415 720 452 759 cx
474 697 643 772 hostibus,
667 710 699 760 ct
721 699 853 783 quidem
875 700 1040 783 fugiente,
1064 702 1171 761 conto·
1185 720 1310 782 percu-

109 784 190 846 itur;
235 782 432 864 Relatusquc
453 781 487 842 in
509 781 766 856 tabernaculum,
789 795 969 867 rursusque
982 782 1219 844 adhortandus
1234 781 1358 860 suos4

94 854 263 951 egressus}¹
282 866 453 950 paullatim
474 865 629 946 sanguine
651 876 817 939 vacuatus,
840 866 1055 928 circumactis
1076 869 1146 928 fere
1165 866 1311 928 medium
1347 932 1350 937 ,
1394 887 1396 890 ’

91 946 232 1026 defecit,
254 951 440 1033 praefatus,
464 949 614 1010 consulto
635 951 767 1011 sese-de
788 949 928 1032 imperio
951 948 1035 1011 nihil
1055 948 1231 1023 mandare3
1253 970 1308 1029 ne,
1348 980 1351 985 ·
1373 1012 1376 1019 ,

91 1037 144 1097 uti
162 1036 249 1097 tolet
271 1035 304 1094 in
327 1031 537 1094 multitudine
558 1031 818 1116 discrepantibus
839 1033 972 1114 studiis,
994 1034 1100 1095 amico
1119 1052 1158 1094 ex
1173 1031 1308 1106 invidia,

89 1116 308 1198 Reipublicae
336 1114 500 1177 discordia
534 1117 694 1177 exercitus
722 1108 908 1199 periculum
936 1125 1082 1202 pararet.
1124 1115 1248 1177 Fuerat
1274 1109 1353 1181 ind.

91 1222 134 1263 co
157 1204 343 1277 litterarum
367 1222 404 1260 ac
424 1196 632 1281 negotiorum
656 1199 768 1282 ingens
788 1200 944 1262 scientia:
968 1222 1008 1262 eo
1037 1200 1166 1262 iuverat
1187 1198 1307 1282 philo-

90 1286 220 1367 sophos
247 1292 278 1362 ct
300 1284 502 1359 Graecorum
529 1283 795 1364 sapientissimos.
839 1285 910 1345 Usu
937 1284 1106 1367 promtior
1133 1283 1308 1364 corporis}
1332 1278 1354 1342 Β

91 1382 161 1452 quo
183 1365 309 1428 ualidus
332 1365 481 1451 quidem,
504 1362 560 1425 sed
584 1366 692 1427 brevis
713 1368 787 1429 luit.
822 1367 911 1429 Haec
924 1366 1094 1428 minuebat
1109 1364 1311 1447 quarundam
1331 1388 1353 1451 7
1411 1438 1414 1447 ¹

88 1463 204 1514 rerum
227 1438 391 1531 neglectus
412 1450 540 1510 modus.
582 1449 716 1531 Cupido
733 1449 838 1511 laudis
859 1450 1052 1524 immodica3
1075 1449 1182 1511 cultus
1196 1448 1311 1521 nuntie
1399 1476 1401 1483 ·

89 1556 172 1594 num
197 1534 464 1614 superstitiosus:
498 1531 602 1595 audax
623 1532 717 1614 plus,
740 1556 836 1615 quam
860 1532 1091 1614 imperatorem
1115 1532 1231 1603 decet,
1255 1531 1309 1600 cui

89 1617 179 1678 salus
202 1617 362 1700 propria,
396 1639 495 1697 quum
523 1635 652 1696 semper
681 1616 720 1679 ad
743 1615 949 1680 securitatem
976 1615 1141 1688 omnium,
1169 1615 1203 1674 in
1222 1606 1310 1674 hello

87 1702 233 1762 maxime
265 1698 484 1760 conservanda
515 1706 573 1758 est.
617 1696 666 1758 lta
698 1698 791 1760 illum
822 1698 1098 1780 cupidogloriae
1119 1695 1352 1780 flagrantiorli

85 1785 297 1869 pervicerat,
331 1791 368 1843 ut
395 1798 501 1864 neque
527 1789 635 1842 terrae
656 1790 766 1855 motu,
794 1803 901 1863 neque
922 1778 1088 1866 plerisque
1109 1781 1308 1864 praesagiis,

87 1867 211 1953 quibus
242 1867 415 1933 vetabatur
443 1874 556 1947 petere
587 1864 774 1940 Persidem,
807 1863 965 1927 adductus
994 1869 1036 1927 sit
1067 1861 1163 1927 finem
1184 1874 1310 1944 ponere

86 1948 223 2029 ardqri}
247 1968 284 2026 ac
305 1969 347 2009 ne
368 1958 468 2011 noctu
493 1936 623 2031 quidam
647 1948 733 2010 visus
755 1950 867 2034 ingens
888 1945 1006 2034 globus
1027 1948 1121 2013 coelo
1143 1945 1211 2013 labi
1234 1953 1310 2009 aute
1339 2009 1348 2023 ,,

86 2032 179 2099 diem
202 2028 282 2095 belli
307 2037 439 2095 cautum
459 2031 675 2116 praestiterit.
1266 2045 1269 2051 ’
1342 2036 1350 2047 ’

507 2196 628 2275 cte
650 2213 682 2275 u
705 2197 734 2274 'r
776 2196 896 2274 xttv.

612 2340 778 2391 Iovlltttts·
818 2423 821 2427 .

101 2522 105 2527 -
134 2480 298 2556 Iovianus,
312 2479 451 2556 „genitus
469 2485 565 2560 patre
584 2462 796 2539 Varroniano
821 2470 948 2539 insola
971 2475 1040 2554 agri
1063 2464 1308 2560 singidonensis

117 2562 283 2625 rovinciac
304 2562 503 2633 Pannoniae,
527 2562 702 2642 imperavit
722 2581 846 2622 menses
869 2569 958 2621 octo.
993 2558 1073 2621 Eius
1087 2561 1192 2643 nutri,
1208 2582 1308 2643 quum
1330 2576 1352 2622 s

67 2584 216 2713 iiberos
247 2646 382 2706 crebros
413 2645 594 2718 amitteret,
626 2650 836 2726 praeceptum
869 2641 997 2704 somnio
1030 2649 1099 2714 est,
1134 2663 1227 2718 eum,
1251 2645 1308 2725 qui

88 2732 156 2795 iam
180 2733 318 2792 instante
340 2728 452 2788 uxoris
473 2737 582 2810 partu,
607 2726 749 2789 edendus
771 2729 869 2800 foret,
892 2727 1017 2787 diceret
1032 2724 1213 2788 Iovianum.
1244 2728 1308 2788 Hic
1329 2724 1351 2787 3

91 2816 158 2878 fuit
179 2812 321 2956 ἱηεὶέηὶεΙ
336 2833 496 2890 corpore,
519 2811 623 2873 laetus
645 2811 795 2885 inuenio,
817 2808 1000 2872 litterarum
1025 2807 1200 2872 studiosus.
1244 2811 1308 2872 Hic
1329 2810 1352 2889 4

92 2899 169 2960 dum
193 2921 210 2956 a
263 2894 367 2956 erside
388 2894 496 2955 hieme
518 2899 628 2975 aspera
650 2875 821 2977 mediaque
840 2891 1158 2973 Constantinopolim
1180 2892 1309 2956 accele-

83 2995 169 3069 ¹gans
182 2978 375 3067 ,cruditate
396 2978 581 3058 stomachi,
605 2979 745 3040 tectorio
767 2977 845 3039 novi
869 2975 979 3060 operis
1001 2984 1151 3058 gravatus
1172 2979 1306 3059 [esset],
1407 3058 1410 3066 Ι

91 3072 227 3151 tepente
248 3061 394 3157 interiit,
417 3071 517 3124 annos
538 3084 652 3148 gerens
676 3061 828 3146 proxime
854 3058 1081 3146 quadraginta.

513 3238 741 3324 cucur
783 3259 886 3322 xcv.

474 3396 715 3442 vstunrnsssuus
738 3398 775 3436 et·
797 3396 928 3440 smnus·

138 3528 383 3594 Valentinianus
406 3532 581 3615 imperavit
605 3550 705 3592 annos
737 3527 931 3603 duodecim,
959 3527 1065 3590 minus
1086 3527 1200 3593 diebus
1222 3551 1307 3594 een·

93 3620 178 3675 tum.
222 3614 327 3676 liuius
349 3624 444 3695 pater
465 3617 638 3678 Gratianus
658 3610 818 3676 mediocri
839 3614 943 3692 stirpe
959 3622 1051 3674 ortus
1066 3613 1152 3694 opud
1168 3614 1306 3690 cibalas,
1330 3636 1350 3678 a

94 3697 257 3761 Fuuarius
291 3696 470 3775 appellatus
502 3709 570 3772 est,
607 3720 644 3759 eo
678 3698 768 3779 quod
799 3696 989 3758 venalitium
1020 3695 1132 3757 funem
1160 3699 1309 3779 portanti

94 3781 241 3867 quinque
270 3781 389 3841 milites
420 3781 593 3863 nequirent
622 3790 829 3863 extorquere.
873 3779 922 3840 Eo
956 3780 1075 3841 merito
1106 3776 1247 3842 adscitus
1277 3778 1352 3843 in3

93 3865 260 3938 militiam,
284 3884 386 3947 usque
408 3862 445 3920 ad
468 3865 692 3944 praefecturae
713 3862 942 3946 praetorianae
955 3862 1136 3946 potentiam
1154 3883 1311 3926 conscen-
1337 3890 1342 3899 ·

93 3951 166 4011 dit:
192 3949 234 4009 ob
257 3949 348 4009 cuius
370 3946 456 4024 apud
477 3945 957 4019 milites'cornmeudationcm,
984 3945 1215 4008 Valentiniano
1239 3948 1309 4009 im-

90 4033 223 4118 parium
245 4031 410 4110 resistenti
434 4031 612 4111 oggeritur.
654 4030 718 4091 Hic
740 4028 911 4090 Valentem
928 4030 1201 4108 consanguineum
1216 4035 1353 4111 suumd

91 4116 158 4178 sibi
181 4116 306 4180 socium
339 4118 371 4177 in
405 4113 544 4193 imperio
570 4114 726 4187 adscivit,
758 4132 796 4172 ac
818 4111 946 4172 demum
969 4112 1160 4174 Gratianum
1184 4113 1308 4190 filium,

91 4198 233 4263 necdum
265 4201 361 4283 plene
390 4199 569 4272 puberem,
606 4198 740 4258 hortatu
773 4216 888 4257 socrus
920 4202 953 4257 et
982 4197 1095 4259 uxoris
1126 4196 1307 4281 Augustum

95 4284 233 4344 creavit.
275 4286 338 4346 Hic
370 4282 617 4342 Valentinianus
644 4282 709 4342 fuit
734 4280 826 4341 vultu
848 4280 983 4356 decens,
1016 4280 1131 4342 sollers
1154 4278 1351 4363 ingenio,5

95 4364 207 4427 animo
230 4371 345 4446 gravis,
369 4387 519 4429 sermone
540 4364 745 4427 cultissimus.
791 4366 994 4447 Quamquam
1012 4374 1094 4426 esset
1113 4362 1153 4424 ad
1167 4363 1310 4444 loquen-

95 4448 177 4510 dum
201 4472 338 4531 pareus,
362 4470 509 4522 severus,
533 4446 716 4522 vehemens,
740 4448 878 4510 inlectus
899 4458 1007 4511 tamen
1027 4448 1128 4519 vitiis,
1152 4447 1311 4508 maxime-

95 4554 165 4615 que
189 4534 361 4609 avaritiac3
394 4533 487 4596 cuius
512 4531 647 4611 cupitor
677 4532 747 4614 ipse
779 4531 845 4592 fuit
873 4553 967 4606 accr,
1002 4541 1034 4594 et
1067 4532 1100 4592 in
1128 4528 1199 4601 his,
1232 4553 1316 4614 quae

87 4618 341 4683 memoraturus
363 4638 457 4695 sum,
482 4615 652 4681 Hadriano
672 4615 856 4702 proximus.
897 4615 1053 4761 {ingere
1069 4615 1313 4707 venustissime,
1336 4614 1358 4677 6

158 4738 161 4745 “
920 4724 941 4787 7
