2850 4958
146 269 194 349 50
669 220 864 341 vanum
979 314 982 319 .

146 436 307 511 tumulis,¹
336 434 467 515 [etiam]
501 452 746 515 nonnumquam
776 430 962 514 perieulum
1001 430 1155 493 Romano
1189 430 1374 496 inferretur

149 514 301 604 imperio.
346 515 427 579 Illae
454 516 540 577 enim
562 516 755 599 provinciae
785 514 958 599 Scipiones
991 522 1264 589 consumseruat3
1298 513 1376 577 illoc

148 600 390 666 contumelioso
423 601 455 660 X
484 622 645 661 annorum
664 596 755 662 bello
777 598 837 661 sub
860 598 943 659 duee
966 596 1120 660 Viriatho
1146 598 1294 660 maiores
1310 620 1379 661 nu-

146 696 233 751 stros
256 688 494 758 marcuerunt3
524 680 599 744 illae
619 692 751 747 terrore
770 681 962 745 Numantini
988 682 1086 755 belli,
1109 680 1274 765 populum
1296 682 1377 745 Ro-

40 836 44 843 ,
147 792 280 832 manum
295 774 551 840 concusserunt;
575 766 608 827 iu
623 762 688 827 illis
704 776 801 849 turpe
816 768 857 843 Q.
874 764 1025 847 Pompeii
1041 766 1158 827 foedus
1172 764 1378 849 turpiusque

146 850 313 927 Mancini,
343 852 480 923 Senatus
512 870 586 911 cum
619 850 799 928 ignominia
830 850 934 913 dediti
969 850 1179 931 imperatoris
1208 850 1375 928 rescidit:

147 936 205 999 illa
226 944 279 999 tot
300 935 513 1007 Consulares,
546 940 599 997 tot
620 934 814 999 Praetorios
836 933 994 996 absumsit
1017 932 1139 1007 duces3
1171 941 1379 1019 patrumque

106 1076 112 1087 ,
149 1014 273 1095 rietate,¹
290 1020 324 1081 iu
345 1028 472 1081 tautum
492 1015 680 1079 Sertorium
700 1017 799 1081 armis
821 1018 949 1092 extulit,
972 1026 1009 1079 ut
1030 1039 1099 1100 per.
1108 1016 1378 1101 quinquennium

149 1103 325 1165 diiudie'ari
347 1125 413 1163 non
433 1100 602 1185 potuerit,
624 1102 779 1183 Hispanis
800 1100 995 1165 Romanisne
1018 1102 1052 1163 iu
1073 1100 1173 1163 armis
1192 1098 1270 1183 plus
1291 1110 1378 1165 meet

149 1188 284 1261 roboris
296 1234 305 1267 ,
328 1195 361 1250 ct
381 1194 457 1247 uter
476 1185 621 1268 populus
640 1182 738 1257 alteri
760 1188 927 1268 pariturus
949 1187 1050 1248 foret.
1086 1186 1153 1249 Has
1167 1185 1276 1268 igitur
1288 1208 1378 1269 prn-

149 1270 273 1337 rineius
293 1278 360 1331 tam
381 1266 533 1345 diffusas,
555 1275 621 1329 tam
643 1270 853 1352 frequentes,
876 1279 942 1331 tana
965 1270 1069 1340 ieras,
1101 1267 1143 1332 ad
1166 1291 1236 1329 eam
1258 1291 1377 1352 pacem

150 1352 272 1414 abhinc
293 1375 395 1414 annos
416 1354 520 1415 ferme
540 1352 566 1413 L
588 1352 744 1435 perduxit
773 1354 889 1415 Caesar
918 1354 1100 1431 Augustus,
1121 1361 1169 1426 ut,
1193 1374 1280 1435 quae
1301 1374 1378 1417 mn·

149 1438 247 1499 ximis
270 1437 366 1515 bellis
387 1458 563 1519 numquam
585 1444 790 1511 vacaverant,
813 1459 869 1499 cue
884 1438 946 1503 ¹sub
971 1438 1006 1498 C.
1029 1435 1185 1509 Antistio,
1200 1457 1240 1497 ue
1255 1436 1377 1499 deindo

150 1521 190 1583 P.
213 1520 298 1584 Silio
319 1521 441 1603 Legato
465 1520 648 1601 ceterisque
668 1528 806 1601 postca,
830 1522 928 1581 etiam
949 1520 1325 1585 latrociniisracarent.

192 1604 279 1668 XCI.
301 1608 389 1666 Dum
411 1612 550 1687 pacatur
572 1602 754 1676 Occidens,
787 1604 829 1665 ab
853 1605 991 1667 Oriente
1012 1625 1049 1664 ae
1071 1624 1148 1686 rege
1169 1603 1376 1668 Parthorum

151 1690 241 1773 signa
273 1690 438 1762 Romana,
470 1707 555 1769 quae
588 1687 702 1748 Crasso
736 1709 893 1769 oppressu
928 1686 1079 1761 Orodes,
1112 1708 1196 1769 quae
1225 1686 1375 1750 Antonio

153 1773 249 1863 pulso
271 1772 358 1833 iilius
380 1772 449 1833 eius
469 1770 626 1833 Pbraates
648 1778 819 1851 ceperant,
836 1772 990 1853 ,Augusto
1012 1769 1145 1834 remissa
1166 1778 1261 1831 sunt:
1284 1768 1377 1854 qnod

153 1877 334 1939 cognomen
358 1854 406 1923 illi
430 1856 516 1925 viro,
542 1850 656 1913 Planci
680 1854 851 1929 sententia,
874 1875 1048 1917 consensus
1069 1854 1213 1915 universi
1237 1854 1377 1917 Senatus

152 1938 337 2025 populique
358 1937 497 1997 bomani
521 1934 652 1997 indidit.
695 1934 798 1997 Erant
819 1947 937 2011 tamen,
960 1938 1017 2019 qui
1039 1937 1127 1999 hunc
1147 1936 1376 2001 felicissimum

152 2030 273 2104 ebatum
295 2020 450 2081 odissent.
494 2018 628 2099 Quippe
649 2018 686 2078 L.
707 2020 860 2095 Murena,
885 2030 917 2083 et
938 2020 1081 2081 Fannius
1104 2022 1239 2101 Caepio,
1262 2022 1378 2085 diver-

152 2105 197 2165 sis
218 2106 378 2176 muribus,
404 2107 489 2180 (anm
505 2104 641 2163 Murena
658 2102 727 2163 siae
747 2101 813 2165 boc
834 2105 982 2166 facinore
1001 2105 1115 2186 potuit
1133 2104 1239 2166 videri
1255 2105 1376 2180 bonus,

156 2188 278 2271 Caepio
305 2196 336 2248 et
360 2188 426 2247 boc
447 2195 521 2249 ante
542 2187 734 2268 pessimus,)
755 2210 856 2270 quum
878 2188 1014 2249 inissent
1033 2187 1206 2251 occidendi
1222 2189 1377 2257 ¹Caesareis

154 2270 314 2347 consilia,
336 2270 500 2352 'oppressi
530 2271 728 2333 auctoritate
755 2270 908 2352 publica,
940 2272 1030 2354 quod
1057 2272 1089 2332 ri
1117 2273 1378 2337 facererolue·

153 2363 253 2427 rant,
283 2354 356 2419 iure
386 2354 471 2436 passi
500 2362 599 2421 sunt.
629 2355 745 2433 Neque
767 2354 869 2415 multo
891 2366 969 2437 post
990 2355 1092 2417 Rufos
1115 2355 1377 2439 Egnatius,.per

156 2439 267 2499 ornain
289 2436 464 2523 gladiatori
487 2460 584 2519 quum
608 2436 762 2498 Senatori
783 2439 945 2521 propior,
977 2439 1118 2502 collecto
1143 2442 1176 2502 in
1197 2430 1376 2506 Aedilitate

153 2522 269 2582 favore
299 2520 434 2603 populi,
466 2542 562 2605 quem
596 2520 821 2595 extinguendis
853 2524 979 2603 privata
1012 2522 1136 2585 familia
1158 2524 1322 2589 incendiis
1344 2524 1376 2587 iu

155 2602 224 2687 dies
247 2613 399 2677 auxerat,
429 2604 462 2667 iu
490 2612 616 2665 tantum
639 2602 794 2685 quidem,
820 2616 857 2667 ut
878 2607 908 2667 ei
930 2607 1123 2669 Praeturam
1146 2609 1376 2683 continuaret,

154 2709 233 2749 mox
255 2689 353 2750 etiam
375 2686 583 2750 Consulatum
607 2696 721 2770 petere
742 2711 854 2763 ausus,
877 2714 979 2773 quum
1001 2700 1084 2752 osset
1106 2691 1252 2752 onmium
1275 2692 1377 2774 ilagi-

153 2769 280 2833 tiorum
309 2771 533 2854 scelcrumque
563 2770 687 2833 sentina
712 2793 875 2847 emersus,
898 2775 1101 2837 nec-melior
1125 2772 1174 2836 illi
1196 2797 1250 2837 res
1273 2778 1377 2839 iami-

154 2852 266 2929 liaris,
290 2878 386 2939 quam
407 2876 496 2923 mens
516 2855 626 2929 foret,
658 2860 840 2940 aggregatis
870 2857 1045 2921 simillimis
1067 2858 1153 2931 sibi,
1185 2858 1378 2925 interimere

156 2938 326 3027 Caesarem
347 2939 491 3013 statuit,
524 2947 582 3012 ut,
616 2959 682 3039 quo
713 2937 802 3003 salvo
831 2941 936 3004 salvus
966 2964 1035 3004 esse
1060 2963 1128 3005 non
1153 2952 1313 3025 poterat,¹
1333 2966 1377 3008 eo

154 3020 284 3087 sublato
314 3030 513 3095 moreretur.
566 3022 700 3106 Quippe
730 3023 776 3086 ita
807 3047 841 3087 se
870 3046 980 3088 mores
1009 3026 1153 3098 habeat,
1181 3036 1218 3087 ut
1237 3028 1376 3108 publica

155 3105 295 3190 quisque
311 3106 410 3169 ruina
432 3104 524 3169 malit
546 3106 715 3183 occidere,
750 3131 848 3191 quam
874 3131 930 3171 sua
952 3110 1104 3184 proteri,
1127 3116 1161 3170 et
1180 3110 1268 3174 idem
1291 3134 1375 3195 pas-

156 3198 267 3267 surus',
298 3190 405 3251 minus
431 3188 591 3274 conspici.
634 3191 748 3273 Neque
774 3192 831 3253 bie
850 3192 1022 3273 prioribus
1043 3194 1078 3255 in
1101 3194 1299 3263 occultando
1323 3198 1378 3259 ie-

154 3268 255 3349 liciqr
276 3272 595 3356 autumnalemque
616 3274 754 3348 carceri,
777 3295 851 3337 eum
872 3276 1015 3339 consciis
1036 3278 1206 3353 facinoris,
1230 3288 1376 3343 mortem

157 3355 380 3437 dignissimam
399 3356 465 3417 rita
488 3378 545 3418 sun
568 3353 665 3416 obiit.
1116 3383 1120 3389 -
1189 3378 1192 3385 ·
1418 3362 1420 3373 ·

198 3436 301 3501 XCll.
335 3436 545 3503 Praeclarum
567 3436 754 3513 ereellcutis
773 3438 838 3501 viri
860 3439 983 3503 iactum
999 3443 1041 3504 C.
1063 3442 1168 3507 Sentii
1192 3444 1377 3521 Saturnini,

155 3520 243 3582 eirea
267 3541 302 3578 ea
325 3528 473 3603 tempora
497 3517 659 3593 Consulis,
679 3541 720 3582 ne
740 3522 913 3587 fraudetur
935 3527 1104 3591 memoria.
1132 3525 1259 3589 Aberat
1274 3528 1309 3592 in
1324 3548 1380 3593 or·
1417 3532 1420 3570 ²

157 3602 307 3675 dinandis
329 3604 424 3667 Asiae
446 3604 661 3685 Orientisque
682 3604 780 3667 rebus
802 3608 930 3683 Caesar,
953 3610 1189 3674 circumferens
1211 3620 1379 3677 terrarum

157 3688 233 3775 orbi
264 3689 447 3771 praeseutia
479 3688 568 3769 [suu]
598 3687 688 3769 pacis
719 3710 795 3753 snae
826 3691 935 3755 bona:
969 3704 1039 3757 tum
1060 3695 1211 3769 Sentius,
1234 3698 1326 3759 forte
1347 3706 1381 3761 et

157 3768 265 3847 soloas,
289 3780 322 3832 et
342 3772 474 3834 absente
502 3770 656 3846 Caesare,
680 3772 821 3859 Consul,
845 3800 946 3859 quum
966 3778 1050 3853 alia,
1071 3780 1180 3861 prisca
1202 3782 1380 3844 severitate

156 3856 348 3935 summaque
368 3855 571 3930 constantia,
597 3864 756 3920 veterum.
773 3860 948 3924 Consulum
975 3883 1070 3925 more
1095 3865 1146 3939 [ac
1167 3865 1379 3945 severitateJ,

156 3938 325 4020 gessisset,
347 3940 564 4023 protraxisset
584 3940 838 4023 publicanorum
859 3943 1009 4019 fraudes,
1033 3948 1178 4026 punisset
1190 3950 1379 4023 avaritiam,

156 4023 343 4105 ingessisset
372 4022 406 4083 in'
430 4026 592 4089 aerariam
619 4027 775 4105 pecunius
794 4028 960 4110 publicas,
990 4030 1118 4091 tamin
1139 4032 1285 4095 comitiis
1305 4032 1380 4095 ba·-

154 4090 272 4165 luondis
292 4105 508 4191 praecipuum
531 4110 598 4193 egit
621 4110 804 4177 Consulem.
850 4112 933 4173 Nam
960 4122 994 4175 et
1015 4116 1232 4191 Quaesturam
1252 4126 1381 4199 peten-

158 4194 227 4273 tes,
252 4212 335 4271 quos
358 4188 508 4273 indignos
531 4194 705 4268 iudicavit,
720 4192 882 4273 ‚profiteri
904 4197 1029 4270 uetuit3
1061 4207 1111 4272 et,
1145 4222 1247 4280 quum
1268 4201 1305 4263 id
1325 4204 1381 4269 sut-'-

156 4280 269 4360 qturos
291 4295 324 4334 se
344 4286 605 4355 perseverarent,
628 4278 851 4349 consularem,
873 4283 905 4337 si
922 4283 956 4339 in
969 4302 1118 4363 campum
1132 4282 1379 4361 descendissent,

155 4352 330 4417 vindictum
350 4356 491 4420 minatus
513 4368 578 4432 est3
612 4370 645 4423 et
664 4360 855 4443 Egnatium,
887 4358 1058 4435 florentem
1083 4369 1196 4431 favore
1218 4369 1380 4445 publico,

156 4450 427 4522 sperantemque,
458 4452 496 4505 ut
523 4442 718 4506 Praeturam
744 4441 939 4520 Aedilitati,
963 4446 1176 4513 Consulatum
1196 4451 1382 4519 Praetores

155 4544 190 4583 ae
212 4524 400 4587 iuncturam
413 4572 428 4599 ,
442 4524 596 4607 profiteri
618 4527 742 4601 rctuit3
766 4534 920 4621 ethuum
942 4528 976 4591 id
997 4554 1062 4595 non
1085 4534 1296 4612 obtinuisset,
1322 4540 1382 4601 iu-

156 4607 264 4681 ravit,
294 4610 395 4671 etz'crm
420 4606 589 4693 niscatur
615 4622 698 4679 esset
728 4612 849 4695 Consul
874 4614 1046 4704 suffragiis
1060 4620 1194 4704 papali,
1214 4632 1327 4689 tamen
1345 4644 1385 4695 se
