2850 4958
474 310 569 388 mn.
597 308 646 389 u.
676 308 783 389 me.
810 268 911 384 unt.
1243 268 1298 415 ζ98
1354 302 1357 306 ’

84 473 164 535 Nec
190 492 267 536 sane
292 472 390 549 viris,
418 472 553 555 opibus,
582 466 904 557 armis‚'quidquam
926 466 1093 555 copiosius
1113 470 1228 557 Syria:
1250 477 1348 559 sedq

86 556 129 618 in
147 576 262 617 manus
283 565 349 617 tam
371 555 479 638 ignavi
500 555 585 637 regis
610 556 784 630 inciderat,
807 566 844 616 ut
864 554 950 617 nibil
969 557 1074 619 fuerit
1090 557 1123 618 in
1138 558 1303 623 Antiocho

85 639 293 723 speciosius,
323 663 417 722 quam
453 640 541 721 quod
565 662 582 697 a
605 640 757 701 Romanis
779 640 884 700 rictus
906 648 965 700 cst.
1011 641 1175 723 Impulere
1197 641 1347 727 regem5

84 722 127 785 in
148 722 182 783 id
204 720 338 796 bellum,
363 722 454 783 illinc
476 722 599 796 Thoas,
625 723 773 784 Aetoliae
795 726 961 805 princeps,
979 723 1203 786 inhonoratam
1221 727 1307 808 apud

83 808 256 867 Romanos
279 827 416 888 querens
439 805 589 866 adversus
620 806 813 892 Macedones
836 807 972 868 militiae
994 830 1069 869 suae
1093 810 1303 871 societatem:

82 890 171 959 hinc
192 888 375 962 Hannibal,
399 889 479 971 qui,
503 889 537 949 in
558 890 669 951 Africa
691 891 796 952 victus
808 936 818 965 ,
840 892 1000 973 profugus
1028 901 1061 953 et
1082 893 1172 974 pacis
1194 893 1305 976 impa-

81 974 197 1047 tiens,
225 973 352 1033 hostem
374 972 499 1054 populo
531 972 678 1034 Romano
710 982 783 1034 toto
813 972 895 1035 orbe
924 975 1112 1056 quaerebat.
1155 976 1197 1037 Et
1219 975 1349 1059 quodli

88 1054 180 1119 illud
206 1058 321 1117 fuisset
351 1056 556 1137 periculum,
590 1057 616 1117 si
647 1078 681 1117 se
712 1056 858 1119 consiliis
881 1057 949 1117 eius
970 1079 1027 1119 rex
1048 1058 1251 1133 tradidisset,
1274 1059 1308 1121 id

85 1148 153 1211 est,
176 1140 202 1199 si
225 1140 320 1200 Asiae
342 1141 467 1200 viribus
491 1160 564 1200 usus
585 1140 701 1201 fuisset
723 1141 823 1202 miser
846 1141 1027 1204 Hanniball
1070 1143 1134 1204 Sed
1156 1165 1225 1218 rex,
1242 1144 1307 1204 suis

87 1224 216 1305 opibus
251 1233 283 1285 et
312 1224 444 1284 nomine
474 1225 566 1307 regio
599 1226 725 1298 fretus,
759 1225 835 1285 satis
863 1224 981 1285 habuit
1005 1224 1128 1287 bellum
1164 1246 1308 1288 movere.

84 1307 229 1389 Europa
257 1309 322 1367 iam
353 1306 454 1368 dubio
486 1306 605 1389 procul
637 1308 710 1369 iure
740 1307 781 1368 ad
811 1306 974 1368 Romanos
1004 1310 1203 1391 pertinebat.
1247 1309 1353 1398 Hic7

86 1390 335 1473 Lysimachiam
365 1392 502 1464 urbem,
535 1392 567 1451 in
597 1390 713 1454 littore
744 1390 889 1453 Thracio
917 1391 1059 1472 positam
1086 1416 1104 1453 a
1131 1392 1334 1454 nlaioribus*

87 1474 183 1548 suis,
206 1472 388 1536 Antiochus
412 1482 448 1535 ut
469 1473 671 1536 hereditario
694 1475 766 1537 iure
789 1474 950 1556 reptebat.
983 1477 1056 1536 Hoc
1077 1475 1166 1537 velut
1190 1474 1309 1548 sidere,

85 1557 231 1621 Asiatici
262 1556 340 1617 belli
373 1567 461 1619 mota
495 1564 680 1638 tempestas.
734 1556 776 1618 Et
805 1558 964 1618 maximus
996 1579 1110 1641 regum
1143 1555 1355 1619 contentusss

88 1643 231 1705 fortiter
251 1640 406 1702 indixisse
428 1639 563 1712 bellum,
587 1662 687 1721 quum
710 1640 832 1722 ingenti
855 1641 996 1723 strepitu
1017 1661 1054 1701 ac
1075 1640 1217 1702 tumultu
1238 1662 1316 1702 mo-

92 1726 198 1787 visset
220 1745 259 1785 ex
280 1724 379 1794 Asia,
403 1723 571 1805 occupatis
592 1724 701 1785 statim
726 1722 860 1797 insulis,
889 1724 1110 1806 Graeciaeque
1130 1723 1312 1800 littoribus,

91 1808 166 1871 otia
188 1816 221 1868 et
241 1807 335 1868 luxus
357 1809 538 1888 [tamquam
559 1806 680 1885 vietor]
697 1805 852 1889 agitabat.
884 1805 1052 1868 Euboeam
1068 1806 1217 1883 insulam,
1233 1810 1356 1894 con-'9

90 1892 215 1955 tinenti
246 1889 478 1951 adhaerentem
491 1934 508 1964 ,.
530 1890 620 1951 tenui
642 1891 729 1952 freto
755 1888 1039 1970 reciprocantibus
1058 1894 1151 1974 aquis
1172 1890 1315 1973 Euripus

93 1975 250 2037 abscidit.
293 1972 357 2035 Hie
390 1973 446 2035 ille
475 1973 592 2056 positis
622 1973 729 2033 aureis
759 1972 938 2056 sericisque
959 1975 1133 2047 tentoriis,
1159 1975 1219 2036 sub
1241 1973 1314 2056 ipso

92 2058 176 2121 freti
198 2078 386 2128 murmure,
420 2079 519 2139 quum
543 2056 629 2117 inter
649 2056 769 2117 fluenta
791 2054 883 2117 tibiis
906 2056 1090 2140 fidibusque
1112 2060 1314 2132 concineret,

95 2141 228 2203 collatis
262 2140 427 2222 undique,
459 2139 604 2222 quamvis
635 2161 697 2222 per
722 2138 885 2212 hiemem,
916 2142 1021 2214 rosis,
1054 2163 1095 2203 ne
1116 2164 1182 2202 non
1204 2141 1315 2223 aliquo

98 2224 217 2287 ducem
249 2245 367 2308 genere
398 2245 494 2305 agere
514 2222 700 2296 videretur,
721 2222 885 2303 virginum
906 2245 1153 2307 puerorumque
1173 2225 1318 2286 delectus

95 2308 253 2369 habebat.
297 2307 410 2367 Talem
433 2329 510 2389 ergo
533 2328 655 2388 regem,
679 2306 743 2367 ium
763 2304 892 2365 luxuria
908 2329 963 2367 sua
980 2307 1188 2381 debellatum,
1208 2327 1358 2389 popu-ro

96 2392 151 2453 lus
175 2393 358 2464 Romanus,
387 2388 496 2452 Acilio
524 2389 704 2452 Glabrione
728 2388 888 2462 Consule,
913 2391 961 2469 [in
985 2389 1088 2452 insula
1111 2391 1278 2472 adgressus
1292 2391 1319 2471 ,]

99 2478 175 2557 ipso
201 2477 309 2551 statim
336 2473 490 2534 adventus
516 2476 565 2535 sui
587 2474 709 2535 nuncio
737 2473 848 2558 coegit
870 2473 909 2533 ab
938 2474 1041 2535 insula
1063 2475 1189 2558 fugere.
1235 2474 1358 2543 Tumrr

96 2558 315 2641 praecipitem
348 2557 434 2637 apud
467 2557 707 2639 Thermopylas
739 2556 910 2619 adsecutus
936 2556 1059 2635 [locum
1094 2559 1320 2620 trecentorum

80 2642 268 2705 'Laconum
292 2639 440 2721 speciosa
469 2640 567 2702 caede
591 2639 877 2719 memorandum],
902 2661 945 2700 ne
971 2640 1017 2702 ibi
1045 2640 1176 2725 quidem
1201 2639 1320 2702 fiducia

83 2726 169 2791 ‘loci
191 2725 411 2796 resistentem,
435 2723 519 2784 mari
541 2730 688 2784 aeterra
713 2722 829 2783 cedere
854 2724 973 2805 eoigit.
1016 2720 1133 2785 Statim
1160 2732 1191 2785 et
1209 2746 1247 2786 ex
1261 2726 1362 2786 'vc-12

98 2806 205 2889 stigio
231 2809 299 2866 itur
327 2805 360 2866 in
391 2805 532 2886 Syriam.
578 2805 694 2866 Classis
719 2805 809 2888 regia
836 2804 1059 2887 Polyxenidae
1079 2804 1322 2892 Hannibalique

97 2889 297 2955 commissa:
320 2908 394 2949 nam
415 2908 474 2948 rex
495 2888 663 2969 proelium
684 2908 745 2948 nec
767 2897 914 2967 spectare
934 2897 1079 2971 poterat.
1109 2890 1217 2973 Igitur
1239 2892 1323 2952 duce

98 2971 246 3037 Aemilio
275 2970 423 3053 Regillo,
456 2970 733 3054 adremigantibus
760 2970 899 3035 Rhodiis
913 3016 933 3041 ‚.
952 2980 1022 3031 tota
1052 2971 1227 3033 laceratur.
1274 2968 1365 3032 Nem

84 3056 166 3120 'sibi
189 3056 338 3137 placeant
362 3051 528 3115 Athenaei
552 3054 586 3115 in
608 3052 775 3114 Antiocho
797 3053 934 3113 uicimus
955 3054 1105 3126 Xerxen,
1130 3054 1164 3114 in
1180 3052 1321 3116 Aemilio

101 3138 360 3203 Themistoclem
389 3135 614 3218 [Alcibiaden]
642 3135 873 3217 aequavimus3
895 3133 1025 3217 Epheso
1049 3134 1209 3197 Salamina
1230 3158 1320 3218 pen-

101 3224 254 3287 savimus.
300 3223 385 3282 Tum
418 3220 557 3282 Consule
588 3220 768 3299 Scipione,
791 3219 844 3281 cui
867 3220 971 3280 frater
995 3216 1362 3298 ille,r'nodovietor14

103 3305 327 3388 Carthaginis,
361 3303 556 3377 Africanus,
588 3303 775 3377 voluntaria
808 3302 972 3383 legatione
1004 3302 1136 3377 aderat,
1165 3303 1324 3367 debellari

103 3411 214 3474 regern
236 3388 363 3471 placet:
388 3396 421 3450 et
441 3388 505 3449 iam
524 3396 608 3447 toto'
619 3394 760 3448 cesserat
777 3388 882 3459 mari3
907 3385 961 3447 sed
983 3394 1043 3446 n'os'
1066 3385 1149 3449 imus
1171 3388 1320 3451 ulterius.

102 3473 316 3535 Maeandrum
348 3470 388 3531 ad
419 3494 546 3532 amnem
576 3471 787 3552 montemque
820 3468 972 3552 Sipylum
1001 3476 1106 3531 castra
1138 3466 1363 3554 p'onuntur.15

102 3556 170 3618 Hic
190 3570 265 3627 rex',
288 3554 482 3616 incredibile
503 3550 610 3616 dictul
634 3553 753 3636 quibus
775 3554 917 3628 auxiliis,
940 3552 1058 3634 quibus
1081 3555 1186 3635 copiis
1204 3578 1339 3619 conse-..

106 3638 219 3701 derat:
243 3646 388 3700 trecenta
409 3637 512 3699 millia
534 3636 704 3720 peditum,
729 3639 894 3718 equitum,
918 3637 1180 3717 falcatorumque
1202 3640 1324 3700 curru-

105 3744 163 3783 um
185 3744 250 3784 non
272 3722 383 3783 minor
402 3728 568 3782 numerus.
606 3719 798 3803 Elephantis
818 3723 859 3783 ad
879 3722 947 3781 hoc
969 3718 1142 3778 immensae
1156 3718 1364 3803 magnitu-rli

106 3804 211 3880 dinis,
234 3826 335 3878 auro,
357 3808 529 3888 purpura,
551 3810 710 3881 argento,
734 3812 767 3864 et
786 3824 845 3865 suo
867 3804 967 3864 ebore
987 3800 1199 3882 fulgentibus,
1222 3796 1341 3863 aciem?

104 3888 275 3972 utrimque
303 3887 489 3951 vallaverat.
539 3887 605 3948 sed·
628 3888 717 3947 haec'
743 3885 853 3947 omnia
880 3883 1075 3967 praepedita*
1101 3886 1364 3976 magnitudine17

103 3994 183 4036 sua:
209 3974 249 4034 ad
269 3973 336 4033 hoc
358 3972 481 4044 imber,
505 3971 560 4055 qui
585 3970 704 4032 subito
719 3970 930 4051 superfusus,
949 3968 1033 4029 mir'a
1054 3964 1212 4029 felteitata
1237 3964 1324 4032 Pei-

105 4058 193 4120 sicos
225 4077 319 4118 arcus
345 4064 542 4140 corruperat
547 4054 739 4200 ᾇῖτίῳυω
760 4050 957 4153 trepidatio,
986 4069 1063 4110 mox
1086 4052 1178 4133 fuga,
1202 4050 1320 4114 dehinc

103 4141 295 4223 triumphus
311 4143 456 4203 fuerunt.
500 4134 550 4198 Vt·
625 4132 665 4199 cli
677 4126 817 4219 supplica
840 4138 954 4217 pacem
969 4140 1066 4213 atquc
1079 4142 1206 4214 partem
1228 4135 1320 4220 regni

105 4224 180 4289 dari
202 4223 344 4309 placuit,
370 4246 409 4288 eo
430 4222 608 4298 libentius,
631 4222 808 4306 quodntam
824 4217 928 4317 'facilis
949 4219 1105 4280 cessisset.

550 4356 776 4421 CAPUT
818 4355 877 4419 lx.
993 4414 999 4423 ,

394 4466 397 4473 ’
481 4464 648 4507 nunaunt
684 4440 949 4502 aeramenta]
985 4450 998 4467 '¹
1028 4434 1068 4445 ”
1134 4498 1137 4505 ,
1180 4434 1204 4463 “’

156 4557 295 4639 Syriaco
339 4534 430 4635 bello
470 4558 647 4632 successit,
691 4567 724 4621 et
744 4552 935 4639 debebat,¹
964 4531 1160 4621 lletolicum.
1218 4544 1318 4613 Victo
1335 4519 1359 4612 ⁸r

110 4630 234 4728 quippe
251 4628 451 4718 'Antiocho,
483 4633 648 4707 Romanus
677 4642 770 4704 faces'
794 4634 929 4701 Asiatici
954 4632 1032 4697 helli
1052 4632 1320 4717 persequebatur.
