2850 4958
444 250 910 358 assandunam
1165 332 1168 347 .
1252 280 1304 384 39

88 449 202 527 blica,
220 448 409 535 provincias
438 449 665 531 exercitusque
697 454 953 532 occupaverant,
983 453 1017 509 et
1035 444 1225 531 ubicumque
1244 448 1308 528 apsi

93 547 212 610 essent,
243 540 491 617 praetexentes,
526 548 593 593 esse
619 533 883 615 Rempublieam,
905 530 1059 615 pecunias
1082 528 1200 605 etiam,
1223 548 1307 613 quae

92 634 131 680 ex
153 618 377 680 transmarinis
398 617 579 699 provinciis
599 615 735 676 Romam
757 616 798 679 ab
820 608 1058 696 Quaestoribus
1083 614 1308 698 deportaban-

89 710 163 775 tur,
202 722 220 761 a
251 699 438 763 volentibus
469 706 673 781 acceperant.
725 700 817 779 Quae
850 698 958 761 omnia
996 698 1132 760 Senatus
1167 692 1308 759 decretis

89 782 326 866 comprehensa
359 792 392 846 et
418 780 633 865 comprobata
665 788 751 844 sunt.
792 776 836 844 Et
865 780 908 845 Ι).
931 781 1053 856 Bruto,
1088 778 1178 864 quod
1199 778 1306 842 alieno

87 863 252 931 beneficio
274 864 420 939 viveret,
443 864 592 927 decretus
614 862 821 948 triumphus:
845 865 968 927 Pansae
989 873 1088 948 atque
1109 860 1211 927 Hirtii
1236 884 1310 925 cor-

87 970 175 1036 pora
206 944 340 1034 publica
370 949 536 1031 sepultura
564 948 749 1011 honorata:
789 946 932 1011 Caesaris
962 949 1042 1011 adeo
1075 949 1164 1012 nulla
1189 946 1308 1011 ‚habita

90 1032 239 1109 mentio,
264 1039 301 1095 ut
321 1033 442 1118 legati,
465 1032 521 1114 qui
544 1029 584 1094 ad
608 1035 786 1097 exercitum
811 1034 879 1096 eius
899 1029 988 1094 missi
1011 1041 1123 1107 erant,
1146 1031 1308 1094 iuberen-

87 1125 159 1192 tur,
175 1127 339 1179 summoto
356 1140 407 1191 eo,
423 1117 543 1178 milites
558 1115 695 1199 alloqui.
712 1158 716 1164 ›
739 1117 769 1179 N
772 1140 815 1179 on
835 1118 900 1180 fuit
920 1124 987 1176 tam
1008 1114 1154 1199 ingratus
1175 1114 1310 1177 exerci-

90 1210 162 1275 tus,
187 1220 285 1284 qnam
304 1202 412 1263 fuerat
432 1199 580 1263 Senatus.
623 1203 725 1275 Nam,
760 1222 861 1285 quum
884 1220 952 1261 eam
980 1194 1135 1261 iniuriam
1156 1198 1311 1261 dissimu-

90 1283 193 1348 lando
217 1284 335 1345 Caesar
356 1287 481 1357 ferret,
510 1305 669 1363 negavere
692 1285 812 1346 milites
824 1329 833 1359 ,
855 1288 923 1345 sine
942 1286 1144 1364 Imperatore
1163 1306 1222 1345 suo
1243 1282 1313 1343 ullu

91 1390 127 1431 se
149 1368 320 1429 audituros
340 1364 507 1428 mundata.
550 1370 624 1430 Hoc
647 1375 694 1431 est
716 1368 798 1429 illud
818 1376 958 1450 tempus,
982 1388 1047 1449 qua
1065 1367 1194 1443 Cicero,
1210 1367 1310 1428 insito

91 1473 208 1514 amore
229 1448 505 1533 Pompeianarum
524 1453 691 1529 partium,
724 1454 895 1513 Gaesarem
914 1447 1110 1511 lazcdandum
1132 1460 1166 1512 et
1185 1442 1311 1513 dollen-

92 1536 170 1597 dum
192 1533 363 1608 censebat3
386 1556 487 1615 quum
508 1533 596 1597 aliud
618 1534 763 1610 diceret,
787 1532 876 1597 aliud
898 1533 1038 1611 intelligi
1060 1531 1169 1596 vellet.

71 1641 75 1651 ·
136 1617 260 1679 LXIII.
293 1616 432 1678 Interim
453 1615 635 1691 Antonius,
657 1617 733 1700 fuga
754 1625 972 1695 transgressus
992 1618 1104 1697 Alpes,
1126 1616 1237 1701 primo
1252 1637 1314 1701 per

94 1698 265 1783 colloquia
290 1699 440 1784 repulsus
469 1723 488 1761 a
509 1703 555 1764 M.
577 1698 724 1781 Lepido,
756 1701 814 1784 qui
844 1701 1000 1762 Pontifex
1032 1700 1193 1764 Maximus
1219 1702 1253 1762 in
1276 1700 1313 1763 C.

95 1784 243 1847 Caesaris
269 1782 382 1846 locum
410 1784 501 1846 furto
533 1791 681 1859 creatus,
713 1783 844 1847 decreta
865 1784 928 1846 sibi
951 1785 1129 1867 Hispania,
1152 1783 1259 1846 adbuc
1280 1784 1314 1847 in

95 1865 206 1931 Gallia
224 1866 438 1943 morabatur,
460 1886 539 1930 mox
558 1866 687 1950 saepius
707 1865 742 1928 in
761 1872 972 1951 conspectum
992 1868 1125 1931 veniens
1147 1866 1291 1930 militum
1303 1882 1323 1942 ,'

95 1954 213 2035 (quum
235 1959 268 2012 et
288 1948 414 2033 Lepido
443 1950 553 2013 omnes
580 1948 796 2033 imperatores
818 1954 930 2014 forent
952 1950 1127 2028 meliores,
1151 1959 1183 2013 et
1203 1949 1316 2013 multis

98 2034 282 2102 Antonius,
316 2034 395 2095 dum
419 2030 491 2096 erat
520 2032 651 2097 sobrius
664 2032 690 2114 ,)
703 2044 705 2048 ’
719 2053 781 2111 per
796 2034 919 2097 'aversa
941 2044 1147 2109 castrorum,
1169 2044 1313 2113 proruto

100 2114 206 2192 vallo,
228 2116 388 2180 militibus
409 2124 561 2201 receptus
582 2125 650 2180 est:
674 2118 731 2199 qui
749 2115 850 2191 'titulo
873 2119 1003 2198 imperii
1024 2116 1162 2180 cedebat
1173 2119 1313 2201 Lepido,

101 2224 201 2285 quum
228 2223 351 2262 summa
380 2199 500 2262 virium
523 2222 623 2281 penes
645 2222 719 2262 enm
745 2202 844 2263 foret.
887 2200 955 2264 Sub
978 2202 1114 2263 Antonii
1136 2201 1317 2285 ingressum

52 2308 56 2315 ·
98 2287 134 2349 in
156 2292 262 2347 castra
282 2284 450 2345 Iuventius
471 2284 675 2355 Laterensis,
708 2285 762 2347 vir
780 2285 846 2347 rita
870 2306 908 2348 ac
929 2294 1037 2347 morte
1059 2286 1293 2369 consentaneus
1305 2331 1315 2360 ,

98 2390 201 2453 quum
218 2365 376 2430 acerrime
393 2367 544 2431 suasisset
563 2367 702 2443 Lepido,
726 2390 766 2431 ne
778 2390 812 2429 se
826 2389 899 2428 eum
913 2372 1069 2437 Antonio,
1084 2364 1176 2430 hoste
1188 2368 1319 2439 iudica,-

100 2468 150 2527 το,
174 2455 345 2535 iungeret,
370 2450 485 2513 irritus
507 2452 656 2526 consilii,
679 2449 789 2527 gladio
811 2452 936 2534 seipse
961 2450 1135 2515 transfixit.
1178 2451 1319 2516 Plancus

99 2533 221 2598 deinde
252 2534 371 2609 dubia,
403 2534 438 2596 id
467 2543 534 2608 est,
566 2557 622 2598 sua
653 2533 734 2609 fide,
768 2534 844 2608 diu,
876 2558 1016 2619 quarum
1045 2543 1129 2598 esset
1151 2537 1317 2614 partium,

98 2640 214 2682 seeum
232 2616 392 2690 luctatus,
416 2638 453 2680 ac
474 2618 538 2681 sibi
560 2616 691 2680 difficile
714 2618 939 2692 consentiens,
963 2627 995 2681 et
1015 2639 1102 2681 nunc
1125 2620 1255 2683 adiutor
1274 2624 1319 2683 D.

99 2701 222 2773 Bruti,
254 2699 412 2784 designati
444 2699 612 2775 Consulis,
645 2700 789 2783 collegae
819 2702 891 2775 sui,
921 2701 1122 2777 Senatuique
1149 2725 1183 2767 se
1211 2704 1319 2767 literis

94 2782 299 2857 venditans,
320 2803 398 2844 mox
419 2783 561 2844 eiusdem
582 2784 759 2865 proditor,
783 2782 913 2847 Asinius
934 2794 1041 2847 autem
1063 2786 1186 2859 Pollio,
1208 2788 1321 2851 lirmus

99 2865 306 2955 proposito,
345 2872 378 2927 et
410 2862 547 2927 Iulianis
580 2866 729 2948 partibus
761 2864 865 2942 fidus,
889 2867 1111 2952 'Pompeianis
1145 2870 1319 2945 adversus,

101 2962 247 3027 uterque
269 2949 430 3010 exereitus
451 2948 618 3010 tradidere
643 2946 801 3010 Antonio.

145 3032 267 3094 LXIV.
302 3034 344 3094 D.
369 3032 501 3105 Brutus,
525 3031 671 3092 desertus
690 3029 800 3111 primo
824 3053 842 3091 a
861 3029 1008 3104 Planco,
1030 3040 1107 3113 post
1121 3032 1218 3096 ctiam
1239 3032 1324 3095 insi-

104 3117 169 3181 diis
191 3115 334 3179 eiusdem
355 3114 495 3195 petitus,
517 3112 675 3197 paulatim
700 3112 905 3197 relinquente
920 3136 994 3175 eum
1009 3116 1166 3191 exercitu,
1181 3117 1321 3201 fugiens,

104 3202 138 3265 in
161 3199 302 3282 hospitis
324 3199 508 3272 cuiusdam,
537 3197 659 3260 nobilis
690 3195 773 3270 viri,
800 3196 935 3259 numine
957 3197 1104 3272 CamiIlI,
1136 3199 1257 3274 domo,
1281 3200 1322 3263 ab

104 3286 168 3359 iis,
192 3306 274 3367 quos
295 3282 429 3344 miserat
449 3281 623 3361 Antonius,
647 3278 811 3362 iugulatus
833 3289 899 3353 est3
922 3279 1177 3368 iustissimasqne
1196 3284 1323 3368 optime

107 3369 149 3430 de
170 3386 205 3429 se
225 3367 343 3429 merito
366 3366 439 3428 viro
463 3362 498 3427 C·
517 3365 651 3426 'Caesari
672 3383 795 3444 poenas
817 3363 918 3427 dedit.
962 3365 1061 3427 Cuius
1081 3389 1182 3451 quum
1196 3369 1324 3453 primus

109 3452 258 3514 omnium
279 3450 458 3511 amicorum
481 3448 596 3511 fuisset
608 3496 617 3525 ,
640 3447 835 3511 interfector
855 3449 939 3520 fuit,
963 3456 996 3510 ct
1014 3450 1180 3529 fortunae,
1203 3475 1241 3514 ex
1260 3475 1325 3535 qua

109 3537 256 3598 fructum
286 3531 427 3608 tulerat,
460 3530 617 3595 invidiam
643 3532 678 3593 in
699 3541 864 3595 auctorem
889 3531 1077 3616 relegabat:
1108 3537 1325 3618 censebatque

112 3640 273 3703 aequum,
305 3634 388 3700 quae
418 3623 589 3701 acceperat
616 3639 636 3677 a
658 3612 814 3690 Caesare,
838 3616 1002 3688 retinere3
1036 3616 1224 3689 Caesarem,
1248 3616 1326 3696 quia

112 3699 171 3763 illa
192 3700 346 3772 dederat,
375 3698 510 3781 perisse.
555 3698 645 3761 Haec
674 3706 750 3759 sunt
778 3708 949 3781 tempora,
980 3696 1100 3779 quibus
1128 3701 1174 3759 M.
1197 3699 1326 3763 Tullius

111 3784 277 3847 continuis
310 3781 494 3844 actionibus
524 3789 671 3844 aeternas
703 3779 839 3843 Antonii
869 3780 1048 3843 memoriae
1075 3781 1191 3845 inussit
1219 3792 1325 3845 notas.

110 3868 178 3933 Sed
197 3868 253 3931 bic
275 3865 512 3949 fulgentissimo
536 3873 567 3927 et
590 3863 724 3929 coelesti
746 3885 822 3936 ore·,
843 3871 879 3942 “at
900 3863 1066 3926 Tribunus
1088 3866 1242 3931 Canutius
1263 3889 1326 3929 ca-

110 3954 190 4015 nina
211 3952 304 4014 rabia
324 3950 490 4014 lacerabat
512 3947 701 4012 Antonium.
729 3948 875 4029 'Utrique
888 3946 1032 4009 vindicta
1044 3947 1207 4012 libertatis
1220 3961 1329 4014 morte

113 4036 225 4098 stetit:
257 4034 313 4096 sed
344 4034 487 4114 Tribuni
508 4033 664 4118 sanguine
686 4030 856 4094 commissa
877 4031 1100 4114 proscripti03
1133 4034 1326 4110 Ciceronis,

110 4118 203 4182 velut
229 4119 346 4181 satiato
375 4116 520 4181 Antonio
548 4139 673 4201 poena,
705 4114 807 4176 finita.
859 4112 1000 4194 Lepidus
1028 4113 1146 4181 deinde
1168 4141 1187 4179 a
1208 4110 1328 4181 Senatu

112 4200 220 4265 hostis
243 4202 404 4264 iudicatus
428 4210 494 4276 est,
517 4210 555 4264 ut
575 4208 649 4263 ante
671 4202 779 4262 fuerat
800 4196 972 4271 Antonius.

153 4286 257 4349 LXV.
291 4286 377 4347 Tum
398 4286 595 4361 intersum,
619 4285 852 4367 Caesaremque
874 4290 906 4344 et
927 4280 1107 4344 Antonium
1134 4287 1331 4350 commercia

113 4368 347 4453 epistolarum
387 4378 419 4431 et
457 4370 685 4434 conditionum
721 4368 807 4430 facta
838 4367 973 4430 mentio.
1026 4365 1136 4442 Quum
1170 4366 1333 4432 Antonius

112 4452 255 4517 subinde
277 4456 443 4517 Caesarem
466 4453 677 4528 admoneret,
700 4462 734 4515 et
755 4473 852 4536 quam
871 4450 1023 4513 inimicae
1038 4448 1100 4529 ipsi
1114 4451 1335 4533 Pompeianae

115 4547 228 4620 partes
250 4540 380 4611 forent,
412 4535 501 4600 etin
523 4538 612 4620 quod
634 4539 699 4601 iam
722 4536 925 4601 emersissent
944 4532 1129 4617 fastigium,
1157 4542 1190 4596 et
1210 4545 1335 4615 quanto

122 4622 292 4687 Ciceronis
319 4620 428 4689 studio
454 4622 575 4686 Brutus
602 4621 795 4705 Cassiusque
821 4616 1071 4691 attollerentur3
1098 4616 1345 4683 denunciaret-
