2850 4958
477 287 627 371 masa
665 256 919 388 Quassus.
1233 295 1304 390 ιω

85 452 129 517 s‘n
156 449 320 537 Capitolio
345 464 547 541 posuerunt:
571 458 709 528 ‚Prusias
727 459 831 525 ,etiam
847 456 953 524 filium
970 474 1070 523 suum
1086 450 1306 539 ,Nicomedem

86 532 230 600 Senatui
253 539 513 604 commendavit.'
854 566 856 571 ·
1161 556 1164 561 ’

135 619 196 682 IX.
227 622 414 705 Insequenti
438 645 522 687 anno
546 621 585 685 la.
608 620 782 686 Memmius
805 623 839 686 in
859 619 1304 708 Hispania-bencpugusvitt

88 701 271 767 Marcellus
295 714 408 788 postea
433 708 552 771 Consul
575 727 628 770 res
651 706 774 770 ibidem
795 728 954 791 prospere
972 707 1080 792 gessit.

93 820 98 827 ·
132 787 410 887 X3rsnr1uu
446 789 564 852 deinde
595 806 761 855 satanas
795 809 963 853 concas
998 808 1307 851 cssrnscrnrsr

85 872 1308 1037 titt:‘tntilll‘ttfoiitlt}..tltlldllttllltsl:

86 1035 176 1099 ilum
194 1037 354 1099 Punicum
375 1037 497 1100 bellum
517 1048 724 1102 transactum·
738 1049 830 1101 erat·
861 1040 905 1100 lli
919 1040 1061 1123 profecti
1078 1037 1307 1122 Carthaginem

88 1119 1284 1268 {mittiminfil³3.ss⁰21.l.¹¹⁵‘¹{“lllt.l¹¹¹..{{{ll⁸t⁵.lt.⁸³tt
1292 1168 1303 1196 ’

90 1274 235 1349 ensium.
277 1285 390 1368 Scipio
424 1250 522 1363 tunh,
554 1251 720 1372 Scipionis
749 1227 896 1352 dlricnni
913 1229 1048 1371 1hepos,
1071 1228 1237 1350 Tribunis
1257 1288 1307 1350 ibi

84 1367 270 1435 militabat.
314 1371 419 1431 Huius
447 1370 534 1454 apud
564 1391 676 1433 omnes
704 1370 815 1457 iugens
838 1380 942 1435 metus
966 1380 999 1432 et
1020 1371 1202 1434 reverentia
1224 1378 1306 1434 erat.

88 1448 180 1513 Nam
202 1459 235 1512 et
253 1454 477 1536 paratissimus
498 1454 539 1516 ad
562 1453 801 1529 dimicandum,
826 1465 859 1518 et
881 1453 1308 1517 consultissimus-habeha-

87 1542 164 1596 tur.
209 1536 323 1619 ltaque
349 1557 411 1619 per
438 1558 512 1599 eum
538 1536 639 1598 multa
668 1557 828 1621 prospers
849 1560 865 1598 a
886 1540 977 1599 Coss.
1000 1546 1089 1621 gesta
1110 1545 1195 1597 suut.
1238 1537 1308 1598 Nec

91 1615 275 1701 quidquam
304 1619 405 1702 magis
435 1620 488 1681 rel
519 1619 723 1693 Hasdrubal,
755 1621 807 1683 vel
837 1618 978 1681 Phamea
1008 1620 1174 1693 vitabant,
1211 1639 1309 1702 quam

85 1708 214 1763 contra
229 1722 297 1761 eam
312 1702 535 1764 Romanorum
548 1712 676 1785 partem
690 1702 907 1776 committere,
919 1702 975 1763 ubi
991 1701 1103 1784 Scipio
1119 1700 1306 1763 dimicabat.

137 1783 198 1842 XI.
230 1783 295 1844 Per
318 1784 403 1845 idem
425 1794 552 1868 tempus
573 1784 761 1860 Masinissa,
784 1806 842 1847 rex
863 1784 1098 1858 Numidarum,
1124 1806 1186 1864 per
1206 1800 1308 1846 anuos

83 1866 261 1948 'sexaginta
282 1867 353 1928 fere
374 1868 495 1928 amicus
514 1867 631 1952 populi
653 1866 813 1940 Romani,
837 1888 923 1929 anno·
941 1868 1029 1928 vitae
1048 1868 1183 1930 XCVII.
1206 1883 1307 1928 mor-

93 1958 173 2011 tuus
196 1957 265 2022 est,
294 1948 399 2011 XLIV
421 1950 497 2013 filiis
523 1949 658 2018 relictis.
699 1949 888 2034 Scipionem
909 1949 1085 2015 divisorem
1105 1951 1198 2037 regui
1221 1951 1311 2013 inter

94 2032 186 2095 filios
208 2053 276 2093 esse
297 2033 404 2095 iussit.

140 2115 217 2176 Xll.
250 2118 358 2194 Quum
380 2115 481 2199 igitur
502 2115 626 2179 clarum
646 2112 810 2199 Scipionis
833 2136 951 2179 nomen
973 2123 1075 2202 esset,
1099 2111 1225 2178 iuvenis
1245 2111 1308 2177 ad-

91 2196 165 2261 huc
188 2199 260 2258 Cos.
283 2208 330 2261 est
350 2200 452 2261 factus
474 2208 505 2259 et
525 2209 640 2261 contra
662 2199 890 2283 Carthaginem
911 2195 1037 2260 missus.
1080 2195 1113 2260 Is
1135 2220 1202 2261 eam
1218 2199 1309 2279 cepit

94 2294 138 2342 ac
159 2278 273 2342 diruit.
316 2281 429 2362 Spolia
450 2282 498 2344 ibi
520 2282 668 2356 inventa,
691 2303 774 2364 quae
793 2282 957 2351 variarum
978 2282 1146 2344 civitatum
1171 2283 1307 2345 excidiis

97 2364 262 2447 Carthago
293 2366 490 2448 collegerat:
523 2374 556 2427 et
578 2373 766 2427 ornamenta
788 2365 921 2427 urbium
943 2363 1130 2427 civitatibus
1150 2362 1304 2440 Siciliae,

95 2444 232 2519 ltaliae,
253 2446 384 2510 Africae
405 2447 567 2522 reddidit,
593 2466 676 2530 quae
695 2469 751 2509 sua
774 2448 1062 2532 recognoscebant.
1099 2450 1148 2508 Ita
1174 2447 1309 2509 Cartha-

93 2548 142 2615 ·go
163 2530 447 2614 septingentesimo
470 2548 576 2603 auno',
599 2551 696 2613 quam
718 2530 849 2593 condita
873 2540 953 2604 erat,
979 2529 1084 2593 deleta
1100 2540 1158 2594 est.
1192 2528 1308 2613 Scipio

91 2616 240 2685 hornen,
264 2614 353 2694 quod
375 2633 450 2674 avus
471 2613 539 2673 eius
559 2622 748 2694 acceperat,
778 2614 919 2686 meruit,
941 2611 1088 2689 scilicet,
1110 2623 1147 2676 ut
1165 2624 1310 2700 propter

95 2696 259 2760 virtutem
278 2695 374 2755 etiam
396 2695 465 2777 ipae
485 2693 657 2756 Africanus
679 2695 790 2758 iunior
809 2705 994 2769 vocaretur.
1251 2728 1254 2735 ·

143 2776 238 2836 XIII.
269 2775 405 2858 Interim
438 2778 471 2836 in
500 2777 690 2861 Macedouis
722 2772 855 2862 quidam
894 2792 1307 2844 rssunorsrmrrus'

95 2878 191 2920 arma
214 2858 337 2933 movit,
366 2868 398 2920 et
420 2859 600 2919 Romanum
620 2859 829 2933 Praetorem,
850 2859 890 2921 P.
913 2861 1114 2928 Iuventium.
1137 2873 1308 2925 contrusa

95 2940 252 3014 missum,
275 2941 316 3002 ad
337 2941 593 3004 internecionem
616 2942 708 3002 vicit.
749 2943 830 3003 Post
851 2963 924 3003 eum
946 2943 987 3020 Q.
1011 2942 1167 3004 Caecilius
1187 2946 1308 3007 Metel·

96 3023 150 3087 lus
173 3024 237 3084 ‹lux
259 3047 276 3084 a
297 3024 451 3087 Romanis
465 3031 587 3085 eontra
606 3023 925 3108 Pseudophilippum
944 3024 1061 3086 missus
1077 3032 1144 3096 est,
1167 3025 1307 3086 etxxv

97 3107 246 3171 millibus
273 3128 311 3168 ex
339 3107 499 3170 militibus
526 3107 595 3168 eius
622 3107 760 3181 occisis,
787 3106 1012 3169 Macedoniam
1033 3105 1177 3190 recepit:
1200 3106 1308 3190 ipsum

99 3191 198 3255 ctiam
220 3189 538 3275 Pseudophilippum
558 3189 592 3251 in
612 3198 806 3273 potestatem
827 3210 916 3251 suam
936 3188 1074 3274 redegit.

95 3286 100 3301 ¹
141 3272 234 3334 XIV.
268 3278 518 3335 coniurans
549 3294 682 3357 quoque
702 3272 824 3335 bellum
846 3272 1004 3335 indictum
1031 3282 1099 3346 est,
1129 3270 1307 3337 nobilissi-

96 3368 173 3419 mae
193 3356 347 3418 Graeciae
368 3356 514 3430 civitati,
535 3366 676 3438 Propter
695 3355 848 3418 iniuriam
867 3355 1049 3439 legatorum
1071 3356 1307 3423 Romanorum·

94 3436 195 3501 lianc
215 3441 387 3501 Mummius
408 3438 496 3521 cepit
519 3459 557 3499 ac
577 3438 691 3502 diruit.
734 3438 815 3504 Tres
837 3437 939 3521 igitur
957 3438 1080 3503 Romae
1098 3439 1195 3503 simul
1215 3441 1306 3507 eele-

96 3518 238 3586 berrimi
259 3520 417 3604 triumphi
448 3525 595 3598 fueraut:
632 3521 777 3584 Africani
800 3543 838 3584 ex
859 3521 990 3597 Africa,
1012 3533 1085 3585 ante
1106 3525 1197 3586 cuius
1218 3547 1304 3588 cur·
1329 3534 1331 3539 ’

98 3624 177 3667 rum
197 3605 311 3667 ductus
334 3615 381 3665 est
402 3605 756 3680 Hasdruha135bietelli,
779 3627 818 3668 ex
839 3604 1041 3677 Macedonia,
1063 3606 1155 3667 cuius
1169 3628 1304 3670 currum

96 3688 277 3771 praecessit
299 3687 495 3760 Andriscus,
518 3688 575 3771 qui
597 3689 630 3749 e‘t
649 3688 948 3772 Pseudophilippus
969 3688 1110 3761 dicitur3
1131 3688 1301 3762 Mummii,

95 3790 141 3833 ex
164 3771 347 3842 Corintho,
371 3780 445 3830 ante
466 3792 559 3851 quem
582 3772 671 3854 signa
693 3790 812 3847 aenea,
834 3779 867 3830 et
885 3772 994 3854 pictae
1012 3766 1143 3833 tabulae
1155 3814 1165 3843 ,
1186 3777 1219 3830 et
1240 3768 1305 3833 alia

96 3852 194 3917 urhis
215 3853 410 3917 clarissimae
432 3862 618 3914 ornamenta
637 3851 780 3938 praelata
802 3860 886 3912 sunt.
960 3876 963 3883 ·
1033 3882 1036 3887 ·
1110 3884 1126 3919 ’,
1196 3870 1202 3885 ·

97 3960 102 3971 ·
141 3936 219 3999 XV.
250 3938 373 3998 lterum
394 3935 427 3995 in
450 3935 640 3996 Macedonia
660 3954 1041 4006 rssunorssssus,
1064 3933 1121 4016 qui
1143 3930 1304 4000 ssPersei

98 4016 205 4081 lilium
228 4040 296 4082 esse
316 4016 460 4086 dicebat,
485 4017 630 4079 collectis
653 4017 775 4089 servis,
796 4013 982 4077 rebellavit:
1010 4022 1043 4076 et
1061 4038 1162 4098 quum
1183 4020 1305 4082 sorde,-

96 4101 169 4164 c'tm
192 4112 393 4164 armatorum
413 4099 515 4162 millia
535 4100 682 4173 haberet,
702 4122 720 4161 a
741 4097 918 4161 Tremellio
940 4099 1121 4176 Quaestore
1135 4111 1305 4183 superatus

100 4192 166 4246 est.
209 4186 282 4264 [His
304 4184 417 4246 diebus
439 4181 645 4269 androgynus
671 4185 793 4245 Romae
813 4182 922 4255 visus,
953 4179 1041 4244 iussu
1062 4184 1246 4267 aruspicum
1270 4185 1306 4248 in

96 4284 196 4331 mare
216 4288 336 4329 mersus
359 4271 432 4346 cst]
738 4306 741 4311 ·

144 4346 239 4409 xv1.
257 4340 390 4413 ¹Eodem
419 4359 568 4433 tempore
594 4348 743 4410 Metellus
770 4348 807 4410 in·
832 4341 1008 4411 Celtiberia
1035 4346 1121 4428 apud
1146 4345 1306 4428 Hispanos

100 4450 156 4493 res
179 4433 322 4513 egregias
353 4434 460 4517 gessit.
504 4431 666 4493 Successit
692 4432 721 4492 ei
744 4431 787 4509 Q.
807 4428 1004 4512 Pompeius,
1026 4449 1086 4491 neo
1105 4429 1209 4493 multo
1231 4440 1308 4502 post

99 4514 145 4593 Q.
169 4535 301 4596 quoque
332 4518 451 4597 Caepio
483 4513 523 4577 sd
553 4513 639 4575 idem
669 4513 790 4577 bellum
819 4515 934 4577 missus
965 4519 1033 4586 est,
1066 4512 1310 4597 quodquidam

101 4608 350 4699 vusurpas
372 4606 488 4663 contre
511 4599 683 4662 Romanos·
696 4599 732 4662 in
749 4597 920 4663 Lusitania
939 4595 1092 4685 gerchst..
1130 4598 1216 4679 Quo
1232 4602 1335 4659 mauu
