2850 4958
161 279 233 383 19⁶
376 270 534 351 oa1co
566 272 747 349 carris
772 274 895 351 aon.
920 272 1029 348 car.
1058 268 1095 348 s.
1115 273 1219 379 ,a

194 442 255 502 Vl.
276 438 325 505 Eo
347 446 522 522 regnante,
543 438 633 501 forte
652 435 834 500 Recaranus
856 432 1010 518 quidam,
1038 433 1347 517 Graecaeoriginis,

76 560 80 565 ·
154 525 293 609 ingentis
321 522 473 603 corporis
500 531 533 582 et
561 540 748 598 magnarum
780 520 899 582 sirium
921 527 1056 600 pastor,
1084 519 1143 602 qui
1164 526 1240 580 erat
1258 518 1364 580 forati·

155 618 188 667 rt
207 609 328 668 virtute
350 606 466 665 ceteris
487 604 700 675 antecellens,
725 602 882 666 Hercules
903 601 1100 683 appellatus,
1124 600 1245 663 eodem
1265 600 1348 665 venit

112 715 133 754 n
154 693 328 771 Quumque
349 688 582 748 armentaeius
606 686 692 757 circa
715 686 832 749 flumen
856 686 1005 749 Albulam
1032 692 1269 768 pascerentur,
1294 686 1348 745 ca·

46 810 51 823 ·
152 796 229 844 cus,
252 771 393 833 Evandri
416 791 545 842 servus,
567 768 733 850 nequitiae
756 779 903 829 versutus
925 777 957 828 et
976 778 1110 850 praeter
1132 775 1245 829 cetera
1265 769 1347 829 tua-

150 857 317 929 cissimus,
344 853 501 922 liecurani
523 852 663 933 hospitis
684 852 784 912 boves
805 852 988 933 surripult3
1022 873 1080 925 ac,
1102 848 1262 931 nequod
1282 858 1349 913 eust

108 939 324 1010 3indicium,
354 957 478 996 aversas
501 936 534 998 in
558 935 743 1017 speluncam
763 937 907 996 attraxit.
951 935 1126 1017 Quumque
1157 934 1346 1009 Recursnuts

151 1022 267 1084 vicinis
287 1019 477 1103 regionibus
497 1019 699 1100 peragratis,
722 1020 938 1100 scrutatisque
959 1018 1110 1079 omnibus
1133 1015 1295 1078 eiusmodi
1307 1016 1348 1078 ls-

151 1105 272 1178 nebris,
300 1103 498 1183 desperasset
520 1101 744 1177 inventurum,
773 1113 937 1183 utcunque
958 1123 1062 1183 aequo
1085 1099 1198 1161 animo
1223 1099 1346 1181 dispeu-

110 1187 241 1265 4dium
264 1189 392 1257 ferens,
422 1183 577 1247 excedere
598 1183 648 1243 his
670 1184 787 1245 finibus
809 1185 1034 1246 constituerat.
1075 1183 1121 1243 At
1140 1204 1226 1254 vero
1247 1183 1365 1249 Evam·

153 1270 231 1343 der,
254 1267 539 1330 excellentissimae
561 1266 704 1327 iustitiae
724 1269 798 1342 vir,
819 1277 993 1350 postquam
1015 1287 1096 1340 rem,
1120 1267 1170 1327 uti
1192 1275 1265 1328 acta
1278 1275 1346 1341 ersa

109 1349 329 1432 beomperit,
360 1371 490 1412 servum
519 1370 624 1410 noxae
654 1349 762 1424 dedit,
792 1351 957 1432 bovesque
989 1349 1117 1410 restitui
1139 1349 1236 1411 tecit.
1277 1350 1347 1417 Tum

149 1435 333 1498 liecasanus
353 1434 412 1495 sub
434 1433 594 1499 Aventino
617 1433 784 1494 inventori
805 1434 896 1494 Patri
920 1455 1008 1495 aram
1032 1431 1199 1493 dedicavit
1208 1465 1222 1507 ,·
1239 1432 1345 1515 appel·

150 1517 294 1599 lavitque
314 1519 499 1589 Maximam,
523 1525 554 1576 et
575 1516 662 1596 apud
684 1536 753 1579 eam
775 1515 932 1577 decimam
947 1517 995 1577 sui
1010 1515 1142 1598 pecoris
1155 1514 1344 1596 profanavit.

110 1603 129 1665 6
152 1603 325 1681 Quumque
346 1610 420 1660 unte
442 1599 542 1659 rnoris
564 1609 666 1672 esset,
688 1600 737 1662 uti
757 1598 906 1660 homines
928 1599 1086 1660 decimam
1102 1600 1277 1660 fructuum
1297 1620 1346 1660 rs·

150 1685 244 1762 gibus
264 1685 330 1744 suis
352 1691 573 1764 praestarent,
596 1683 730 1765 aequius
754 1683 817 1744 sibi
839 1684 886 1743 ait
907 1682 1029 1755 videri,
1053 1685 1140 1742 Deos
1161 1683 1278 1763 potius
1297 1680 1344 1745 ilia

149 1767 279 1828 honore
301 1764 536 1847 impartiendos
558 1784 643 1839 esse,
666 1787 763 1847 quam
784 1786 897 1848 reges’,
920 1765 996 1827 inde
1017 1763 1172 1825 videlicet
1192 1773 1345 1839 tractum,

149 1861 188 1910 ut
208 1848 341 1910 Herculi
365 1847 522 1909 decimam
541 1850 711 1926 profanari
733 1870 803 1911 mos
825 1857 924 1920 esset,
946 1847 1121 1909 secundum
1142 1847 1238 1929 quod
1258 1848 1349 1909 Plau·

149 1941 223 2005 tus,
245 1936 284 1991 In
299 1943 450 2011 partem,
472 1931 599 2010 inquit,
624 1931 879 2004 Herculaneum,
904 1930 937 1992 id
959 1940 1025 2003 est,
1049 1929 1224 1992 decimam.
1270 1932 1349 1993 Cou-

148 2022 273 2075 secrata
303 2013 405 2092 igitur
435 2032 489 2071 ara
522 2013 682 2084 Maxima,
714 2015 950 2095 profanamque
980 2012 1066 2095 apud
1098 2034 1170 2074 eam
1194 2013 1347 2088 decima,

149 2097 349 2166 Recnranus,
374 2093 521 2177 eoquod
545 2095 723 2155 Carmentis
746 2096 878 2156 invitata
901 2097 940 2157 ad
962 2096 996 2158 id
1018 2117 1144 2157 sacrum
1165 2117 1236 2158 non
1259 2097 1349 2159 adiu·

150 2176 249 2251 isset,¹
265 2178 388 2249 sanxit,
412 2196 453 2236 ne
474 2176 526 2236 eui
549 2178 687 2237 feminae
708 2181 756 2238 fas
777 2178 860 2240 esset
879 2179 966 2240 vesci
989 2200 1027 2240 ax
1049 2199 1110 2252 eo,
1138 2179 1235 2261 quod
1256 2180 1350 2242 eidem

150 2282 225 2321 arae
245 2271 407 2325 sacratum
431 2269 530 2328 esset:
562 2269 659 2344 atquc
680 2261 720 2327 ab
746 2282 782 2323 aa
813 2284 850 2324 re
879 2262 989 2330 diviua
1016 2262 1157 2325 feminae
1183 2263 1228 2325 in
1252 2272 1349 2326 totum

149 2352 307 2407 remotae.

192 2427 269 2487 Vll.
301 2427 390 2486 Haec
421 2426 550 2486 Cassius
574 2425 633 2487 lib.
663 2426 692 2490 Ι.
736 2427 781 2487 At
808 2448 886 2489 vero
919 2428 954 2488 in
984 2426 1079 2489 libris
1108 2425 1352 2492 Pontificaliun

149 2510 293 2571 traditur
314 2508 590 2580 Hercules‚'love
610 2518 708 2591 atque
729 2509 881 2570 Alcmena
903 2511 1050 2593 genitus,
1072 2521 1230 2590 superato
1254 2512 1354 2593 Gery-

152 2614 234 2665 one,
265 2612 360 2675 agens
387 2592 499 2652 nobile
530 2602 733 2667 armentum,
766 2594 903 2673 cupidus
935 2594 1002 2654 eius
1034 2594 1161 2673 generis
1194 2595 1299 2656 boves
1325 2596 1353 2657 i!

149 2673 286 2734 Graecia
309 2675 519 2743 instituendi,
542 2677 630 2735 forte
652 2676 683 2735 in
708 2697 744 2736 ea
765 2676 837 2736 loca
859 2678 993 2749 venisse,
1018 2687 1049 2736 et
1071 2677 1226 2751 ubertate
1246 2676 1353 2760 pabttB

148 2757 346 2831 delectatus,
370 2766 406 2817 ut
428 2755 584 2839 exlongo
609 2759 726 2819 itinere
751 2757 897 2820 homiues
919 2761 967 2819 sui
992 2768 1023 2819 et
1043 2781 1165 2841 pecora
1189 2761 1354 2824 reticeren-

108 2863 128 2904 s
149 2848 226 2913 tur,
255 2839 454 2923 aliquamdiu
479 2839 587 2900 eedem
617 2840 664 2901 ibi
696 2842 912 2905 constituisse.
957 2843 1047 2920 Quae
1073 2865 1177 2924 quum
1200 2844 1235 2905 iu
1256 2845 1352 2918 valle,

149 2923 206 2983 ubi
228 2944 313 2984 uunc
336 2932 383 2983 est
404 2925 516 2983 Circus
538 2925 718 2998 Maximus,
746 2935 979 3007 pascerentur,
1010 2926 1153 3007 neglecta
1187 2927 1351 3001 custodia,

147 3005 237 3086 quod
260 3027 354 3066 nemo
378 3005 573 3066 credebatur
593 3028 728 3071 ausurus
749 3007 874 3068 violare
897 3007 1045 3069 Herculis
1065 3008 1236 3090 praedam,
1252 3010 1352 3075 latro·

144 3108 221 3148 nem
241 3089 401 3169 quendam
422 3089 565 3169 regionis
587 3090 750 3163 eiusdem,
773 3092 995 3173 magnitudine
1017 3093 1171 3167 corporis
1188 3103 1222 3153 et
1237 3094 1351 3157 virtuts

147 3171 263 3234 ceteris
283 3170 541 3251 praevalentem,
566 3183 641 3235 octo
664 3174 764 3234 boves
787 3174 819 3233 iu
838 3174 1041 3252 speluncam,
1065 3196 1130 3255 quo
1154 3177 1267 3239 minua
1286 3174 1372 3239 fur-³¹

104 3253 213 3314 btum
235 3253 380 3336 vestigiis
402 3252 513 3336 colligi
537 3267 663 3336 posset,
694 3257 806 3318 caudis
833 3258 1035 3317 abstraxisse.
1080 3259 1263 3342 Quumque
1284 3258 1349 3322 intlt

146 3334 305 3396 Hercules
325 3334 556 3417 proficiscens,
585 3339 747 3420 reliquum
768 3348 948 3400 armentum
971 3361 1045 3400 casu
1065 3350 1201 3422 praeter
1224 3343 1348 3404 cauden

144 3418 331 3498 speluncam
361 3428 494 3502 ageret,
525 3422 614 3480 lorte
643 3421 781 3502 quadam
810 3421 948 3482 inclusas
977 3423 1077 3484 boves
1110 3426 1346 3489 transeuntibus

104 3499 351 3579 4adrnugisse,
388 3509 488 3584 atque
518 3502 563 3562 ita
593 3504 717 3564 furtum
746 3502 928 3564 detectums
968 3505 1210 3590 interfectoque
1248 3510 1344 3583 Caco,

143 3581 350 3657 Evandrum,
386 3606 424 3645 re
455 3594 644 3664 comperta,
677 3585 801 3665 hospiti
834 3587 963 3647 obviam
995 3589 1111 3662 ivisse,
1147 3599 1343 3673 gratantsm,

142 3665 230 3746 qnod
253 3674 344 3726 tanto
368 3665 459 3740 malo·
477 3663 555 3726 fines
575 3689 650 3726 suos
671 3666 860 3743 liberassem
884 3681 1133 3755 compertoque,
1155 3674 1278 3756 quibus
1291 3694 1342 3755 pa·

142 3750 290 3811 rentibus
313 3757 404 3809 ortus
429 3756 511 3809 esset
532 3749 709 3823 Hercules,
733 3773 802 3812 rem
824 3753 890 3825 ita,
914 3753 963 3813 uti
986 3763 1055 3815 erat
1075 3764 1186 3837 gesta,
1210 3756 1252 3816 ad
1265 3757 1342 3816 Fan-

141 3829 423 3912 num'pertulisse.
468 3830 552 3890 Tum
574 3852 646 3912 eum
668 3855 800 3916 quoque
821 3836 1171 3899 amicitiamHerculis
1200 3836 1340 3921 cupidis·

142 3913 224 3973 sime
233 3912 405 3996 appetisse.
421 3913 526 3990 Quam
538 3915 727 3994 opinionem
738 3918 830 3998 sequi
841 3920 957 3980 metuit
968 3921 1109 4000 [maluit]
1120 3929 1237 3983 noster
1246 3923 1340 3983 Maro·

183 3993 279 4055 Vlll.
311 3998 421 4072 Quum
442 4016 520 4078 ergo
542 3997 745 4072 itecaranus,
778 4001 845 4061 sive
867 4002 1040 4075 Hercules,
1063 4005 1155 4065 Patri
1179 3998 1340 4067 inventori

141 4097 229 4137 aram
250 4080 423 4139 Maximam
445 4090 680 4153 consecrasset,
710 4081 792 4144 duos
814 4105 852 4145 ex
874 4085 990 4159 ltalia,
1014 4108 1096 4167 quos
1120 4087 1236 4149 eadem
1259 4104 1340 4148 sacra

140 4168 231 4221 certo
253 4162 322 4223 ritu
343 4159 595 4222 administranda
620 4163 792 4239 edoceret,
816 4167 973 4241 adscivit,
995 4169 1153 4231 Potitium
1183 4180 1218 4232 et
1239 4170 1338 4231 Pina-

98 4242 237 4305 arium.
279 4242 343 4305 Sed
365 4264 480 4305 eorum
507 4246 655 4320 Potitio,
685 4250 761 4330 quia
789 4251 886 4330 prior
906 4261 1057 4326 venerat,
1089 4252 1129 4313 ad
1150 4249 1339 4314 comedenda

139 4333 211 4386 exta
231 4324 393 4398 admisso,
417 4327 597 4401 Pinarius,
630 4351 669 4391 eo
692 4333 781 4413 quod
812 4334 937 4396 tardius
967 4337 1124 4406 venisset,
1153 4335 1339 4416 posterique

137 4409 206 4469 eius
228 4409 383 4472 submoti.
410 4410 522 4471 'Unde
543 4410 709 4496 hodieque
730 4427 898 4478 servatur:
931 4419 1061 4479 Nemini
1093 4418 1255 4501 [Potitio]
1281 4418 1339 4480 Pi'-

96 4489 247 4560 5uariae
276 4493 380 4574 gentis
412 4492 447 4551 ln
476 4493 522 4553 eis
552 4497 653 4567 sacris
682 4498 888 4562 vesoi'licet.
931 4501 1060 4584 anque
1092 4501 1156 4563 alio
1184 4500 1338 4565 'vocabulo

128 4573 459 4666 priuvappeilatos,
493 4577 643 4639 nonnulli
674 4579 806 4653 volunt,
839 4590 1031 4663 post-veru
1059 4584 1214 4651 Picarias
1243 4584 1356 4649 dictos·
