2850 4958
701 148 718 175 0

467 264 594 341 HIST.
618 267 741 342 ROM.
766 268 857 347 LIB.
882 268 913 346 l.
1264 299 1332 391 ¹1¹..

85 439 193 505 aetas,
213 448 275 513 per
297 429 401 491 divini
423 428 558 511 spiritus
578 430 680 505 viros,
696 429 905 515 Aeschylum,
924 428 1137 515 Sophoclem,
1160 402 1304 519 Euripi-5

85 514 182 587 dem,
222 512 404 574 illustravit
444 512 665 596 tragoediam:
710 537 774 575 una
811 515 952 596 priscam·
985 514 1074 576 illam
1101 526 1134 577 et
1163 522 1307 582 veterem

85 599 146 659 sub
170 598 317 669 Cratino,
340 594 561 677 Aristophane
585 607 617 657 et
635 596 799 679 Eupolide
815 597 1030 658 comoediam:
1052 619 1090 658 ac
1112 621 1229 662 novam
1246 625 1308 663 co-

84 683 205 742 micam
228 679 444 751 Menandrus,
463 678 680 764 aequalesque
703 682 771 742 eius
793 681 908 740 aetatis
931 683 1032 764 magis
1054 704 1152 764 quam
1174 688 1282 768 operis
1295 734 1304 761 ,

81 764 259 826 Philemon
284 784 322 823 ac
343 761 511 841 Diphilus,
536 772 568 825 et
590 765 741 826 invenere
765 766 852 825 intra
868 764 1080 847 paucissimos
1103 788 1215 841 annos,
1239 791 1305 831 ne·

81 869 148 931 que
171 845 328 907 imitanda
350 847 526 928 reliquere.
551 846 836 929 Philosophorum
858 869 989 930 quoque
1010 848 1159 928 ingenia,
1182 852 1306 914 Socra-

77 934 152 993 tico
177 951 236 991 ure
257 929 443 1002 defluentia,
466 938 588 1011 quanto
613 939 691 1013 post
719 930 868 991 Platonis
889 931 1142 1015 Aristotelisque
1164 945 1305 999 mortem

79 1015 228 1077 floruere
248 1013 378 1095 spatio?
407 1011 495 1088 Quid
511 1021 585 1073 ante
607 1015 803 1088 Isocratem,
827 1013 906 1094 quid
940 1023 1014 1097 post
1042 1016 1110 1075 eius
1136 1016 1303 1081 auditores

80 1111 266 1181 eorumque
296 1095 475 1179 discipulos
497 1095 622 1158 clarum
644 1096 678 1157 in
704 1097 893 1158 oratoribus
920 1099 1005 1159 fuit?
1048 1096 1140 1158 Adeo
1170 1102 1304 1182 quidem

80 1182 253 1253 omnium,
284 1199 365 1262 quos
386 1178 486 1263 paulo
509 1189 583 1240 ante
614 1181 895 1253 enumeravimus,
928 1203 1041 1241 aevum
1069 1191 1209 1244 artatum
1242 1208 1304 1246 an-

80 1264 198 1347 gustiis
222 1272 428 1345 temporum,
452 1271 489 1323 ut
508 1284 603 1324 nemo
627 1264 788 1325 memoria
810 1264 926 1346 dignus
948 1263 1031 1324 alter
1051 1264 1092 1326 ab
1115 1264 1219 1328 altero
1249 1271 1305 1330 ri-

80 1349 154 1411 deri
183 1347 403 1429 nequiverint.
810 1380 813 1385 ·

122 1429 233 1490 XVII.
256 1429 369 1511 Neque
390 1427 456 1488 boc
479 1427 511 1487 in
535 1428 683 1503 Graecis,
698 1434 807 1513 'quam
828 1429 863 1491 in
877 1428 1042 1501 Romanis,
1066 1434 1174 1492 evenit
1188 1434 1302 1512 magis.

79 1514 187 1587 Nam,
210 1513 272 1572 nisi
294 1532 408 1594 aspera
430 1531 468 1570 ac
488 1510 584 1571 rudia
606 1521 753 1594 repetas,
777 1520 810 1572 et
831 1513 953 1573 inventi
973 1511 1131 1574 laudanda
1153 1510 1297 1589 nomine,

80 1596 117 1658 in
147 1594 250 1656 Accio
273 1594 426 1678 circaque
448 1614 522 1654 eum
543 1595 687 1654 Romana
707 1596 876 1678 tragoedia
900 1603 965 1668 est3
997 1594 1172 1678 dulcesque
1194 1592 1301 1660 Latini

77 1677 205 1761 leporis
238 1678 375 1738 facetiae
403 1695 465 1757 per
497 1676 674 1737 Caecilium
696 1677 1007 1761 Terentiumqueet
1028 1678 1199 1739 Afranium
1221 1674 1303 1762 sup-

78 1762 156 1845 pari
178 1769 282 1829 aetate
303 1761 484 1821 nituerunt.
529 1760 715 1821 Historicos
737 1764 789 1840 (ut
812 1771 843 1821 et
859 1762 986 1822 Livium
1002 1783 1134 1844 quoque
1148 1762 1302 1845 priorum

79 1844 169 1906 aetuti
190 1843 349 1924 adstruas)
372 1850 494 1926 praeter
516 1844 672 1903 Catonem
694 1852 726 1903 et
748 1844 905 1927 quosdam
927 1853 1052 1904 veteres
1076 1854 1107 1905 et
1130 1847 1299 1922 obscuros,

79 1929 189 1989 minus
212 1928 332 1986 LXXX
357 1929 450 1988 annis
471 1924 708 1986 circumdatum
730 1949 844 1988 aevum
865 1928 962 1989 tulit:
986 1936 1023 1986 ut
1043 1948 1103 1988 nec
1124 1936 1301 2010 poetarum

81 2011 119 2070 in
134 2008 299 2093 antiquius
317 2010 490 2072 citeriusve
511 2009 673 2091 processit
694 2009 837 2070 ubertas.
870 2011 914 2072 At
937 2011 1044 2072 oratio
1069 2032 1106 2071 ac
1120 2013 1167 2072 vis
1183 2015 1301 2073 foren-

82 2094 148 2166 sis,
178 2096 426 2175 perfectumque
459 2113 577 2173 prosae
606 2091 798 2174 eloquentiae
820 2093 938 2165 decus,
965 2100 1002 2153 ut
1023 2092 1109 2153 idem
1131 2105 1301 2177 separetur

82 2175 177 2249 Cato,
199 2178 292 2258 (pace
312 2176 351 2237 P.
374 2176 501 2247 Crassi,
524 2175 774 2257 Scipionisque,
800 2186 831 2237 et
851 2177 966 2250 Laelii,
993 2182 1025 2236 et
1051 2177 1299 2253 Gracchorum,

81 2258 273 2334 et'Fannii,
297 2268 330 2320 et
350 2258 456 2320 Servii
479 2259 600 2318 Galbae
621 2256 774 2338 dixerim)
802 2260 846 2319 ita
877 2261 1027 2321 universa
1059 2258 1118 2320 sub
1149 2262 1301 2343 principe

80 2342 194 2424 operis
225 2343 274 2404 sui
308 2344 417 2424 erupit
448 2340 579 2414 Tullio,
612 2349 649 2400 ut
681 2339 836 2402 delectari
868 2353 941 2404 ante
971 2341 1045 2402 eum
1073 2344 1298 2423 paucissimis,

81 2426 200 2487 mirari
230 2447 309 2486 vero
342 2426 503 2487 neminem
531 2423 658 2507 possis,
685 2424 749 2485 nisi
782 2428 907 2507 autab
936 2423 993 2485 illo
1018 2425 1134 2499 visum,
1157 2422 1212 2487 aut
1243 2427 1300 2508 qui

80 2508 179 2570 illum
205 2508 337 2570 viderit.
380 2510 454 2570 Hoc
486 2505 573 2568 idem
605 2507 747 2568 evenisse
768 2503 1016 2591 grammaticis,
1030 2506 1165 2589 plastis,
1188 2509 1302 2594 picto-

77 2592 196 2665 ribus,
219 2591 521 2675 scalptoribusque‚
545 2591 570 2650 si
595 2591 667 2673 quis
687 2594 875 2672 teniporum
891 2591 1048 2653 institerit
1068 2592 1178 2666 notis,
1201 2613 1301 2675 repe-

78 2676 170 2750 riet,
195 2684 227 2735 et
248 2676 454 2736 eminentiam
476 2673 633 2756 cuiusque
656 2675 766 2757 operis
787 2675 957 2736 artissimis
991 2681 1178 2757 temporum
1205 2674 1299 2739 clau-

79 2758 160 2820 stris
183 2757 426 2818 circumdatam.
468 2754 574 2817 Huius
599 2777 677 2840 ergo
699 2755 882 2819 recedentis
903 2758 937 2818 in
958 2779 1053 2818 suum
1073 2759 1217 2820 seculum
1238 2759 1298 2820 in-

77 2842 257 2927 geniorum
289 2838 528 2910 similitudinis,
566 2840 856 2922 congregantisqne
889 2849 990 2918 semet
1017 2842 1051 2901 in
1072 2843 1216 2903 studium
1237 2864 1299 2924 par

80 2932 114 2985 et
136 2918 415 2994 emolumentum,
439 2941 564 2980 caussas
591 2941 691 2999 quum
712 2940 841 3001 semper
861 2924 1018 3004 requir03
1041 2945 1217 3007 numquam
1237 2918 1300 2984 rc'-

76 3008 198 3091 perio,
229 3026 307 3090 quas
329 3024 507 3065 asseveras
529 3000 709 3073 confidam,
733 3003 790 3062 sed
812 3006 951 3064 fortasse
973 3005 1185 3078 verisimiles,
1213 3004 1300 3067 inter

79 3112 162 3175 quas
191 3091 250 3150 has
281 3089 430 3149 maxime.
474 3084 543 3146 Alit
577 3083 751 3145 aemulatio
785 3084 936 3167 ingenia3
974 3096 1006 3146 et
1036 3109 1122 3148 nunc
1153 3084 1297 3161 invidia,

79 3194 169 3233 nunc
197 3171 370 3233 admiratio
394 3167 621 3233 incitationem
643 3165 813 3251 accendit,
836 3177 1038 3249 naturaque,
1061 3170 1149 3252 quod
1172 3191 1297 3232 summo

79 3255 192 3318 studio
222 3257 362 3338 petitum
390 3263 458 3326 est,
493 3251 639 3313 ascendit
671 3250 704 3310 in
732 3248 1143 3337 summumqlifficilisque
1164 3250 1198 3314 ia
1218 3274 1300 3335 per-

78 3342 171 3402 fecto
202 3359 294 3399 mora
326 3347 395 3411 est·,
428 3334 707 3417 naturaliterque,
733 3333 832 3418 ¹quod
862 3334 1043 3416 procedere
1068 3359 1136 3399 non
1163 3344 1296 3421 potest,

79 3422 175 3505 sequi
200 3420 344 3497 desinet,
368 3430 419 3492 et,
441 3420 532 3495 ¹velut
553 3424 745 3500 occupatam
766 3416 952 3501 relinquens
974 3418 1163 3497 materiam,
1193 3442 1298 3505 quae-

77 3506 130 3575 rit
149 3525 288 3577 novam,
319 3503 565 3588 praeteritaque
599 3523 661 3575 eo,
692 3500 725 3560 in
748 3521 814 3582 quo
841 3501 984 3563 eminere
1008 3524 1076 3563 non
1104 3524 1294 3589 possumus,

77 3587 231 3671 aliquid,
265 3586 299 3648 in
330 3609 395 3669 quo
428 3585 589 3659 nitamur,
623 3582 867 3665 conquirimus3
890 3585 1131 3667 sequiturque,
1162 3587 1298 3661 uttre-

76 3690 187 3757 qucns
215 3692 251 3732 ac
291 3669 422 3733 mobilis
458 3668 613 3731 transitus
645 3666 820 3728 maximum
842 3667 982 3748 perfecti
1014 3665 1125 3750 operis
1146 3667 1295 3748 impedi-,-

78 3760 229 3819 mentum
257 3755 312 3815 sit.

125 3836 253 3897 XVIII.
295 3835 427 3898 Transit
459 3830 631 3895 admiratio
665 3852 681 3890 a
714 3828 904 3891 conditione
934 3840 1122 3914 temporum
1155 3829 1193 3892 ad
1226 3849 1293 3900 ur-

80 3917 188 3986 bium.
236 3921 311 3985 Una
347 3918 426 3980 urbs
463 3914 571 3976 Attica
612 3914 763 3996 pluribus
792 3911 918 3974 artibus
939 3913 1167 3997 eloquentiae,
1197 3928 1295 3997 quam

83 4004 234 4067 universa
267 4001 424 4074 Graecia,
457 3998 676 4082 operibusque
697 3996 833 4069 floruit;
865 3994 945 4056 adeo
967 4005 1005 4058 ut
1026 3992 1169 4083 corpora
1182 3996 1296 4138 pontis

83 4086 174 4150 illius
193 4096 341 4170 separata
371 4082 437 4146 sint
463 4083 498 4144 in
530 4080 607 4143 alias
639 4080 804 4153 civitates3
832 4078 959 4159 ingenia
981 4100 1061 4142 vero
1083 4080 1161 4143 solis
1213 4079 1295 4165 ,the-

81 4169 248 4233 niensium
267 4167 369 4232 muris
388 4166 495 4230 clausa
521 4165 692 4227 existimes.
725 4164 840 4247 Neque
868 4182 929 4243 ego
952 4160 1018 4223 hoc
1039 4163 1139 4248 magis
1160 4163 1297 4225 miratus
1319 4203 1321 4207 -

81 4254 167 4329 sim,
188 4252 352 4315 neminem
373 4248 551 4335 Argivum,
575 4248 780 4322 Thebanum,
803 4245 1095 4307 Lacedaemonium
1117 4246 1296 4320 oratorem,

83 4346 140 4400 aut
172 4337 250 4397 dum
275 4337 358 4399 vixit
387 4330 599 4417 auctoritate,
632 4340 688 4395 aut
714 4341 790 4415 post
821 4338 961 4391 mortem
981 4330 1140 4392 memoria
1163 4327 1298 4412 dignum

84 4421 316 4483 existimatum.
363 4422 456 4498 Quae
487 4414 584 4478 urbes
614 4423 646 4476 et
674 4414 820 4477 civitates
851 4413 966 4481 talium
994 4412 1179 4477 studiorum
1206 4415 1302 4475 fuero

86 4504 229 4587 steriles,
253 4502 315 4567 nisi
331 4503 461 4577 Thebas
476 4522 574 4573 unum
598 4519 634 4562 os
654 4498 790 4562 Pindari
813 4497 1033 4571 illuminaret3
1064 4519 1137 4560 nam
1167 4491 1303 4559 Alcma-

86 4610 127 4651 na
155 4588 304 4667 Lacones
322 4586 405 4669 falso
426 4584 490 4669 sibi
511 4581 695 4675 vindicant·
763 4648 773 4671 ,
