2850 4958
174 251 267 337 aa
292 246 805 359 v1a1s<·1nnnsra..caa.
829 220 976 354 anan
998 257 1062 356 tt·
1187 280 1264 358 ,ις

479 415 554 479 ct
574 416 601 477 P
624 418 655 480 U
672 417 707 479 ’Τ
749 418 852 481 XLII.

377 534 527 624 hastatum.
539 610 548 639 ‚
575 586 845 630 csurnsutnntttsts
856 588 945 633 ¹1)st

95 708 285 785 Hannibal,
307 710 503 774 Hamilcaris
527 712 631 789 filius,
652 712 771 777 novem
792 736 894 776 annos
915 722 1028 790 natus,
1048 704 1070 777 a
1088 724 1186 799 patre
1204 715 1269 779 aris

47 793 231 867 admotus,
265 794 377 856 odium
402 796 436 856 in
461 797 625 859 Romanos
655 820 802 879 perenne
829 799 961 878 inravit.
1003 800 1131 862 Exinde
1161 801 1271 861 socius

38 887 91 941 ''et
114 881 209 941 miles
232 877 267 938 in
291 881 404 940 castris
429 881 517 963 patri
540 882 614 942 fuit.
658 884 792 943 Mortuo
821 901 884 957 eo,
907 902 1051 946 caussam
1067 882 1147 945 belli
1169 903 1312 967 quae-a

45 983 156 1036 reus,
181 963 362 1042 Saguntum
393 963 547 1024 Romanis
568 962 776 1026 foederatum
799 965 886 1026 intra
912 986 968 1027 sex
993 967 1269 1029 menses-evertit.

49 1047 167 1119 Tum,
201 1046 341 1126 Alpibus
371 1048 564 1126 patefactis,
598 1042 633 1108 in
662 1045 791 1109 Italiam
820 1049 964 1110 traiecit.
1015 1051 1055 1111 P.
1083 1048 1314 1129 ScipionemS

49 1129 146 1212 apud
169 1129 346 1203 Ticinum,
368 1130 600 1212 Sempronium
625 1130 773 1214 Longum
792 1130 880 1212 apud
894 1132 1063 1208 Trebiam,
1077 1132 1315 1211 Flaminiumd

36 1210 146 1294 'apud
166 1213 415 1289 Trasimenum,
439 1214 591 1277 Paullum
613 1223 645 1275 et
668 1214 854 1276 Varronem
878 1216 966 1297 apud
989 1217 1112 1277 Cannas
1133 1237 1272 1298 supera-

46 1299 119 1359 vit.
163 1299 339 1382 Quumque
360 1299 487 1361 Urbem
507 1319 544 1359 ca
570 1318 626 1360 ere
650 1306 783 1381 posset,
815 1299 850 1360 iu
872 1299 1080 1382 Campaniam
1109 1299 1270 1372 devertit,
1293 1295 1312 1360 5

51 1381 154 1442 cuius
185 1378 312 1440 deliciis
339 1379 493 1464 clanguit.
564 1389 578 1440 t
605 1403 705 1464 quum
734 1380 775 1441 ad
796 1382 932 1444 tertium
952 1382 993 1444 ah
1014 1382 1109 1445 Urbe
1128 1381 1314 1462 lapidemS

54 1473 167 1524 castra
188 1462 366 1544 posuisset,
387 1465 632 1547 tempestatibus
655 1464 816 1545 repulsus,
838 1466 982 1547 primum
1002 1488 1020 1526 a
1039 1464 1144 1525 Fabio
1166 1465 1274 1525 Maxi-

56 1568 117 1606 mo
139 1547 333 1623 frustratus,
356 1546 473 1609 deinde
495 1569 512 1608 a
534 1547 669 1608 Valerio
683 1547 810 1615 ³Flacco
835 1547 1005 1631 repulsus,
1029 1571 1047 1608 a
1069 1546 1219 1608 Graccho
1244 1555 1277 1607 et

57 1627 220 1689 Marcello
246 1631 397 1712 fugatus,
420 1631 454 1692 iu
476 1630 622 1703 Africam
642 1636 849 1704 revocatus,
867 1652 884 1691 a
906 1631 1061 1713 Scipione
1082 1638 1273 1712 superatus,

56 1711 103 1772 ad
125 1711 344 1788 Antiochum,
367 1735 477 1796 regern
497 1713 633 1794 Syriae,
657 1709 825 1794 confugit,
850 1733 989 1798 eumque
1008 1714 1138 1775 hostem
1151 1713 1277 1773 Ruma-

56 1794 112 1855 nls
132 1795 223 1855 fecit.
266 1797 341 1874 Quo
362 1801 473 1870 victo,
497 1797 538 1858 ad
558 1797 731 1870 Prusiam,
753 1795 926 1878 Bithyniae
949 1812 1081 1880 regem,
1104 1797 1275 1858 concessit.

61 1876 161 1939 Unde
182 1877 327 1939 Romana
348 1880 514 1963 legatione
544 1882 622 1961 [per
647 1880 760 1941 Titum
781 1879 990 1959 Flaminium]
1013 1880 1190 1962 repetitus,
1223 1883 1276 1957 [ne
1404 1905 1406 1909 ⁷

56 1959 216 2023 Romanis
245 1961 450 2043 traderetur]
476 1963 616 2035 hausto,
642 1963 733 2045 quod
753 1963 814 2025 suh
835 1962 1091 2044 annuligemma
1112 1961 1276 2036 habebat,

58 2061 209 2117 veneno,
237 2045 402 2108 absumtus
425 2053 493 2119 est,
524 2045 652 2128 positus
673 2045 760 2129 apud
781 2045 950 2127 Libyssam
970 2046 1004 2109 in
1026 2068 1101 2109 arca
1121 2043 1272 2129 lapidea,

59 2127 99 2190 iu
121 2149 185 2211 qua
204 2125 370 2214 hodieque
391 2130 586 2212 inscriptum
607 2136 676 2192 est:
700 2129 868 2193 Hannibal
888 2127 941 2192 hic
957 2135 1039 2196 situs
1062 2141 1123 2195 est.

472 2306 700 2381 CAPUT
740 2309 899 2371 x1.111.„

433 2477 467 2530 Q.
499 2476 655 2519 sacrus
687 2476 906 2553 nunnus.

107 2607 267 2684 Quinctus
286 2604 409 2668 Fabius
430 2605 589 2667 Maximus
610 2602 801 2679 Cunctator,
825 2613 861 2666 ut
883 2605 1089 2666 Verrucosus
1111 2624 1280 2666 averruca

44 2691 101 2751 ·in
121 2689 239 2761 labris,
263 2688 309 2750 ita
331 2688 470 2750 Oviculu
492 2712 509 2749 a
532 2688 701 2751 clementia
723 2710 871 2763 morum,
896 2686 1017 2748 Consul
1039 2687 1078 2748 de
1100 2687 1275 2768 Liguribus

63 2771 295 2852 triumphavit.
348 2770 565 2833 Hannibalem
596 2794 689 2833 mora
724 2773 834 2855 fregit.
882 2771 1062 2830 Minucium
1091 2773 1322 2856 Magistruma

62 2852 217 2935 equitum
242 2855 380 2936 imperio
402 2855 465 2916 sibi
488 2856 621 2937 aequari
641 2876 752 2938 passus
773 2862 840 2916 est:
873 2852 978 2913 nihilo
1008 2852 1111 2914 minus
1137 2856 1276 2935 pericli·
1302 2853 1323 2916 5

61 2938 150 2997 tanti
181 2939 343 2999 subvenit.
384 2937 601 3000 Hannibalem
629 2939 664 2998 iu
683 2959 763 3021 agro
784 2936 924 2998 Falerno
954 2934 1097 2995 inclusit.
1140 2939 1324 3015 Mariumd

59 3019 251 3094 Statilium,
274 3023 477 3105 transfugere
495 3020 538 3082 ad
558 3020 669 3083 hostes
689 3020 874 3093 volentem,
898 3040 982 3100 equo
1006 3027 1038 3078 et
1061 3018 1159 3080 armis
1174 3019 1280 3080 dona·
1301 3016 1320 3082 5

55 3100 108 3166 'tis
130 3104 289 3178 retinuit·,
311 3114 344 3166 et
364 3106 495 3166 Lucano
519 3103 647 3166 cuidam
668 3104 849 3183 fortissimo
864 3147 871 3175 ,
889 3104 938 3183 'ob
964 3122 1110 3171 amorem
1136 3101 1283 3164 mulieris

64 3188 289 3287 infrequenti,
313 3180 447 3249 eandem
469 3195 588 3249 emtam
610 3186 698 3248 dono
720 3186 823 3248 dedit.
867 3185 1046 3247 Tarentum
1070 3183 1110 3245 ab
1133 3185 1283 3247 hostibus
1304 3184 1324 3247 6

66 3280 215 3352 recepit:
241 3271 393 3333 Herculis
414 3271 542 3349 signum
568 3270 643 3333 inde
664 3269 856 3332 translatum
878 3269 912 3329 in
928 3266 1092 3350 Capitolio
1108 3267 1282 3330 dedicavit.

65 3356 122 3416 De
144 3353 345 3416 redemtione
366 3356 573 3435 captivorum
596 3374 670 3416 cum
690 3352 842 3416 hostibus
861 3352 1006 3437 pepigit:
1040 3351 1130 3436 quod
1150 3360 1283 3435 pactum
1304 3376 1324 3436 7

69 3458 172 3521 quum
194 3459 212 3497 a
231 3437 351 3499 Senatu
377 3438 646 3522 improbaretur,
676 3437 815 3502 fundum
835 3458 929 3503 suum
960 3434 1108 3503 domatis
1139 3434 1284 3512 millibus

66 3517 237 3609 'vendidit,
260 3529 293 3584 et
311 3520 387 3584 fidei
409 3521 578 3586 satisfecit.

485 3699 713 3765 casua
755 3700 874 3765 mv.
996 3658 1000 3667 ’

533 3842 565 3888 P·
587 3843 690 3887 screto
712 3842 837 3885 MSIGA·

111 3979 252 4042 Publius
279 3976 393 4062 Scipio
415 3975 552 4053 Nasica,
575 4000 594 4040 a
614 3978 736 4040 Senatu
756 3971 810 4034 vir
831 3974 975 4056 optimus
997 3972 1175 4046 iudicatus,
1205 3975 1285 4038 Ma.

69 4072 163 4127 trem
180 4066 286 4126 Deum
307 4061 456 4144 hospitio
476 4064 612 4141 recepit.
656 4062 689 4123 Is
711 4076 812 4144 quum
834 4057 1004 4120 adversum
1026 4054 1169 4139 auspicia
1192 4058 1285 4120 Con·
1309 4080 1328 4121 a

12 4218 16 4225 .
78 4147 180 4208 sulem
200 4169 234 4209 sc
256 4171 273 4208 a
296 4144 447 4207 Graccho
471 4147 675 4206 nominatum
695 4140 930 4223 comperisset,
950 4138 1142 4225 magistratu
1165 4159 1200 4201 sa
1221 4140 1287 4202 ab·

77 4229 209 4292 dicavit.
255 4232 379 4293 Censor
406 4233 544 4309 statuas,
576 4246 655 4312 quas
684 4225 747 4286 sibi
779 4224 919 4308 quisque
938 4245 999 4306 per
1019 4222 1232 4284 ambitionem
1254 4222 1330 4284 int

76 4315 154 4375 foro
175 4315 330 4394 ponebat,
353 4309 494 4373 sustulit.
514 4312 518 4333 ⁵
538 4310 661 4373 Consul
679 4309 893 4382 Delminium,
916 4307 1031 4370 urbem
1051 4303 1286 4382 Dalmatarum,
1311 4306 1333 4384 4

77 4398 284 4477 expugnavit.
330 4392 547 4479 Imperatoris
565 4412 685 4454 nomen
706 4411 723 4450 a
746 4391 927 4465 militibus,
960 4396 992 4450 et
1012 4390 1052 4451 ah
1074 4386 1193 4450 Senatu
1220 4387 1331 4451 tri-5

76 4480 239 4562 umphum
260 4480 406 4543 oblatum
435 4476 608 4539 recusavit.
652 4475 849 4556 Eloquentia
880 4475 1026 4558 primus,
1057 4471 1137 4534 iuris
1159 4473 1334 4535 scientiab'

75 4563 346 4641 consultissimus,
357 4563 489 4650 lugeniu
503 4559 770 4647 sapientissimum
784 4557 868 4621 unde
878 4557 975 4646 vulgo
986 4554 1165 4622 Corculum
1174 4554 1297 4619 dictus.
