2850 4958
101 259 174 341 aas
580 240 827 337 nuatum

96 427 249 511 fugerat,
277 419 437 505 repetitus
461 417 560 482 etiam
579 417 621 481 ab
642 441 683 485 eo
705 430 754 486 est
775 440 838 505 per
864 418 906 486 Τ.
928 417 1124 503 Quinctiana
1144 414 1294 487 Flamini·
1340 478 1343 492 ,

99 529 201 584 anm,
222 514 258 570 st
276 525 378 590 mum
396 500 572 567 tradendus
592 502 745 569 Romanis
767 512 860 579 esset,
883 523 1041 568 venenum
1054 502 1157 580 bibit,
1178 500 1295 589 stapsi
1341 546 1343 598 ἶ

99 591 287 675 Libyssam,
312 589 345 651 in
367 586 487 649 finibus
508 586 822 664 Nicomediensium,
845 585 990 670 sepultus
1012 594 1072 649 est.

143 691 205 753 Vl.
235 687 393 771 Philippo
419 706 496 771 rege
519 686 730 750 Macedoniae
752 695 904 762 mortuo,
928 686 985 772 qui
1007 696 1040 749 et
1056 687 1230 751 adversam
1246 686 1297 751 us
1341 706 1343 766 j

101 794 214 837 manos
237 771 359 834 bellum
388 777 545 855 gesserat,
577 778 611 831 et
634 780 749 855 postea
777 769 931 835 Romanis
960 778 1078 832 contra
1108 769 1296 835 Antiochea

72 902 76 916 .
101 852 421 926 auxiliumtulerat,
443 850 619 914 filiuseius
648 874 833 917 raesens
864 853 898 914 in
919 852 1112 915 Macedonis
1128 854 1295 929 rebellavit,
1340 891 1343 931 t

100 935 947 1104 ttttfl’tttttt,tleml‘lttttt‘tnltt
967 935 1310 1083 :ttttffltlit
1338 954 1343 1057 ³

216 1069 225 1097 a
543 1064 552 1093 a
760 1066 769 1094 s
1094 1061 1112 1081 '⁰
1337 1059 1343 1097 t

101 1113 210 1167 autem
230 1104 264 1167 in
284 1103 441 1165 auxilium
463 1111 555 1163 erant
574 1103 744 1178 Eumenes,
767 1102 862 1164 Asiae
883 1121 954 1176 rex,
975 1099 1169 1165 Ariarathes
1184 1103 1296 1187 Gapps·
1338 1141 1343 1181 p

101 1187 239 1261 dociae,
261 1184 442 1248 Antiochus
463 1184 597 1265 Syriae,
629 1186 835 1249 Ptolemaeus
861 1184 1220 1269 Aegypti,·ttlasinissa
1239 1186 1296 1263 lta·¹
1337 1203 1343 1264 t

101 1269 233 1333 midiae.
275 1269 407 1332 Prusias
437 1277 546 1331 autem
573 1267 768 1353 Bithyniae,
799 1288 994 1352 quamquam
1025 1288 1178 1332 sororem
1203 1260 1301 1333 Persd
1336 1306 1343 1347 p

102 1373 242 1415 uxorem
267 1351 424 1426 haberet,
453 1351 602 1435 utrisque
622 1373 656 1414 se
676 1373 815 1435 aequum
835 1351 1000 1432 praebuit.
1041 1352 1118 1412 Dux
1139 1353 1295 1431 nonnos
1336 1388 1343 1429 1

102 1457 175 1501 rum
203 1436 241 1500 Ρ.
261 1436 406 1497 Licinius
436 1436 510 1497 Cos.
542 1443 658 1497 contra
688 1455 763 1496 eum
791 1435 905 1496 missus
928 1442 997 1508 est,
1026 1442 1060 1495 et
1084 1457 1103 1495 a
1124 1456 1205 1520 rege
1224 1432 1294 1521 grati
1336 1449 1343 1511 t

100 1518 232 1605 proelio
254 1520 370 1582 victus.
412 1518 526 1602 Neque
545 1527 653 1579 tamen
673 1518 831 1593 Romani,
853 1538 1048 1600 quamquam
1068 1516 1295 1601 superatisql
1335 1543 1343 1594 1

101 1603 228 1689 petentl
256 1622 371 1685 pacem
400 1610 566 1683 praestare
594 1600 786 1675 voluerant,
819 1600 881 1663 nisi
912 1598 964 1661 bis
985 1598 1295 1677 conditionatum
1336 1640 1343 1679 ρ

102 1708 137 1748 se
158 1698 277 1747 stauos
294 1689 428 1745 senatus·
445 1696 477 1745 et
492 1685 613 1766 populo
634 1691 785 1747 Romano
805 1682 943 1744 dederet.
987 1684 1066 1743 Mox
1086 1684 1206 1747 missus
1226 1704 1296 1751 caa-
1336 1693 1343 1762 ς’

103 1776 156 1830 tra
187 1788 260 1829 cum
289 1767 327 1828 L.
348 1766 506 1829 Aemilius
537 1765 670 1829 Paullus
705 1767 779 1828 Cos.
809 1774 842 1828 et
869 1766 904 1828 in
926 1762 1095 1848 Illyricum
1120 1767 1158 1828 G.
1180 1766 1296 1829 Anicius

102 1850 245 1915 Praetor
264 1857 380 1912 contra
402 1851 568 1913 Gentium.
606 1848 672 1912 Sed
692 1850 829 1911 Gentius
849 1847 946 1911 facile
967 1870 1032 1910 uno
1047 1848 1181 1929 proelio
1197 1849 1295 1925 victas,
1334 1876 1343 1928 3

76 1954 183 1996 mox
203 1954 238 1994 ss
259 1930 396 1993 dedidit.
440 1933 546 1994 Mater
567 1933 658 2006 eius,
681 1938 715 1993 et
736 1953 844 2005 uxor,
867 1940 899 1993 et
922 1930 988 1993 duo
1010 1932 1091 2006 tilii,
1115 1934 1296 2017 fraterque·
1335 1958 1343 2010 ῃ

103 2037 192 2097 que,¹
211 2014 308 2077 simul
329 2013 363 2074 in
383 2022 578 2095 potestatem
599 2014 823 2077 Romanorum
842 2022 1012 2078 venerunt.
1042 2016 1094 2076 Ita
1115 2016 1207 2079 hello
1229 2018 1295 2079 tnta
1335 2035 1343 2094 ι

104 2100 197 2162 XXX
218 2097 285 2159 dies
312 2099 481 2176 perfecto,
512 2106 586 2158 ante
610 2097 779 2181 cognitam
801 2102 851 2160 est
874 2098 1029 2162 Gentium
1047 2098 1195 2175 victum,
1217 2119 1296 2185 quaa

104 2191 260 2265 coeptum
279 2178 402 2242 bellum
423 2180 643 2242 nuntiaretur.

148 2299 226 2362 VII.
267 2298 347 2360 Cum
372 2296 492 2361 Perseo
523 2306 631 2361 autem
663 2297 822 2369 Aemilius
850 2295 983 2361 Paullus
1012 2300 1085 2363 Cos.
1119 2300 1186 2363 111.
1227 2292 1294 2373 non,
1335 2295 1343 2342 t

105 2380 306 2468 Septembris
328 2379 516 2455 dimicavit,
544 2382 690 2465 vicitque
711 2403 785 2444 eum
797 2427 807 2456 ,
828 2380 891 2442 XX
911 2382 1056 2455 millibus
1076 2382 1228 2464 peditum
1245 2382 1297 2457 siat
1336 2371 1343 2423 ¹

107 2468 235 2530 occisis.
276 2463 449 2548 Eileitatus
469 2485 545 2526 cum
569 2485 646 2550 rege
665 2464 740 2526 fuit·
754 2464 892 2549 integer.
935 2462 1159 2529 Romanorum
1183 2462 1299 2527 Cms'b‘
1335 2446 1343 2507 l

104 2557 156 2612 tes
182 2547 290 2611 amissi
320 2556 414 2608 sunt:
444 2546 541 2609 nrbes
571 2546 783 2613 Macedoniae
808 2568 941 2621 omnes,
969 2569 1048 2632 quas
1069 2567 1127 2609 rex
1148 2552 1297 2629 tenuerat,
1337 2553 1343 2612 t

101 2626 262 2693 Romanis
281 2650 315 2691 se
336 2628 542 2692 dediderunt.
586 2630 662 2714 Ipse
682 2651 758 2705 rex,
781 2652 881 2713 quum
903 2629 1109 2692 desereretur
1131 2630 1172 2693 ab
1192 2628 1309 2729 amicis,

106 2714 196 2776 venit
216 2714 250 2774 in
270 2710 377 2773 Paulli
397 2720 603 2794 potestatem.
647 2713 712 2774 Sed
731 2712 894 2774 honorem
912 2712 941 2773 ei
957 2713 1125 2786 Aemilius,
1143 2730 1300 2799 nunquan
1337 2715 1343 2754 ¹

107 2797 217 2869 victo,
239 2794 366 2857 hahuit.
408 2795 490 2856 Nam
512 2805 545 2858 et
564 2793 726 2858 volentem
747 2795 788 2857 ad
808 2795 906 2877 pedes
927 2796 991 2870 sibi
1011 2796 1140 2870 cadere,
1156 2818 1224 2858 non
1239 2788 1300 2880 per'·

108 2879 218 2952 misit,
251 2877 307 2938 sed
327 2878 416 2941 iuxta
439 2899 473 2940 se
496 2879 531 2941 in
554 2878 632 2941 sella
652 2877 840 2941 collocavit.
881 2877 1114 2941 Macedonibus
1138 2883 1171 2939 et
1195 2877 1309 2964 lllyrit'
1340 2885 1343 2920 ³

107 2961 171 3025 bae
189 2960 276 3044 leges
298 2982 317 3022 a
337 2960 491 3023 Romanis
511 2961 625 3023 debe:
647 2973 684 3023 ut
703 2961 802 3024 liberi
819 2972 940 3035 essent,
966 2970 999 3023 et
1019 2961 1188 3025 dimidsism
1208 2978 1302 3043 scruta
1340 2966 1343 3035 ἶ

107 3045 305 3109 tn'hutorum
323 3056 550 3121 praestarent,
574 3065 657 3130 quae
676 3044 806 3131 ¹regibus
820 3047 1080 3126 praestitsssents
1111 3051 1148 3105 ut
1170 3067 1213 3129 ap
1238 3064 1302 3107 are-

108 3136 180 3205 ret,
201 3149 245 3211 po
273 3126 361 3188 ulum
381 3127 476 3193 Rom.
499 3149 563 3210 pro
586 3126 749 3209 aequitate
780 3126 902 3211 magia,
934 3148 1032 3208 quam
1053 3127 1191 3189 avaritia
1213 3068 1304 3190 dini-

108 3229 196 3273 care.
239 3149 346 3291 itque
372 3208 407 3270 in
437 3219 599 3273 conventu
623 3209 838 3272 finitimorum
857 3210 1060 3291 populorum
1081 3208 1217 3273 Paullus
1237 3210 1305 3287 aaa

107 3291 354 3376 pronuntiavit:
391 3298 424 3352 et
449 3292 627 3375 legationes
656 3290 832 3353 multarum
865 3293 1033 3373 gentium,
1050 3294 1149 3376 ‘quae
1180 3292 1225 3356 ad
1244 3308 1305 3357 eun

108 3381 285 3444 venerant,
309 3373 625 3451 magnificentissimo
647 3373 798 3435 convivio
820 3371 923 3456 pavit,
945 3374 1076 3436 dicens:
1098 3375 1240 3439 eiusdem
1255 3372 1307 3436 bo·

110 3459 206 3519 manis
238 3473 303 3513 esse
333 3451 467 3543 dedere,
498 3467 531 3517 et
560 3454 644 3517 bello
672 3455 819 3528 sincera,
850 3463 884 3517 et
904 3460 1046 3524 connotat
1062 3469 1228 3543 apparatu
1246 3456 1307 3525 ἅθ’·

107 3547 242 3622 fantem
262 3555 339 3596 esse.
487 3550 489 3555 ·

155 3636 252 3701 VIII.
293 3638 372 3699 Mox
398 3636 486 3701 Lxx
517 3633 665 3699 civitates
696 3633 809 3721 Epiri,
839 3659 923 3724 quae
953 3637 1173 3716 rebellarant,
1207 3610 1307 3727 ospiti

111 3721 267 3807 praedam
287 3721 446 3791 militibus
467 3719 653 3794 distribuit·,
679 3720 815 3783 Romam
836 3743 911 3785 cum
933 3724 1055 3807 ingenti
1075 3746 1200 3807 pompa
1220 3722 1310 3791 reds'it

112 3809 150 3869 in
179 3826 259 3868 nave
287 3805 420 3879 Persei,
452 3824 534 3888 quae
565 3803 737 3867 inusitatae
769 3805 998 3889 magnitudinls
1027 3807 1127 3871 fuisse
1154 3807 1309 3879 traditur,

114 3887 196 3951 adeo
218 3896 255 3951 ut
273 3887 353 3951 XVI
380 3887 510 3950 ordines
538 3886 667 3950 dicatur
689 3886 840 3951 habuisse
864 3911 1043 3953 remorum.
1087 3885 1311 3973 Triumphauit

113 3970 442 4115 tittfltttttttt.
455 3968 1161 4119 *titt,tit-‘Iasttsltbttfilt‘t,
1178 3985 1314 4119 titt}

116 4136 187 4216 ipse
214 4135 367 4223 Perseus,
395 4137 484 4197 XLV
512 4157 611 4198 annos
644 4144 750 4200 natus.
792 4137 873 4198 Post
897 4159 971 4200 eum
1001 4078 1161 4202 etiamgC
1185 4100 1343 4203 Auidius*

115 4219 157 4282 de
179 4216 301 4298 Illyriis
326 4219 551 4302 triumphavit.
595 4219 730 4280 Gentius
753 4240 827 4280 cum
854 4222 956 4283 fratre
979 4230 1012 4283 et
1036 4220 1110 4282 filiis
1135 4230 1213 4285 ante
1237 4240 1313 4285 eur-

116 4323 189 4364 rum
210 4300 323 4362 ductus
348 4310 406 4362 eat.
447 4301 498 4363 Ad
521 4300 586 4362 boc
610 4300 831 4379 spectaculum
854 4303 1029 4365 multarum
1054 4304 1200 4386 gentium
1230 4318 1314 4385 reget

117 4384 253 4445 Romam
281 4391 458 4456 venerunt,
491 4384 579 4445 inter
607 4383 688 4447 alios
713 4384 810 4445 etiam
833 4386 921 4446 venit
950 4384 1098 4458 Attalus,
1124 4395 1226 4469 atque
1253 4387 1324 4449 liu-⁸

117 4488 246 4538 menes,
281 4463 376 4526 Asiae
398 4485 512 4550 aeger,
539 4473 636 4547 atque
662 4465 795 4529 Prasias
818 4466 1001 4548 bithyniae.
1045 4469 1162 4551 Magno
1191 4469 1317 4533 honora

118 4549 243 4631 accepti
266 4556 357 4620 sunt,
384 4556 434 4623 et,
465 4549 675 4633 permittente
700 4545 839 4623 Senatu,
871 4547 980 4624 dona,
1009 4571 1094 4633 quae
1120 4551 1316 4627 attulerant,
