2850 4958
1236 250 1301 324 v1l
1416 362 1420 369 ί

55 414 304 500 corruptissimo
339 409 540 476 emendando
572 407 783 483 desudarunt,
808 408 1007 473 mutationes
1037 396 1221 473 etinventa
1241 409 1303 474 hic

58 517 337 571 commemorem
360 495 498 558 sufficiat
519 491 700 569 indicasse,
722 493 809 556 unde
832 501 905 555 orta
928 493 971 553 sit
995 512 1032 555 ea
1055 492 1180 570 lectio,
1202 515 1301 579 mam

54 582 207 667 equidem
239 581 360 664 posui.
393 579 543 641 Primum
573 586 651 662 post
681 591 864 641 excesserat
896 576 988 640 uncis
1017 575 1140 638 inclusa
1165 586 1213 640 est
1235 594 1302 640 vox

40 668 136 750 fuit,
163 667 253 750 quod
277 665 416 748 periisse
443 662 602 744 opinatur
621 660 756 725 Clodius
776 660 821 723 ob
842 680 979 745 sequens
1000 664 1070 734 nti3
1102 681 1204 744 qnare
1233 661 1302 723 ad-

51 751 152 812 didit.
197 748 261 811 sed
291 746 389 810 facile
417 744 619 830 subintelligi
646 753 680 806 et
699 744 787 809 salvo
818 765 912 806 seusu
938 744 1048 806 abesse
1067 752 1187 826 potest.
1232 744 1302 806 Se·-

52 842 222 919 qnuntnr:
251 843 289 892 ut
312 840 492 914 appareat,
518 829 675 912 populum
699 835 884 890 Romanum
905 848 997 889 usum
1020 825 1191 890 ductatores
1216 825 1307 890 haud

51 929 142 978 metu
164 915 369 977 desiderasse.
398 914 536 976 Vossius
557 920 591 974 et
605 911 794 975 Gronovius
810 912 993 974 coniecere:
1015 907 1105 970 hond
1118 915 1179 986 tta,
1195 911 1306 975 Hein-

51 1002 139 1062 sius:
162 1004 197 1059 in
221 1010 329 1072 metu,
352 996 586 1059 Ruhnkenius:
618 1007 656 1058 ut
685 998 825 1056 trotio.
879 994 973 1057 Nihil
1002 994 1192 1056 mutandum
1218 1003 1302 1079 puto

49 1091 185 1167 praeter
206 1093 265 1142 ant
289 1082 322 1142 in
344 1070 440 1142 tadu.
478 1085 567 1141 Metu
590 1088 639 1142 est
662 1091 750 1141 metu
772 1094 961 1142 commotus.
995 1076 1115 1139 Velleii
1145 1080 1307 1141 sententie

54 1174 124 1228 est:
154 1166 265 1244 Quum
297 1162 475 1226 dictatura
492 1183 554 1247 per
584 1184 686 1225 annos
718 1163 804 1224 CXX
826 1161 1161 1243 intermissa·(ncrit,
1189 1169 1306 1245 patet,

51 1249 217 1333 populum
238 1247 422 1310 Romanum
451 1245 540 1308 haud
559 1256 650 1309 metu
676 1254 900 1322 commotum,
922 1264 1119 1331 quamquam
1139 1266 1201 1328 per
1221 1244 1307 1309 tanti

52 1333 152 1416 spatii
176 1326 350 1394 decursum
371 1329 466 1392 multi
488 1329 655 1393 metuendi
677 1337 782 1391 esseut
796 1330 872 1405 viri,
895 1339 928 1392 et
949 1350 1000 1391 res
1015 1327 1167 1391 adversae
1180 1339 1307 1413 metum

53 1415 221 1478 interdum
253 1414 392 1475 iniicere
410 1414 630 1497 potuissent,
668 1410 840 1475 dictatoris
873 1433 967 1475 usum
1001 1409 1217 1487 desiderasse,
1243 1409 1312 1474 'sed

52 1501 162 1560 Sullae
189 1495 335 1560 Consules
356 1500 501 1558 timuisse
514 1507 723 1578 potestatem.
766 1495 798 1557 Is
820 1495 905 1558 enim
927 1495 991 1558 fuit
1003 1540 1013 1568 ,
1037 1497 1130 1556 cuius
1151 1496 1308 1558 consula·-

54 1603 126 1644 rem
150 1587 352 1664 potestatem
373 1601 471 1664 quam
493 1579 632 1640 maxime
653 1577 827 1652 timerent,
856 1588 890 1640 et
910 1579 955 1640 ita
986 1578 1141 1660 quidem,
1162 1588 1202 1640 nt
1220 1576 1308 1641 nihil

56 1667 85 1726 ei
110 1665 320 1733 resisterent,
344 1683 446 1746 quum
467 1680 501 1722 se
523 1662 631 1742 ipsum
653 1661 857 1722 Dictaturam
882 1661 1018 1723 diceret.
1063 1660 1106 1721 Cf
1134 1661 1309 1724 Plutarch.

57 1750 92 1809 in
120 1747 211 1808 Sulla
238 1767 269 1806 c.
298 1743 351 1807 33.
389 1741 476 1817 Ἔξω
492 1742 528 1804 δὲ
546 1751 613 1804 τῶν
641 1747 788 1829 φονικῶν
812 1741 938 1805 καὶτὰ
961 1743 1068 1803 λοιπὰ
1087 1744 1166 1819 τοὺς
1185 1743 1310 1832 &adpat-

56 1852 140 1908 πους
167 1827 292 1892 ἐλύπει.
329 1825 485 1891 Δικτάτω
506 1847 531 1885 α
560 1822 622 1907 μὲν
648 1825 711 1908 γὰρ
744 1825 869 1890 ἑαυτὸν
903 1824 1121 1906 ἀνηγόρευσε,
1142 1826 1194 1888 ’δί
1223 1829 1308 1891 ἐτοῖν

54 1914 177 1977 ἑκατὸν
202 1909 308 1973 dinoot
334 1914 439 1970 τοῦτο
464 1848 506 1970 ‘cd
536 1907 642 1993 γέρας·
657 1915 718 1981 τῆς
741 1910 842 1994 ἀρχῆς
869 1906 1058 1991 ἀναλαβών.
1101 1909 1309 1973 Desideras-se

54 1995 155 2058 facile
175 1995 283 2055 oritur
309 2014 349 2055 ex
373 1989 545 2065 desideras,
569 1990 659 2075 quod
679 1988 741 2052 Ed.
765 2015 817 2073 pr.
842 1989 955 2066 habet,
988 2000 1023 2054 et
1044 2013 1084 2056 ex
1115 1995 1218 2055 Tullio
1242 1993 1309 2057 feci

56 2079 185 2151 Sullae,
205 2076 317 2159 paucis
339 2075 460 2138 litteris
480 2075 625 2137 mutatis.
669 2073 743 2137 Alii.
758 2076 821 2140 alia
840 2074 917 2138 inde
937 2083 1160 2140 extorserunt:
1190 2077 1310 2139 Ruhn-

56 2161 133 2220 len.
156 2171 194 2220 ut
213 2166 246 2222 in
264 2165 353 2234 ots'03
374 2156 435 2220 Ed.
451 2158 526 2241 Bip.
546 2159 605 2220 sed
619 2161 655 2218 iu
670 2158 768 2233 loco;
792 2158 997 2242 Roseuheyu:
1014 2166 1065 2222 ito
1080 2165 1114 2222 in
1129 2164 1210 2237 otio3
1228 2162 1311 2224 Clu-

56 2243 151 2305 dins:
176 2248 227 2303 ita
251 2243 340 2304 ultra
366 2243 570 2304 consularem
593 2246 736 2327 (exseq.
763 2244 863 2320 Cos).
903 2242 998 2305 luter
1026 2243 1147 2307 verba:
1178 2244 1312 2306 watte-

56 2349 113 2388 ras
142 2327 245 2388 Tullio
268 2325 366 2389 facile
390 2323 542 2388 excidere
562 2326 676 2409 potuit
691 2323 757 2386 sed.
800 2327 868 2389 Diu
887 2326 1093 2411 multumque
1106 2327 1216 2398 locum
1230 2348 1312 2391 ver-

56 2411 146 2483 savi,
179 2418 218 2471 ut
243 2408 271 2472 si
298 2409 371 2471 fieri
394 2408 690 2491 posset,-minima
718 2409 906 2472 litterarum
931 2413 1124 2487 mutatione,
1146 2411 1225 2473 dum
1242 2433 1310 2474 ve-

57 2494 154 2577 stigia
176 2493 239 2556 Ed.
260 2493 425 2574 principis
446 2513 590 2573 sequor,
613 2493 786 2577 genuinam
809 2493 923 2556 Nostri
946 2493 1145 2578 scripturam
1165 2496 1311 2558 restitu-

58 2597 169 2650 erem3
212 2577 302 2640 nulla
335 2577 423 2638 enim
456 2576 566 2638 adhuc
592 2577 769 2660 proposita
801 2576 985 2640 emendatio
1022 2579 1103 2640 mihi
1139 2579 1308 2643 satisfecit.

59 2661 183 2722 Omnes
204 2661 239 2722 in
259 2661 327 2723 hoc
358 2658 435 2722 loco
468 2659 669 2722 emendando
692 2659 906 2742 neglexerunt
928 2663 1067 2745 primam
1090 2663 1308 2746 scripturam:

64 2745 167 2803 tullio
190 2747 263 2806 Cos.
281 2741 378 2827 'quod
398 2751 490 2806 recte
508 2744 637 2804 monuit
658 2744 810 2819 Cludius,
831 2747 1004 2830 corrigens
1027 2751 1077 2807 ito
1100 2747 1190 2807 ultra
1217 2751 1311 2829 Gon-7

59 2822 139 2885 sulit
152 2843 178 2883 s.
203 2827 426 2898 consularem
448 2847 522 2887 nam
538 2828 667 2908 saepius
689 2829 723 2890 in
749 2828 853 2891 Codd.
869 2831 933 2891 fuit
951 2832 1024 2892 Cos.
1038 2852 1101 2913 pro
1118 2833 1311 2894 consular-iss
1400 2838 1403 2847 ’

58 2908 136 2988 Ipsa
167 2915 276 2968 tamen
314 2926 381 2966 nou
413 2907 666 2984 animadvertit,
698 2930 820 2973 nomen
854 2914 1031 2995 proprium
1067 2912 1171 2974 inesse
1205 2914 1316 2993 verbo,

64 2991 191 3063 Tullio,
224 2990 283 3052 cui.
301 2988 434 3055 additur
459 2994 531 3053 Cos.
577 2992 689 3070 Quare
719 2996 873 3078 rescripsi
894 2998 1021 3068 Sullae,
1048 2995 1088 3057 de
1110 3014 1322 3079 quo=sermo

60 3083 119 3147 est,
145 3075 255 3155 etqui
279 3081 359 3136 tunc
378 3076 552 3138 consulatu
578 3076 788 3160 fungebatur,
813 3085 985 3161 antequam
1006 3079 1160 3141 Dictator
1181 3087 1311 3143 creatus

60 3166 119 3219 est.
164 3155 229 3219 Sed
260 3165 294 3218 et
323 3156 386 3218 alia
416 3159 547 3222 ratione
578 3161 716 3222 fortasse
747 3158 828 3222 hnic
857 3158 934 3222 loco
965 3160 1091 3223 mederi
1113 3152 1308 3244 possumus,

59 3238 223 3322 siquidem
248 3239 352 3301 Tullio
375 3238 533 3305 iutlctum
555 3243 777 3327 relinquamus
797 3253 830 3306 et
847 3242 888 3305 ad
897 3255 1093 3326 potestatem
1106 3247 1311 3327 cogitatione

60 3323 216 3386 addamus
242 3323 373 3389 Sullae..
400 3323 448 3387 M.
471 3327 600 3389 Tullius
628 3328 753 3391 Deculo
785 3327 919 3412 quidam
947 3327 1067 3391 Consul
1086 3330 1153 3391 tutt-
1172 3352 1210 3392 eo
1232 3331 1307 3413 ipso

60 3427 169 3480 anno,
202 3429 269 3492 quo
295 3406 385 3469 Sulla
407 3409 562 3471 Dictator
585 3412 728 3493 imperio
749 3433 809 3473 sno
832 3413 866 3474 in
888 3411 1082 3476 immodicae
1101 3413 1311 3478 crudelitatis

60 3489 228 3553 licentiam
257 3511 332 3552 usus
361 3498 429 3563 θεῖ’,
458 3492 515 3574 qui
547 3493 610 3552 fuit
639 3515 739 3555 annus
766 3495 893 3582 672p.
922 3496 961 3556 R.
987 3518 1015 3558 c.
1040 3496 1092 3558 81.
1116 3521 1144 3557 a.
1169 3498 1250 3560 chr.
1269 3521 1321 3579 ss.¹

62 3572 149 3634 Vide
175 3573 292 3635 Theod.
316 3579 404 3633 Inus.
426 3574 468 3634 ab
488 3574 693 3640 Almeloveen
706 3576 879 3641 Fastorum
899 3577 996 3640 Rom.
1015 3579 1104 3640 Coss.
1126 3579 1205 3643 libri
1225 3581 1321 3644 duo.'

61 3657 244 3718 Amstelod.
271 3653 361 3742 1705.
384 3675 459 3738 pag.
482 3653 536 3718 56.
578 3658 653 3738 Quo
680 3659 779 3722 Tullii
804 3661 954 3726 Consulis
973 3662 1109 3724 nomine
1130 3665 1326 3740 restituto‚·

63 3741 213 3803 omnium
237 3736 446 3820 superiorum
470 3737 637 3804 editorum
652 3743 781 3804 inventa
797 3744 829 3807 in
845 3766 940 3808 auras
960 3755 1165 3808 evanescunt.
1189 3748 1308 3811 Serior

60 3822 234 3885 meditatio
265 3840 319 3880 me
349 3822 468 3895 movit,
506 3833 549 3887 nt
575 3846 662 3889 nunc
691 3825 866 3891 lectionem
895 3828 958 3891 Ed.
988 3851 1041 3912 pr.
1061 3839 1177 3904 tuear,
1202 3830 1305 3894 modo

61 3905 173 3965 addita
193 3902 314 3989 copula
335 3903 393 3963 sed
410 3904 461 3967 vel
480 3919 528 3969 ot.
570 3909 635 3972 Sed
658 3908 805 3971 iudicent
824 3904 1003 3994 peritiores
1024 3922 1057 3976 et
1069 3915 1206 3976 meliora
1220 3936 1308 3998 pro-

60 3991 190 4062 serane,
214 4011 311 4061 nam,
335 3987 473 4069 ingenue
496 3991 621 4067 fateor,
643 3992 789 4055 nondum
809 3993 875 4056 hoc
893 3998 927 4058 iu
941 3996 1016 4059 loco
1029 3996 1112 4059 mihi
1127 4000 1310 4061 satisfacio.

106 4071 231 4133 Eodem
253 4071 360 4152 capite
380 4074 503 4156 legitur
521 4074 555 4136 in
574 4075 636 4140 Ed.
658 4097 712 4160 pr.
734 4074 947 4141 distortarum
967 4103 1011 4141 ex
1030 4081 1120 4155 olto,
1142 4083 1228 4145 uude
1240 4081 1303 4143 Ed.

68 4150 161 4217 Basil.
186 4155 334 4216 refinxit:
366 4155 519 4220 destrioni
533 4163 681 4234 exolet03
704 4159 876 4225 Ruhnken.
900 4164 1031 4225 erecto.
1075 4165 1214 4226 Delendi
1235 4168 1308 4246 p'o-

69 4243 133 4293 test
151 4262 194 4300 ex
212 4241 294 4312 alto,
319 4240 409 4319 qnod
431 4250 500 4314 est,
533 4266 551 4300 e
575 4244 753 4319 tribunali3
776 4244 982 4314 contrarium
1003 4255 1052 4309 est
1072 4270 1091 4309 o
1106 4250 1207 4328 plano
1222 4246 1311 4334 apud

66 4317 203 4381 sarton.
219 4323 263 4382 :in
285 4323 362 4384 Tib.
385 4323 438 4387 55.
460 4324 647 4410 Indicosque
665 4340 725 4388 ant
747 4345 771 4389 e‘
781 4330 895 4409 plano,
911 4343 970 4391 ant
988 4354 1006 4391 e
1034 4335 1221 4414 quaestoris
1239 4335 1311 4394 tri-

67 4401 182 4460 bunali
205 4405 407 4468 admonebat.
460 4408 594 4472 Clodius
626 4411 753 4475 addidit
783 4414 853 4474 sine
894 4414 1091 4476 anctoritate
1120 4413 1181 4479 Ed.
1207 4437 1259 4500 pr.
1293 4433 1310 4474 e

55 4507 184 4561 ,ereum
211 4489 285 4567 quia
315 4491 347 4552 in
378 4489 590 4554 historiarum
620 4494 693 4576 plus
722 4515 790 4558 esse
824 4495 993 4571 videatur,
1030 4499 1309 4582 quam-destricti.

69 4567 222 4639 Heinsius
243 4574 392 4659 scripsit:
416 4571 567 4638 butrioni
578 4600 703 4642 rarum.
740 4579 904 4665 Equidem
924 4589 1016 4646 textu
1029 4585 1167 4665 reposui
1178 4590 1319 4649 exactos
