2850 4958
188 262 260 342 „a
571 219 1005 332 s.s1tusa1r1.0a1
1062 230 1065 235 ’

145 417 521 508 -dignitats'florabat:
553 417 652 482 vellet
681 426 789 480 tamen
818 419 985 482 auctiores
1013 429 1106 504 opes.
1152 421 1256 485 Caius
1277 422 1380 487 Caesa:

179 502 366 590 eloquentia
385 511 419 565 et
438 503 576 585 spiritu,
597 522 675 565 ecce
695 502 811 563 iamet
832 502 1009 565 Consulatu
1032 502 1250 568 allevabatur.
1283 506 1382 569 Pom-

138 590 271 673 rspeius
289 595 395 649 umen
418 584 504 649 inter
525 595 703 671 utrumque
724 584 898 648 eminebat.
941 587 996 650 Sic
1011 586 1114 672 igitur
1127 589 1270 652 Caesare
1283 588 1385 737 diguiq

177 678 277 734 tatem
301 689 510 753 comparare,
533 671 647 732 Crasso
670 688 800 752 augere,
821 669 982 754 Pompeio
1004 670 1149 734 retinere
1168 674 1322 754 cupienti
1346 688 1385 751 aa,

147 784 152 795 ·
177 755 393 836 omnibusque
423 753 550 834 pariter
579 752 747 836 potentiae
768 752 918 835 cupidis,
946 751 987 815 de
1008 753 1188 818 invadenda
1212 754 1389 841 Republin-

138 837 273 906 rniacils
301 838 468 899 convenit.
518 836 563 898 Er
586 860 605 899 o
636 857 739 921 quum
768 836 890 899 mutuis
918 837 1046 900 viribus
1076 837 1233 901 insnum
1256 842 1387 925 quisqu

176 920 275 983 decus
293 921 497 995 niterentur,
521 859 661 983 Galliam
683 921 799 1009 Caesar
819 919 963 994 invadit,
987 921 1118 983 Crassus
1138 920 1268 999 Asiam,
1291 924 1386 987 Pon'·

176 1007 270 1089 psius
291 1003 500 1083 Hispaniam:
530 1014 598 1068 tres
619 1003 751 1064 maximi
772 1003 956 1078 exercitus:
985 1012 1019 1066 et
1040 1004 1075 1066 in
1094 1004 1147 1067 bis
1168 1006 1266 1069 orbis
1288 1008 1386 1091 impe·

137 1089 265 1157 sbrium
282 1089 439 1150 societate
460 1089 562 1151 trium
581 1087 770 1173 principum
792 1095 985 1170 occupatur·
1027 1090 1151 1150 Decem
1170 1110 1278 1155 annos
1295 1082 1385 1153 md

141 1176 146 1183 '
176 1172 238 1234 ista
269 1169 479 1234 dominatio.¹
513 1171 660 1246 Exinde,
693 1168 771 1254 quia
790 1178 905 1232 mutuo
927 1177 1016 1232 metu
1040 1172 1261 1248 tenebantur,
1289 1166 1383 1237 Cnd

175 1263 285 1319 morta
315 1252 401 1336 apud
429 1254 592 1329 Parthos,
624 1262 658 1318 et
687 1255 827 1335 [morte]
858 1252 982 1328 Iulias,
1014 1254 1159 1317 Caesaris
1177 1252 1383 1403 Μίκων

175 1347 278 1420 nupta
300 1337 467 1418 'Pompeio
499 1338 611 1422 generi
648 1336 821 1419 socerique
850 1334 1063 1399 concordiam
1085 1338 1294 1403 matrimonii
1348 1358 1380 1403 aa

137 1420 256 1499 rddere
279 1419 485 1496 continebat,
507 1423 617 1482 statim
637 1419 813 1482 aemulatio
836 1420 958 1502 erupit.
1002 1420 1071 1481 Iam
1092 1421 1257 1505 Pompeio
1279 1440 1386 1503 caspe·-
1414 1428 1415 1433 ’

178 1513 250 1565 ctae
271 1503 414 1565 Caesaris
439 1525 538 1586 opes,
570 1513 604 1566 et
626 1503 753 1564 Caesari
774 1502 974 1586 Pompeiana
996 1502 1136 1585 dignitas
1161 1506 1285 1589 gravis.
1324 1506 1376 1569 lta
1412 1566 1415 1581 ,

175 1585 233 1648 ille
253 1587 379 1648 serebat
398 1606 532 1667 parem,
553 1608 614 1649 nec
633 1586 690 1647 bic
711 1586 927 1669 superiorem.
971 1582 1084 1649 Nefas!
1120 1588 1166 1649 sic
1189 1588 1232 1651 de
1252 1588 1369 1672 prinei-

176 1678 255 1752 patu
275 1669 470 1732 laborabant
481 1716 490 1745 ,
513 1680 677 1754 tamquam
699 1668 886 1732 duostanti
907 1670 1039 1752 imperii
1055 1671 1187 1732 fortuna
1207 1682 1281 1734 non'
1294 1678 1371 1757 capsi
1394 1712 1415 1763 p,

136 1749 259 1816 abret‘
283 1752 371 1837 Ergo
395 1753 532 1817 Lentulo
554 1753 780 1837 Marcelloque
803 1751 1016 1827 Consulibus,
1049 1762 1147 1836 rupta
1173 1754 1284 1837 prima
1304 1774 1369 1817 coa·
1391 1784 1415 1845 fl

177 1835 350 1899 iurationis
373 1834 458 1911 fide,
490 1836 531 1900 de
562 1836 766 1899 successione
789 1837 933 1898 Caesaris
956 1837 1114 1911 Senatus,
1137 1835 1173 1898 id
1194 1846 1265 1913 est',
1286 1836 1367 1901 Pon·
1411 1891 1415 1905 .

174 1920 279 1999 peius,
302 1918 465 2003 agitabat:
488 1941 549 1982 nec
563 1919 627 1995 ,ille
648 1919 822 1992 abnuebat,
845 1919 872 1980 si
894 1919 980 1980 ratio
1004 1919 1054 1979 sui
1074 1920 1239 2002 proximis
1254 1918 1367 1985 coinitll

136 2000 366 2067 rbbaberetur.
419 2001 611 2064 Consulatus
642 2002 784 2074 absenti,
817 2022 915 2084 quem
948 2000 1061 2063 decem
1093 2002 1237 2066 Tribuni
1264 2002 1364 2087 plebis.

174 2086 304 2146 favente
322 2085 506 2166 Pompeio,
529 2084 636 2169 nuper
656 2083 887 2159 decreverant,
909 2091 991 2159 tum,
1015 2083 1242 2150 dissimulante
1263 2084 1365 2163 eodm,

136 2168 375 2255 17negabatur:
412 2172 547 2229 Veniret
575 2180 607 2229 et
628 2178 756 2248 peteret
776 2188 867 2228 more
887 2173 1062 2231 maiorum.
1104 2169 1166 2232 Ille
1185 2176 1304 2233 contra
1321 2168 1366 2233 dte

176 2250 281 2334 gitare
305 2250 455 2313 decreta:
488 2271 543 2327 ac,
572 2254 637 2312 neti
665 2254 699 2311 in
714 2249 788 2331 fide
807 2263 1055 2331 permanerent,
1089 2274 1154 2314 nou
1173 2276 1210 2315 se
1229 2256 1367 2317 remum
1411 2284 1415 2317 2

137 2332 368 2397 alienes-eitum.
411 2333 500 2421 Ergo
522 2335 613 2397 utin
633 2332 764 2396 bostem
785 2331 986 2396 decernitur.
1028 2334 1088 2396 His
1103 2336 1224 2399 Caesar
1242 2336 1367 2419 agitatas,

176 2418 291 2479 statuit
319 2419 464 2501 praemia
494 2439 662 2480 armorum
686 2416 784 2478 armis
812 2415 997 2479 defendere.
1041 2417 1156 2481 Prima
1187 2420 1296 2484 civilis
1314 2414 1369 2485 bd

180 2521 277 2562 arena
299 2501 394 2564 ltalia
414 2503 499 2577 init,
529 2502 620 2585 cuius
641 2521 731 2561 arces
752 2498 879 2562 levibus
899 2497 1074 2584 praesidiis
1100 2502 1281 2585 Pompeius
1301 2503 1369 2581 inste
1397 2530 1400 2544 ·

139 2582 294 2668 19derat3
316 2584 373 2646 sed
396 2585 503 2645 omnia
525 2585 634 2646 subito
658 2583 801 2645 Caesaris
824 2583 950 2666 impetu
973 2605 1129 2667 oppressa
1152 2593 1241 2651 sunt.
1285 2586 1371 2651 Prin

178 2664 330 2729 Arimino
362 2668 451 2750 sigua
482 2669 691 2728 cecinerunt:
724 2677 795 2727 tum
826 2667 940 2751 pulsus
971 2667 1106 2731 Etruria
1126 2669 1234 2744 Libo,
1256 2668 1373 2735 Umbri
1404 2708 1415 2757 q

178 2747 341 2812 Thermus
355 2797 364 2826 ,
387 2750 553 2813 Domitius
575 2750 733 2813 Corfinio.
774 2748 817 2810 Et
846 2760 1019 2835 peractum
1047 2760 1119 2815 erat
1149 2751 1308 2837 [bellum]
1326 2755 1348 2817 si
1413 2812 1415 2828 ,

175 2834 351 2979 :titt
367 2833 1373 3004 tl?{3¹²2}th¹'tilii?:trititttltit‘liss‘ttt
1409 2892 1415 2921 ⁴

88 3012 91 3023 '
139 2963 295 3084 ao'l'ui'pe
317 2999 428 3068 dictat
451 3000 551 3062 modo
572 3001 725 3086 princeps
746 3011 890 3082 patrum,
912 3002 1003 3086 pacis
1024 3001 1170 3086 bellique
1191 3002 1374 3075 moderator,
1397 3050 1414 3092 ,Γ

139 3100 240 3229 ..iii
259 3082 535 3251 “titillat
552 3106 592 3229 :t
611 3106 720 3228 titt
742 3084 853 3249 ¹323:
872 3084 1377 3255 i‘0laiii⁰.i”⁰ii¹i0”li}i⁰tii
1399 3118 1415 3177 *¹

181 3251 276 3334 pior:
306 3274 403 3334 quam
423 3271 527 3331 paene
554 3272 687 3312 vacuam
708 3211 797 3310 :iaetu
820 3251 937 3312 Caesar
958 3251 1141 3333 ingressus,
1169 3214 1378 3317 Consulem
1401 3278 1415 3346 q

179 3337 252 3415 ipse
272 3334 363 3394 iecit.
406 3334 578 3394 Aerarium
601 3350 735 3417 quoque
763 3340 931 3408 sanctum,
954 3337 1031 3417 quia
1055 3334 1182 3397 tardius
1207 3338 1379 3421 aperiebas
1404 3360 1415 3429 p

181 3416 345 3487 Tribuni,
369 3414 462 3476 iussit
483 3414 628 3499 effringi,
652 3434 848 3497 censumque
869 3423 902 3476 et
921 3418 1160 3496 patrimonium
1182 3420 1302 3502 populi
1322 3422 1379 3483 llo·
1405 3451 1415 3510 p

56 3568 58 3572 ,
142 3496 269 3557 armani
292 3504 366 3583 ante
387 3496 518 3579 rapuit,
541 3520 638 3580 quam
660 3498 846 3577 imperium.
888 3497 987 3560 Pulso
1010 3501 1188 3585 fugatoque
1211 3488 1379 3588 Pompeii.

185 3577 300 3642 maluit
327 3579 421 3662 prius
441 3579 596 3642 ordinare
615 3581 820 3664 provincias,
852 3603 949 3665 quarn
974 3583 1082 3667 ipsum
1102 3585 1209 3669 sequi.
1252 3588 1381 3651 Sicilian
1406 3552 1415 3673 l

145 3658 219 3725 230:
240 3662 444 3739 Sardiniam,
467 3684 613 3725 annonae
632 3663 794 3748 pignora,
816 3685 878 3748 per
900 3666 1038 3751 Legatos
1061 3666 1173 3731 habet.
1218 3668 1313 3734 Nihil
1332 3670 1382 3733 bc·
1409 3717 1415 3758 1

187 3747 262 3810 stile
293 3758 363 3811 erat
389 3749 423 3811 in
448 3745 573 3809 Gallia:
603 3768 716 3830 pacem
748 3746 817 3831 ipse
837 3751 972 3813 fecerat.
1017 3750 1082 3813 Sed
1106 3750 1147 3814 ad
1169 3754 1384 3837 Hispanienses

188 3832 340 3931 Pompeii
363 3831 523 3893 exercitus
542 3832 721 3894 transeunti
742 3854 803 3914 per
826 3854 896 3895 eam
917 3832 992 3896 duci
1012 3842 1126 3917 portas
1151 3835 1304 3901 claudere
1318 3856 1385 3897 ausa

188 3915 331 3977 Massilia
362 3924 421 3976 est.
474 3915 594 3975 Misera
625 3916 702 3978 dum
733 3916 826 3999 cupit
851 3937 985 4001 pacem,
1007 3917 1087 3982 belli
1108 3927 1197 3981 metu
1220 3923 1257 3984 in
1275 3916 1386 3983 bellun

191 3997 326 4060 incidit:
357 3998 413 4061 sed
434 3999 510 4084 quis
532 4007 601 4059 tuta
623 4000 724 4060 muris
747 4008 835 4074 erat,
857 4001 944 4063 vinci
968 4022 1037 4065 eam
1058 4001 1121 4064 sibi
1144 4003 1240 4067 iussit
1261 4002 1384 4067 absenti.

150 4078 349 4156 24Graecnla
371 4084 501 4158 civitas,
523 4104 589 4142 non
609 4104 671 4167 pro
694 4082 834 4144 mollitie
855 4084 1014 4160 nominis,
1038 4093 1071 4147 et
1090 4085 1209 4148 vallum
1234 4098 1385 4171 rumpere.

174 4172 225 4227 ¹et
252 4164 422 4239 incendere
450 4166 615 4229 machinas
641 4186 738 4240 ausa,
760 4173 793 4226 et
814 4167 970 4250 congredi
992 4167 1147 4242 navibus:
1178 4171 1236 4233 scd
1258 4174 1385 4245 Brutus,

190 4247 244 4310 cui
275 4247 459 4311 mandatum
494 4259 563 4312 erat
597 4246 735 4323 bellum,
767 4249 871 4311 victos
899 4259 988 4311 terra
1019 4253 1170 4335 marique
1191 4252 1384 4337 perdomnit

151 4325 270 4393 nbMox
300 4331 492 4395 dedentibus
522 4352 590 4393 scae
623 4330 730 4393 omnia
765 4332 891 4406 oblatu,
921 4344 1073 4416 praeter,
1097 4354 1203 4419 'qnam
1231 4340 1388 4421 poti'orc'n

151 4412 345 4491 adomnibus
363 4414 542 4489 habebunt,
571 4413 766 4477 libertatem.
810 4413 957 4494 Anceps,
987 4420 1179 4502 variumque
1199 4422 1256 4484 sed
1278 4422 1387 4498 iners·

194 4509 302 4562 entum
331 4499 364 4561 in
386 4499 542 4582 Hispania
564 4497 683 4560 bellum
705 4520 780 4559 cum
799 4497 928 4577 Legatis
951 4501 1046 4564 Cnaei
1069 4502 1241 4583 Pompeii,
1263 4505 1388 4569 Petreio

189 4592 225 4644 et
240 4582 398 4647 Afranio:
422 4603 504 4670 quos
526 4581 652 4645 Ilerdae
673 4589 777 4644 castra
808 4581 982 4661 babentes,
1008 4584 1095 4671 apud
1118 4586 1251 4653 Sicorin
1271 4606 1389 4655 emnem
