2850 4958
171 269 254 353 ,ss
435 248 643 345 sunaus*
658 244 1127 369 smnamsfanaotj

136 448 152 469 ··
165 430 347 509 contendit.
386 414 500 513 Neque
521 438 611 489 seco's
628 440 727 490 censu
747 438 868 491 novato
882 475 891 503 ,
905 440 1025 514 quum,
1046 430 1168 511 Senatu
1184 431 1285 494 motis
1296 433 1365 517 plu-

164 517 276 588 ribus,
297 512 451 575 lascivum
473 510 721 585 adolescentem,
745 516 841 597 quem
862 514 925 575 sibi
946 514 1124 598 probatum
1170 514 1267 578 arcn's
1287 518 1369 580 adse:

163 607 298 673 ¹ruerat,
328 594 530 667 retinuisset,
563 615 731 656 censorem
762 604 794 656 et
824 594 936 659 liberis
966 609 1092 680 patrem
1127 538 1265 661 ddberc·
1288 620 1364 676 csse,

124 683 256 760 sirectc
277 680 449 741 adiecerat.
494 678 552 737 nst
573 679 628 740 ubi
651 677 840 739 Messalinae
861 682 1026 765 coniugis,
1047 681 1213 765 simulque
1233 682 1366 745 liberto·

166 788 240 829 rum
261 761 498 835 delinimentis,
521 762 640 844 quibus
666 770 768 822 semet
794 760 982 837 dediderat,
1015 764 1049 824 in
1074 784 1213 847 pravum
1241 766 1364 829 abstra-

165 857 253 921 ctus,
281 868 346 908 noa
368 844 424 906 illa
446 842 544 905 modo
570 852 785 927 tyrannorum
808 845 967 919 admissa,
994 866 1107 908 serum
1129 869 1215 931 quae
1237 860 1361 932 postre-

135 998 139 1003 ,
165 952 253 992 mum
280 949 378 1013 genus
408 927 580 988 mulierum
614 937 711 1009 atque
741 927 859 989 servile
888 929 1002 1011 quibat
1026 931 1232 995 facere'sirc
1258 932 1362 995 umenti

122 1008 376 1097 fidomincque.
417 1012 564 1093 Namque
585 1032 670 1072 uxor
688 1010 798 1093 primo
819 1014 957 1093 passim,
980 1012 1071 1095 quasi
1094 1013 1185 1088 iure,
1217 1014 1366 1078 adulterii

163 1098 336 1159 utebatur:
370 1114 475 1177 eoque
503 1094 651 1155 exstincti
678 1114 752 1153 cum
773 1095 839 1155 suis
858 1094 1027 1177 plerique,
1051 1096 1183 1181 ingc'nio
1209 1120 1269 1160 seu
1289 1108 1366 1161 mnu

164 1179 377 1251 abstinenter,
399 1178 497 1248 dum,
518 1176 702 1261 pervagatis
723 1176 897 1238 mulierum
918 1178 1054 1251 artibus,
1077 1179 1144 1261 peti
1167 1180 1243 1241 'sen
1267 1183 1368 1265 petitis¹
1389 1250 1393 1257 ,

134 1276 137 1283 “
163 1262 368 1324 criminatur.
414 1260 540 1321 Dehinc
561 1260 705 1320 atrocius
727 1280 870 1333 accensa,
892 1260 1075 1321 nobiliores
1095 1285 1247 1347 quasque
1264 1274 1365 1347 nuptas

165 1355 198 1408 et
217 1344 358 1427 virgines
380 1353 566 1405 scortorum
587 1342 685 1403 modo
710 1362 818 1403 secum
841 1344 1079 1426 prostituerat,
1102 1349 1282 1431 coactique
1301 1370 1365 1409 ma·-

123 1426 144 1491 6
165 1451 234 1501 res,
258 1430 304 1489 uti
327 1428 483 1489 adessent.
527 1425 625 1504 Quod
646 1426 672 1487 si
695 1426 751 1508 qui
772 1425 849 1485 talia
871 1426 1059 1501 horruerat,
1078 1428 1199 1490 a'diicto
1224 1432 1361 1505 crimine,

122 1534 144 1598 7
164 1513 198 1591 iu
220 1515 326 1595 ipsum
356 1530 548 1593 omnemque
575 1508 731 1569 familiam
752 1510 965 1571 saeviebatur.
1009 1512 1158 1593 Namque
1181 1512 1365 1588 Claudium,

165 1596 214 1657 uti
235 1616 332 1675 supra
354 1594 544 1665 docuimus,
566 1600 681 1652 natura
702 1591 1039 1673 performidolcsum,
1067 1593 1189 1656 iniecto
1218 1607 1306 1659 metu
1325 1600 1367 1659 sui

164 1679 349 1762 agitabant,
375 1678 513 1739 maxime
534 1676 792 1735 coniurationis:
822 1698 888 1758 qno
911 1684 1094 1737 commento
1118 1678 1234 1739 liberti
1259 1682 1367 1754 etiam,

122 1758 143 1824 8
165 1783 246 1847 quos
268 1760 397 1831 vellent,
419 1760 585 1843 perditum
610 1758 712 1820 ibant.
756 1759 822 1837 Qui
840 1758 949 1840 primo
965 1760 1141 1821 sceleribus
1159 1760 1366 1837 colludentes,

164 1845 221 1907 ubi
243 1864 336 1927 pares
355 1852 513 1925 patronae
534 1841 612 1901 facti
635 1846 729 1917 suat,¹
757 1862 827 1901 eam
850 1862 1003 1925 quoquc,
1036 1843 1173 1927 ignaro,
1207 1847 1301 1928 quasi
1320 1847 1369 1908 io-

120 1927 260 2012 pbcnte
280 1935 407 1995 tamen,
438 1923 592 1996 domino,
615 1946 677 2006 per
698 1923 851 1985 satellites
872 1925 1079 1987 interfecere.
1122 1928 1166 1989 Et
1187 1947 1268 1989 sanc
1289 1930 1320 1990 in
1339 1929 1369 1991 id
1413 1990 1415 1995 .

163 2030 335 2093 progressa
368 2007 486 2068 mulier
516 2016 605 2079 erat,
638 2006 710 2079 uti,
742 2006 841 2067 animi
869 2010 913 2068 'ac
941 2008 1097 2089 pellicum
1121 2009 1227 2096 gratia
1245 2012 1370 2075 'Ostiam

162 2096 336 2174 prolecto,
360 2091 483 2150 Romae
503 2088 631 2167 nuptias
654 2110 729 2150 cum
749 2088 853 2150 altero
876 2090 1117 2173 frequentaret:
1148 2102 1181 2155 et
1204 2092 1287 2157 hinc
1306 2118 1370 2157 nou·

163 2175 253 2253 tior,
275 2172 351 2233 dum
374 2173 493 2233 mirum
512 2171 644 2233 videtur
665 2167 751 2254 a'pud
774 2173 1012 2255 Imperatorem
1033 2176 1163 2250 virum,
1184 2176 1263 2240 viro
1283 2202 1369 2263 quan

124 2256 360 2340 solmperatcri
381 2263 515 2338 nuptam
537 2275 614 2319 esse.
658 2255 708 2316 lta
729 2252 841 2317 liberti
866 2260 1062 2336 potestats‘m
1088 2260 1176 2321 nacti
1196 2272 1369 2337 summanr,

133 2341 304 2423 '.stupris,
337 2338 473 2410 exsilio,
509 2338 627 2412 caede,
666 2338 990 2423 proscriptionibus,
1032 2342 1139 2403 omnia
1176 2344 1369 2419 foedabant,

165 2445 270 2507 eoque
298 2422 436 2484 herilem
467 2420 638 2483 stultitiam
669 2418 864 2504 perpulere,
896 2425 945 2484 uti
967 2445 1064 2485 senex
1085 2425 1197 2487 fratris
1222 2428 1321 2489 saliam
1340 2428 1372 2489 in

125 2508 293 2590 srnuptias
323 2505 582 2588 concupisceret.
625 2506 718 2584 Quae
750 2505 894 2587 quamvis
920 2509 1091 2590 superiore
1112 2507 1291 2573 absurdior
1309 2508 1373 2570 ba-

136 2588 139 2595 ’
163 2591 315 2662 beretur,
339 2589 529 2671 idcircoque
548 2589 640 2670 paria
663 2588 907 2662 extimescerem
928 2598 1053 2651 veneno
1076 2593 1253 2675 coniugem
1275 2595 1377 2655 inter-

127 2676 256 2736 ssemit.
302 2673 403 2733 Huius
425 2694 508 2733 anno
539 2681 652 2746 sexto,
683 2674 783 2755 quu'm
805 2673 1054 2756 quatuordecim
1075 2677 1244 2757 regnarit,
1270 2678 1377 2738 octin-

164 2756 358 2837 gentesimus
381 2756 481 2817 Urbis
518 2755 600 2816 mire
631 2753 839 2817 celebratus:
882 2758 1032 2839 visusque
1069 2757 1155 2839 apud
1189 2758 1378 2843 Aegyptum

163 2840 336 2912 Phoenix,
363 2861 460 2921 quam
486 2837 650 2898 volucrem
677 2841 787 2901 ferunt
810 2859 893 2900 anno
917 2841 1174 2923 quingentesimo
1198 2862 1240 2902 ex
1263 2844 1379 2907 Arabis

167 2931 362 2985 memoratos
387 2924 477 2983 locos
499 2918 672 2995 advola-e,
696 2932 792 3002 atque
813 2922 847 2982 in
869 2922 1003 3006 Aegaeo,
1021 2924 1102 2984 mari
1124 2934 1263 3005 repente
1278 2928 1380 2990 insula

129 3004 279 3090 13ingens
306 3007 456 3077 emersit,
488 3013 602 3078 nocte,
635 3027 698 3086 qua
723 3006 868 3067 defectus
894 3005 989 3068 lunae
1021 3005 1193 3068 acciderat.
1244 3010 1381 3073 Tetrum

167 3092 284 3164 funus,
308 3090 354 3149 uti
376 3087 537 3171 quondam
561 3088 593 3149 in
614 3088 728 3151 Prisco
753 3089 953 3171 Tarquinio,
978 3088 1034 3149 diu
1058 3088 1279 3166 occultatum,
1305 3094 1381 3156 dum

168 3183 238 3235 arte
259 3172 403 3233 naulieris
425 3172 573 3250 corrupti
596 3166 764 3245 custodes,
794 3192 926 3255 aegrum
948 3172 1121 3243 simulant,
1152 3182 1255 3257 atque
1277 3178 1319 3239 ab
1343 3200 1379 3241 eo

168 3257 349 3317 mandatam
374 3252 504 3314 interim
525 3256 690 3340 privigno,
712 3276 809 3341 quem
822 3256 933 3339 paullo
949 3263 1023 3318 ante
1037 3256 1071 3318 in
1084 3253 1212 3320 liberos
1228 3258 1380 3326 adscive-

169 3348 244 3416 rat,
266 3360 377 3402 curam
397 3336 619 3421 Reipublicae.
665 3410 668 3419 Ι

608 3484 846 3580 cao'or
893 3516 938 3580 v.

565 3632 594 3673 n.
623 3630 844 3695 nonrrrus
875 3618 992 3673 asso.

135 3762 147 3801 ⁵'
211 3762 262 3828 Eo
284 3763 382 3827 modo
413 3763 449 3827 1..
472 3761 636 3825 Domitius
655 3763 756 3843 ‚(nam
783 3761 818 3823 id
848 3771 937 3825 certe
964 3785 1082 3826 nomen
1107 3765 1259 3843 Neroni,
1290 3776 1380 3855 patre

134 3868 154 3913 s
174 3848 341 3923 Domitio,
365 3854 445 3926 erat)
467 3848 652 3929 Imperator
671 3847 775 3906 factus
790 3854 849 3906 est.
887 3848 952 3925 Qui
968 3870 1068 3930 quum
1081 3848 1179 3933 longe
1194 3851 1374 3914 adolescens

176 3931 376 4007 dominatum
402 3952 515 4013 parem
546 3930 636 3991 annis
657 3928 775 3990 vitrico
802 3929 967 4009 gessisset,
991 3931 1253 4029 quinquennium
1277 3946 1376 3996 tamen

174 4017 384 4089 tantusfuit,
404 4012 546 4099 augenda
566 4014 659 4075 Urbe
679 4012 836 4084 maxime,
861 4014 907 4073 uti
929 4025 1047 4076 morito
1064 4014 1232 4080 ¹Traianus
1257 4016 1377 4099 saepius

173 4098 370 4170 testaretur,
392 4095 510 4177 procul
532 4096 662 4158 differre
686 4102 820 4156 cunctos
841 4096 1006 4178 principes
1028 4098 1165 4159 Neronis
1187 4104 1380 4185 quinquen·-

175 4182 252 4243 nic:
276 4202 341 4263 quc
365 4181 461 4247 etiam
482 4181 624 4263 Pontum
647 4179 679 4240 in
706 4178 754 4238 ius
774 4179 975 4260 provinciae,
996 4182 1184 4243 Polemonis
1205 4187 1378 4267 permissu,

28 4336 31 4341 ⁴
174 4263 325 4347 redegit,⁵
346 4264 436 4324 cuius
457 4264 560 4349 gratia
581 4260 829 4323 Polemoniacus
848 4261 974 4324 Pontus
1000 4265 1217 4347 appellatur:'
1238 4266 1380 4350 itemque

131 4340 299 4413 3'Cdttias
321 4346 446 4429 Alpes,
480 4346 589 4407 Cottio
619 4366 695 4429 rege
722 4352 867 4405 mortuo.
910 4347 1019 4424 Quare
1044 4348 1120 4409 satis
1150 4360 1378 4430 compertum,

94 4470 97 4483 ·
131 4436 135 4447 '
174 4453 280 4515 neque
300 4451 411 4493 aevum
435 4427 666 4511 impedimento
692 4428 807 4501 virtuti
829 4448 915 4502 esse·,
938 4424 1006 4491 earn
1028 4430 1122 4492 facile
1143 4426 1282 4508 mutari,
1302 4454 1380 4494 cor·

174 4524 275 4598 rupto
305 4534 368 4597 per,
395 4512 558 4576 liccntiam
590 4511 742 4589 ingenio,
778 4510 992 4593 omissamque
1021 4513 1259 4577 adolescentiae
1287 4514 1374 4599 quasi

116 4593 149 4669 4
157 4596 269 4683 Iegem
288 4596 514 4684 perniciosius
540 4597 664 4685 repetii
698 4593 846 4679 Namque
865 4614 905 4658 eo
926 4594 1086 4662 dedecore
1107 4596 1273 4683 reliquum
1292 4598 1374 4661 sitae
