2850 4958
101 280 183 361 aaa
592 240 880 361 rumonus

152 452 256 515 m..
273 451 358 515 Hinc
377 449 584 515 tumbellam
606 450 702 513 civile
720 449 874 515 successit
893 447 1131 511 exsecrandum·
1149 457 1186 511 et
1204 450 1301 535 laeryt·

109 536 250 609 mubile;
282 554 349 619 quo
376 545 508 619 praeter
534 533 754 608 calamitates,
783 555 867 617 quae
888 532 921 593 ia
942 531 1083 614 proeliis
1103 530 1300 611 acciderunt,

110 619 364 681 etism-Romani
386 620 527 681 nominis
548 621 681 679 fortuna
702 627 826 680 mutata
847 624 906 678 est.
951 618 1068 678 Caesar
1090 618 1201 691 enim,
1229 620 1301 682 reali·

111 723 171 764 ens·
190 723 208 763 e
230 702 333 764 Gallia
354 704 482 776 victor,
517 703 629 785 coepit
649 723 786 782 poscere
807 700 947 763 alterum
963 698 1201 761 Consulatum:
1224 713 1301 787 atque

107 785 172 858 ita,
203 795 239 845 ut
266 788 335 847 sine
355 785 522 848 dubietate
544 786 574 848 ei
595 785 704 865 aliqua
725 784 920 847 deferretur.
961 782 1217 846 contradictum
1236 796 1300 849 ests

107 868 266 931 Marcello
292 871 378 940 Cos„
400 893 417 929 a
438 868 575 943 Bibulo,
608 892 626 928 a
646 869 828 947 Pompeio,
851 889 868 927 a
892 867 1036 938 Catone,
1060 866 1238 951 iussusque
1255 868 1298 931 tli-
1338 926 1340 936 Α

107 952 213 1015 missis
236 953 433 1013 exercitibus
461 952 501 1011 ad
528 953 653 1014 Urbem
674 952 795 1013 redire.
837 950 983 1030 Propter
1012 970 1113 1031 quam
1142 952 1297 1039 iniuriam,

107 1034 149 1095 ab
171 1036 343 1108 Arimino,
366 1037 421 1097 ubi
444 1035 563 1096 milites
588 1043 801 1120 congregatos
821 1033 985 1106 babebat,
1008 1033 1164 1097 adversus
1179 1039 1308 1119 patries,

107 1118 348 1181 cumcxercitu
373 1120 471 1180 venit.
517 1120 670 1181 Consules
692 1141 765 1180 cum
785 1119 968 1199 Pompeio,
991 1115 1297 1202 Senatusqueounit
1335 1146 1340 1186 t

107 1210 205 1284 atque
225 1204 374 1263 universa
395 1202 550 1263 nobilitas
573 1225 611 1264 ex
632 1202 725 1263 Urbe
745 1201 841 1284 fugit,
865 1210 897 1260 ct
919 1201 953 1262 in
975 1199 1151 1264 Graeciam
1172 1202 1295 1263 transiit:
1333 1206 1340 1267 l

107 1286 194 1366 apud
217 1284 374 1366 Epirum,
397 1285 644 1360 Macedoniam,
668 1285 841 1358 Achaiam,
863 1284 1027 1367 Pompeio
1051 1284 1159 1360 duce,
1182 1286 1294 1347 Senatu
1331 1288 1340 1352 l

106 1378 222 1430 contra
246 1372 412 1431 Caesarem
437 1368 558 1431 bellam
580 1369 719 1450 paravit.
1280 1410 1286 1427 ι
1331 1377 1340 1435 l

149 1453 220 1513 XX.
254 1455 369 1514 Caesar
399 1473 532 1513 vacuam
562 1452 688 1515 Urbem
716 1453 898 1535 ingressus,
929 1449 1138 1513 Dictatorem
1170 1472 1206 1513 se
1224 1448 1291 1513 fecit
1328 1476 1340 1518 a

105 1532 188 1596 Inde
219 1538 390 1617 Hispanias
421 1537 528 1616 petiit.
579 1534 631 1595 lbi
662 1535 813 1616 Pompeii
843 1533 1004 1595 exercitus
1035 1534 1294 1614 valitlissimostl
1326 1559 1340 1600 a

104 1618 304 1681 fortissimos
334 1641 407 1681 cnm
437 1619 544 1681 tribus
575 1619 735 1692 ducibus,
767 1620 805 1679 L.
827 1616 988 1690 Afranio,
1011 1619 1066 1677 Μ.
1090 1617 1242 1693 Petreio,
1261 1616 1293 1677 ll.
1326 1644 1337 1683 s

106 1699 279 1774 Varrone,
301 1703 476 1785 superavit.
519 1701 599 1763 Inde
619 1723 800 1787 regressus,
823 1701 856 1762 in
880 1699 1054 1761 Graeciam
1074 1701 1227 1774 transiit,
1251 1697 1295 1759 ab

104 1806 216 1847 versus
247 1786 440 1869 Pompeium
464 1785 644 1847 dimicavit.
686 1787 800 1848 Primo
831 1782 962 1865 proelio
985 1784 1089 1845 victus
1112 1793 1145 1844 et
1167 1785 1294 1867 fugatur,

106 1871 207 1930 evasit
229 1879 352 1941 tamen,
386 1869 462 1950 quia
493 1878 590 1930 noete
618 1869 852 1931 interveniente
872 1867 1049 1947 Pompeius
1070 1867 1164 1949 sequi
1187 1865 1292 1929 uoluit:
1329 1870 1340 1930 l

106 1950 254 2034 dixitque
276 1954 408 2024 Caesar,
430 1973 487 2009 nec
507 1958 697 2028 Pompeium
717 1955 801 2012 scire
820 1953 964 2022 uincere,
987 1961 1020 2009 et
1039 1952 1099 2011 illo
1121 1962 1246 2011 tantum
1259 1946 1295 2009 dit
1329 1974 1340 2036 p

103 2039 298 2114 seposuisse
328 2037 486 2111 superari.
530 2034 657 2094 Deinde
689 2034 722 2094 in
756 2032 923 2093 Thessalia
943 2032 1029 2113 apud
1049 2028 1295 2116 palaeophana'·
1329 2056 1340 2096 s

103 2114 190 2189 lum,
213 2117 383 2198 productis
404 2116 570 2199 utrimque
592 2117 777 2201 ingentibus
799 2114 914 2199 eopils,
934 2116 1185 2178 dimicaverunt.
1215 2116 1296 2177 Pon·
1329 2141 1340 2180 s

103 2199 172 2281 peii
194 2200 278 2260 acies
299 2199 414 2261 habuit
434 2199 491 2258 XL
517 2198 620 2260 millia
654 2199 821 2281 peditum,
851 2198 977 2280 equites
998 2199 1032 2260 in
1055 2201 1193 2262 sinistro
1214 2200 1296 2263 corut
1330 2202 1340 2263 l

104 2291 291 2355 sexcentos,
318 2284 351 2344 in
372 2282 488 2344 dextro
512 2282 727 2365 quingentum
758 2290 928 2364 praeterea
955 2283 1058 2344 totius
1086 2283 1236 2346 Orientis
1251 2304 1340 2347 smne

104 2365 203 2439 xilia,
227 2375 395 2448 totamque
416 2366 646 2440 nobilitatem,
669 2367 858 2427 innumeros
878 2365 1073 2440 Senatores,
1104 2366 1308 2439 Praetorias,¹
1332 2390 1340 2449 p

106 2449 319 2523 Consulares,
342 2459 374 2512 et
393 2451 455 2534 qui,
473 2470 664 2528 magnorum
688 2449 752 2509 iatn
772 2447 976 2531 populorum
1004 2451 1147 2512 victores
1169 2452 1295 2513 fuissent
1331 2455 1340 2514 t

106 2533 222 2593 Caesar
253 2534 286 2594 in
319 2534 388 2595 acie
416 2554 474 2594 sua
503 2531 621 2594 habuit
643 2531 792 2616 peditum
820 2552 887 2594 non
916 2533 1042 2618 integra
1069 2534 1164 2596 XXX
1191 2532 1296 2605 mittin
1331 2556 1340 2599 t

106 2636 123 2676 e
150 2618 231 2677 uites
252 2615 352 2677 mille.

65 2750 74 2763 .
125 2638 236 2760 qXXI.
269 2700 452 2781 Numquam
475 2696 581 2761 adhuc
601 2697 765 2759 Romanae
786 2699 902 2781 copiae
924 2698 959 2760 in
979 2721 1092 2773 nnana,
1115 2721 1225 2783 neque
1243 2720 1297 2760 m·

105 2777 211 2856 iores,
234 2804 338 2863 neque
360 2781 551 2843 melioribus
574 2780 731 2855 ducibus,
755 2791 995 2857 convenerant,
1023 2792 1131 2845 totum
1152 2791 1298 2847 terrarum

106 2864 221 2925 orbem
248 2865 343 2927 facile
370 2866 582 2937 subacturae,
610 2866 638 2927 si
670 2873 784 2927 contra
811 2866 970 2928 barbarus
992 2864 1206 2929 ducerentur.
1244 2867 1299 2928 Pu·

104 2958 236 3023 gnatum
258 2958 366 3012 tamen
389 2958 436 3011 est
456 2948 578 3033 ingenti
600 2950 827 3023 contentione,
860 2949 1030 3033 victusque
1050 2949 1090 3010 ad
1112 2952 1298 3032 postremus
1335 2948 1340 3012 l

103 3028 301 3115 Pompeius,
335 3044 367 3095 et
389 3042 491 3093 castra
517 3034 585 3094 eius
606 3031 735 3114 direpta
755 3041 840 3095 aunt.
886 3033 961 3114 Ipse
990 3035 1136 3116 fugatus,
1167 3034 1298 3097 Alexan·
1338 3057 1340 3063 ·

105 3113 210 3177 driam
232 3118 349 3198 petiit,
372 3124 409 3176 ut
431 3139 448 3175 a
470 3137 547 3199 rege
570 3111 735 3198 Aegypti,
758 3115 810 3177 cui
832 3125 924 3177 tutor
945 3138 962 3175 a
983 3117 1104 3177 Senatu
1126 3116 1222 3181 datus
1239 3120 1300 3181 tae

104 3207 157 3259 rat
177 3208 316 3280 propter
337 3198 510 3260 iuvenilem
532 3199 600 3260 eius
622 3207 779 3272 aetatem,
802 3201 965 3281 acciperet
987 3199 1126 3261 auxilia:
1161 3202 1220 3284 qui
1239 3202 1301 3263 ior·

104 3289 215 3341 tunam
235 3281 355 3361 magis,
380 3303 475 3363 qnam
497 3280 672 3341 amicitiam
695 3291 840 3355 secutus,
865 3281 987 3344 occidit
1008 3281 1225 3365 Pompeium,
1255 3284 1301 3345 αἱ

104 3372 167 3443 put
187 3363 255 3423 eius
276 3371 309 3422 et
328 3363 482 3424 annulum
505 3363 633 3424 Caesari
654 3363 754 3424 misit.
799 3366 873 3440 Quo
897 3376 1092 3447 conspecto,
1124 3367 1302 3431 Cesserat*

105 3445 168 3505 iam
189 3444 347 3589 lpcrymap
368 3444 491 3506 fudisse
510 3446 649 3518 dicitur,
672 3446 754 3508 tanti
776 3446 840 3510 viri
862 3446 989 3508 intuens
1015 3457 1125 3533 caput,
1148 3460 1184 3513 et
1204 3446 1303 3537 genesi

130 3548 194 3586 non
218 3549 269 3589 am
290 3550 353 3591 sua.

105 3549 253 3675 qXXII.
288 3614 368 3675 Mox
392 3611 509 3673 Caesar
535 3606 764 3673 Alexandriam
792 3611 893 3675 venit.
936 3614 1004 3696 Ipsi
1032 3636 1166 3698 quoqne
1183 3615 1303 3679 'Ptole-

104 3715 214 3757 meeus
234 3718 351 3779 parere
370 3693 476 3758 voluit
494 3691 638 3768 insidias,
660 3717 724 3777 qua
745 3715 855 3758 caussa
874 3698 944 3781 regi
966 3697 1088 3761 bellam
1101 3700 1237 3763 ‚illatura
1248 3708 1304 3783 pst·

104 3774 242 3857 Victus,
265 3778 298 3845 in
318 3777 396 3843 Nilo
416 3775 538 3862 periit,
561 3775 791 3862 inventumque
812 3788 860 3841 est
880 3802 1002 3864 corpus
1023 3781 1090 3843 eius
1111 3805 1188 3847 cum
1210 3780 1306 3859 lorios‘

105 3882 215 3924 aurea.
259 3865 374 3925 Caesar
402 3861 597 3924 Alexandria
621 3863 773 3944 potitus,
804 3885 940 3946 regnum
975 3865 1169 3947 Cleopatrae
1201 3864 1303 3937 detta,

105 3941 297 4025 Ptolemaei·
316 3947 447 4021 sorori,
490 3966 564 4007 cum
599 3966 663 4027 qua
696 3949 961 4010 consuetudinem
996 3949 1102 4030 stupri
1138 3949 1304 4013 habuerat.

105 4024 243 4091 Rediens
265 4027 341 4092 inde
362 4030 477 4093 Caesar
505 4030 726 4104 Pharnacem,
751 4031 954 4092 Mithridatis
974 4032 1080 4114 magni
1103 4032 1227 4109 filiurn,
1252 4028 1305 4114 qtl

105 4108 265 4191 Pompeio
298 4114 331 4174 in
362 4112 519 4177 auxilium
548 4110 634 4192 apud
665 4113 864 4175 Thessaliam
890 4116 1016 4188 fuerat,
1040 4115 1257 4181 rebellantem
1274 4114 1307 4175 in

105 4193 236 4269 Ponto,
266 4202 299 4256 ct
321 4195 438 4259 multas
466 4195 582 4278 populi
603 4195 742 4259 Romani
762 4198 948 4280 provincias
970 4207 1205 4280 occupantem,
1232 4198 1306 4263 sicil

105 4277 193 4343 sciet
216 4287 328 4357 postes
350 4279 390 4341 ad
410 4288 550 4341 mortem
571 4280 693 4361 coegit.
762 4322 765 4327 -
802 4284 805 4289 ’
1108 4329 1113 4339 ψ
1300 4304 1304 4314 ·

146 4361 269 4423 ΧΧΙΙΙ.
301 4362 380 4424 lade
400 4362 535 4423 Romam
555 4382 741 4443 regressus,-
764 4362 863 4424 tertio
885 4383 919 4424 se
942 4362 1111 4425 Consulem
1132 4366 1218 4427 feeit
1237 4384 1306 4429 eun

105 4447 151 4517 M.
175 4444 314 4509 Aemilio
336 4445 479 4527 Lepido,
501 4444 558 4528 qui
580 4446 610 4507 ei
630 4446 795 4507 Dictatori
816 4447 1136 4529 Magisterequitum
1160 4460 1308 4513 autem
1338 4492 1340 4521 ,

104 4552 184 4593 num
203 4529 321 4605 tuerat.
364 4526 504 4591 Inde'in
529 4528 671 4601 Africum
695 4530 864 4609 profectus
886 4539 950 4604 est,
978 4531 1034 4591 ubi
1058 4530 1185 4593 infinita
1211 4529 1308 4595 nobi-⁰
1338 4526 1340 4537 '

93 4610 171 4672 litas
192 4614 267 4675 eum
295 4608 401 4697 Iuba,
434 4610 655 4727 Maupetaniae
675 4632 775 4700 rege,
795 4610 918 4676 bellum
938 4618 1308 4701 repraesentaverat,
