2850 4958
162 255 214 335 ds

156 419 254 483 'inter
279 414 341 481 XX
370 415 461 483 viros
486 414 663 483 dividendo
695 441 775 505 agro
797 422 961 507 Campano
983 440 1052 484 esse
1070 419 1240 487 noluisset.
1287 420 1377 487 ldesa

165 501 255 567 intra
274 500 445 567 biennium
470 522 542 565 seru
573 502 630 565 Cu.
658 502 809 587 Pompeii
832 526 932 581 cura,
953 526 1088 581 rerum,
1111 512 1148 569 ut
1167 503 1295 591 cupiit,
1319 508 1377 571 iu·

164 594 272 663 tenta,
294 584 446 670 rotisque
463 584 579 649 ltaliae
599 606 637 648 ac
658 586 798 651 decretis
818 588 971 665 Senatus,
992 589 1117 651 virtute
1130 598 1229 675 atque
1245 590 1380 655 actious

164 670 265 733 Annii
293 668 447 746 Milonis,
475 669 616 732 Tribuni
643 668 767 753 plebis,
799 670 952 756 dignitati
982 671 1174 757 patriaeque
1205 674 1380 737 restitutus

166 762 226 819 est.
269 754 383 839 Neque
403 763 480 855 post
499 752 665 815 Numidici
689 752 916 829 exsiliumaut
936 757 1097 832 reditum,
1127 758 1304 841 quisquam
1325 766 1381 823 aut

165 837 318 921 expulsus
348 836 565 913 invidiosius,
596 846 652 899 aut
684 850 836 924 receptus
867 849 915 901 est
940 838 1070 903 laetius.
1113 837 1211 902 Cuius
1241 842 1379 919 domus,

165 944 264 1007 quam
286 924 401 985 infeste
421 944 440 983 a
461 920 578 985 Clodio
600 920 735 984 disiecta
763 932 855 997 erat,
885 932 950 987 tam
971 924 1118 1009 speciose
1138 944 1157 985 a
1177 924 1303 987 Senatu
1323 946 1381 991 rs-

164 1006 279 1069 stituta
301 1014 359 1069 est.
402 1005 493 1068 Idem
514 1004 552 1068 Ρ.
577 1003 711 1067 Clodius
730 1006 783 1086 [iu
799 1006 937 1089 Senatu]
961 1010 1022 1073 sub
1043 1006 1378 1075 bonorificentissime

163 1090 341 1153 ministerii
372 1088 494 1165 titulo,
523 1090 570 1152 Μ.
597 1090 754 1151 Catonem
783 1090 1001 1175 aRepublica
1031 1086 1202 1176 relegavit.
1243 1093 1381 1179 Quippe

163 1170 271 1258 legem
299 1172 397 1249 tulit,
427 1184 465 1235 ut
494 1177 522 1235 s's
557 1177 717 1257 Quaestor
735 1194 809 1235 cum
830 1179 901 1235 iure
915 1180 1106 1258 praetorio,
1127 1174 1257 1239 abacto
1278 1182 1381 1241 ass'sas

170 1260 368 1339 Quaestors,
390 1262 576 1320 mitteretur
595 1261 630 1319 s'n
650 1257 790 1319 rasulam
812 1260 970 1340 Cyprum,
990 1259 1038 1319 ad
1053 1258 1258 1333 spoliandum
1279 1282 1382 1345 regnu

143 1343 410 1417 ,Ptolemaeum
432 1339 584 1403 omnibus
603 1361 734 1402 morum
754 1339 843 1403 vitiis
864 1362 935 1405 eam
956 1341 1188 1405 contumeliam
1210 1343 1380 1407 meritum.

162 1422 244 1487 Sed·
259 1423 337 1500 illc,
366 1424 427 1487 sub
456 1422 629 1485 adventum
657 1423 810 1498 Catonis,
841 1423 927 1487 vitae
949 1446 1026 1488 snae
1045 1424 1112 1488 vim
1133 1423 1268 1489 intulit:
1293 1426 1381 1491 unds

163 1508 338 1593 pecuniam
365 1506 465 1591 longe
492 1513 622 1590 sperata
649 1506 808 1569 maiorem
839 1508 920 1571 Cato
951 1509 1087 1571 Romam
1107 1506 1234 1572 retulit.
1280 1510 1381 1575 Cuius

163 1591 386 1675 integritatem
406 1590 556 1667 laudari,
586 1590 677 1653 nefas
697 1599 766 1654 est:
798 1590 970 1655 insolentia
990 1612 1094 1675 paene
1122 1592 1216 1674 argui
1241 1602 1377 1697 potestQ

164 1676 256 1761 quod
288 1698 352 1739 una
382 1696 457 1737 cum
488 1674 578 1737 Coss.
610 1694 649 1735 ac
673 1672 795 1736 Senatu
826 1675 924 1738 effusa
948 1676 1081 1741 civitate
1102 1674 1381 1763 obviam,.quum

164 1782 233 1845 per
254 1756 404 1823 Tiberim
430 1756 558 1821 subiret
583 1756 741 1832 naribus,
768 1779 835 1820 uon
857 1768 933 1822 ants
959 1759 1001 1823 iis
1020 1779 1166 1843 egressm
1186 1767 1257 1836 est,
1280 1780 1380 1849 qum

163 1844 206 1906 ad
229 1865 302 1905 eum
322 1843 434 1921 locum
453 1840 621 1925 pervenit,
643 1841 700 1902 ubi
723 1850 794 1903 erat
813 1840 1004 1925 exponenda
1024 1843 1177 1926 pecunia.

207 1927 327 1989 XLVI.
359 1926 469 2005 Quum
498 1922 616 1987 dsinds
644 1924 799 1987 immanes
826 1944 900 2000 res,
931 1924 987 1988 vix
1016 1924 1129 1989 multis
1156 1922 1380 1991 voluminibus

166 2008 393 2093 explicandas,
416 2010 451 2071 C.
477 2008 593 2070 Caesar
613 2006 648 2069 iu
669 2005 774 2069 Gallia
795 2017 924 2091 ageret3
951 2030 1012 2073 nec
1033 2017 1206 2075 contentus
1224 2008 1381 2094 plurimis

165 2114 205 2155 ac
223 2091 421 2155 felicissimis
441 2090 610 2165 victoriis,
632 2089 990 2175 innumerabilibusque
1009 2093 1110 2155 caesis
1132 2102 1167 2154 et
1186 2092 1294 2177 captis
1313 2092 1381 2159 bu-

164 2174 264 2238 stium
284 2173 451 2249 millibus,
474 2174 573 2235 ctiam
593 2173 629 2237 in
649 2175 850 2239 Britanniam
872 2175 1053 2240 traiecisset
1074 2176 1266 2252 exercitum,
1290 2176 1380 2241 altu-

166 2279 244 2323 rum
272 2279 377 2342 paenc
407 2256 548 2341 imperio
580 2259 705 2321 nostru
725 2276 764 2319 ac
793 2280 853 2322 suo
875 2277 1033 2343 quaerens
1054 2259 1191 2323 orbem:
1221 2257 1381 2325 invictum

165 2364 230 2429 par
256 2339 454 2415 Consulum,
485 2343 543 2403 Cn.
574 2339 752 2423 Pompeius
776 2350 810 2403 et
840 2344 886 2405 Μ.
919 2344 1073 2419 Crassus,
1104 2341 1244 2406 alterum
1276 2343 1381 2409 iniere

167 2427 397 2500 Consulatum
420 2423 477 2508 qui
499 2444 605 2506 neque
624 2425 748 2507 petitus
769 2422 907 2489 honesta
928 2426 968 2489 ab
990 2424 1065 2501 lais,
1086 2447 1192 2511 nequa
1211 2426 1381 2510 probabi·

164 2512 244 2573 liter
263 2518 372 2596 gestus
392 2517 453 2571 ast.
497 2507 625 2571 Caesari
646 2507 739 2593 lage,
762 2530 859 2592 quam
880 2509 1058 2595 Pompeius
1078 2510 1120 2571 ad
1139 2510 1304 2597 populum
1324 2518 1380 2575 tu·

163 2594 225 2668 lit,
256 2601 456 2678 prorogatae
479 2590 513 2653 in
534 2590 620 2653 idem
646 2591 788 2675 spatium
819 2592 975 2677 temporis
994 2594 1207 2677 provinciae:
1240 2595 1377 2671 Crasso,

164 2670 290 2741 bellum
309 2674 502 2741 Parthicum
523 2673 558 2736 in
580 2675 689 2737 animo
712 2674 883 2751 molienti,
909 2676 1005 2759 Syria
1035 2678 1177 2740 decreta.
1221 2678 1290 2757 Qui
1312 2676 1382 2753 vir,

166 2770 276 2823 cetera
297 2757 516 2822 sanctissimus
537 2756 754 2841 immunisque
774 2759 1016 2843 voluptatibus,
1038 2782 1143 2844 neque
1164 2762 1199 2822 in
1219 2761 1379 2845 pecnnia,

164 2865 273 2927 neque
294 2844 329 2906 in
349 2839 456 2928 gloria
477 2843 736 2921 concupiscenda
763 2851 820 2905 aut
844 2844 979 2907 modum
1006 2854 1122 2919 norat,
1154 2852 1211 2906 aut
1228 2846 1380 2928 capiebat

165 2926 353 2991 terminum.
397 2926 492 2989 Hunc
513 2927 776 3009 proticiscentem
797 2927 830 2988 in
850 2925 981 3011 Syriam
1001 2926 1083 2990 diris
1103 2948 1177 2989 cum
1196 2928 1380 3000 ominibus,

167 3010 309 3075 Tribuni
329 3009 435 3095 plebis
456 3012 579 3073 frustra
600 3012 745 3074 retinere
766 3011 889 3074 conati.
931 3013 1082 3090 Quorum
1097 3011 1337 3075 exsecrationes
1355 3008 1381 3073 si

166 3095 201 3161 in
222 3093 577 3180 ipsumlautummodc
601 3094 793 3168 valuissent,
815 3093 898 3157 utils
919 3088 1129 3176 imperatoris
1149 3094 1304 3157 damnum
1318 3092 1384 3157 sal·

165 3201 208 3242 vo
232 3181 378 3243 exercitu
398 3181 513 3243 fuisset
532 3177 756 3261 Reipublicae.
795 3175 1050 3257 'Transgressum
1071 3175 1261 3258 Euphraten
1285 3178 1382 3241 Cras·
1408 3185 1412 3191 '

117 3342 120 3349 Ι
167 3283 236 3323 sum
257 3273 488 3407 petentemque
508 3260 708 3334 Seleuciam,
731 3259 936 3321 circumfusis
958 3260 1152 3323 immanibus
1166 3260 1271 3342 copiis
1287 3261 1383 3347 equi-

167 3356 249 3419 tum,
272 3368 329 3409 rex
347 3347 419 3407 Oro
444 3366 476 3407 es
499 3366 561 3407 una
581 3364 656 3405 cuna
676 3351 771 3424 parte
792 3340 918 3405 maiore
938 3342 1076 3404 Romani
1099 3344 1260 3407 exercitus
1277 3345 1383 3408 inter·

170 3429 259 3491 emit.
302 3428 468 3510 Reliquias
497 3426 665 3510 legionum
696 3424 733 3485 C.
755 3426 901 3499 Cassius,
934 3426 1131 3490 atrocissimi
1163 3446 1241 3491 mox
1265 3438 1383 3493 auctor

168 3511 346 3585 facinoris,
367 3519 436 3573 tum
459 3510 643 3587 Quaestor,
671 3508 897 3584 conservavit,
927 3508 1123 3597 Syriamque
1143 3509 1225 3573 adso
1247 3510 1283 3575 iu
1313 3533 1383 3593 po-

169 3594 240 3681 puli
261 3594 399 3658 Romani
418 3600 582 3677 potestate
604 3591 760 3666 retinuit,
784 3600 820 3654 ut
840 3601 1058 3680 transgressos
1079 3595 1115 3660 iu
1140 3615 1209 3658 eam
1227 3593 1383 3671 Parthos,

168 3678 258 3743 felici
282 3701 391 3742 rerum
415 3686 550 3752 eventu,
568 3675 698 3759 fugaret
716 3696 754 3738 ac
779 3675 942 3741 funderet.
1093 3714 1096 3719 ·
1211 3716 1219 3731 ·

210 3764 348 3827 XLVII.
368 3764 436 3825 Per
454 3761 553 3834 baec,
573 3761 868 3845 insequentiaqua,
893 3770 927 3825 et
946 3780 1031 3847 quas
1052 3760 1279 3847 praediximus
1298 3771 1388 3825 tem·

170 3868 277 3931 pora,
298 3846 437 3930 amplius
455 3845 558 3907 CCCC
579 3842 668 3907 milia
687 3843 833 3908 bostium
848 3869 866 3908 a
883 3846 918 3909 C.
936 3848 1071 3909 Caesare
1091 3867 1182 3909 caesa
1199 3856 1285 3921 sunt,
1306 3843 1388 3926 plu·-

171 3950 210 3993 ra
244 3939 351 4013 capta.
394 3929 577 4011 Pugnatum
606 3949 702 4012 saepe
733 3929 858 3994 directa
889 3929 980 4006 acis,
1007 3950 1104 4014 saaps
1126 3930 1160 3991 in
1181 3926 1385 4014 agminibus,

171 4033 267 4097 saepe
296 4014 546 4097 eruptionibus3
576 4012 628 4077 bis
655 4022 824 4096 penetrata
850 4014 1031 4077 Britannia.
1083 4014 1210 4075 Novem
1244 4010 1388 4095 denique

173 4098 349 4161 aestatibus
369 4097 425 4161 rir
438 4097 504 4161 ulla
523 4119 591 4161 non
610 4098 804 4160 iustissimus
824 4098 1012 4181 triumphus
1026 4102 1074 4160 est
1095 4097 1262 4159 emeritus.
1291 4096 1387 4159 Circa

165 4180 316 4253 ,Alesiam
335 4202 415 4247 vero
434 4191 543 4245 tantae
560 4204 612 4245 res
631 4190 755 4263 gestae,
777 4180 1048 4263 quantast‘a'udere
1061 4181 1121 4244 rix
1139 4181 1297 4257 hominis,
1312 4200 1387 4262 per·

171 4265 291 4341 licere,
312 4288 416 4349 paene
432 4265 565 4340 nullius,
588 4265 651 4327 nisi
673 4264 755 4338 Dei,
776 4264 898 4327 fueriti
919 4263 1067 4365 Septimo
1087 4265 1191 4327 ferme
1206 4286 1291 4327 anno
1311 4266 1389 4329 Cac-

173 4369 228 4411 sar
248 4351 440 4415 morabatur
463 4351 497 4413 in
519 4346 651 4423 Galliis,
673 4369 775 4432 quum
794 4346 938 4409 medium
962 4369 1043 4421 ram,
1067 4368 1106 4410 cx
1126 4346 1251 4410 unitate
1264 4358 1389 4432 poten·

170 4432 242 4495 tiae
262 4456 300 4495 ac
319 4433 462 4497 familiae
480 4432 703 4505 cohaerentis,
726 4431 817 4493 inter
827 4430 885 4492 Cn.
900 4430 1096 4513 Pompeium
1117 4442 1150 4494 et
1165 4433 1201 4493 C.
1218 4433 1389 4494 Caesarem

176 4515 374 4581 concordiae
394 4517 532 4600 pignus,
564 4515 664 4588 lulia,
696 4520 783 4577 uxor
809 4514 940 4598 Magni,
962 4512 1121 4589 decessit3
1154 4524 1252 4599 atque
1276 4516 1387 4577 anania

176 4601 263 4663 inter
286 4600 462 4663 destinatos
480 4608 573 4661 tantu
592 4597 774 4663 discrimini
801 4596 899 4661 duces
920 4597 1095 4661 dirimente
1118 4602 1272 4672 lortum,
1301 4598 1390 4661 lilius
