2850 4958
578 216 827 329 nuraoan

98 432 132 484 at
156 442 196 485 aa
223 417 412 493 moderata,
442 413 600 501 quaedam
631 414 810 480 crudeliter
831 423 930 498 atque
949 409 1082 476 insulse.
1125 410 1297 479 Britannias
1339 439 1343 478 ι

96 506 119 567 b
167 527 220 566 um
251 501 384 575 intulit,
411 522 508 583 quam
528 498 636 563 nullus
656 499 879 561 Romanorum
899 507 978 581 post
993 495 1124 559 ¹Iulium
1147 498 1298 565 Caesam
1339 501 1343 561 l

97 589 271 673 attigerat:
304 604 405 667 eaque
426 582 553 646 devicta
572 604 634 668 per
663 583 721 645 Cn.
754 582 900 643 Sentium
933 589 966 641 et
988 581 1028 643 A.
1048 579 1242 654 Plautiam,
1267 580 1297 645 il·
1340 607 1343 646 ι

97 670 216 734 lustres
247 677 280 731 et
307 666 431 731 nobiles
459 667 569 741 viros,
601 665 805 747 triumphum
830 663 992 727 celebrem
1022 663 1102 744 egit.
1150 662 1295 743 Quasdm
1338 690 1343 749 ι

96 753 218 816 insulas
238 753 349 824 etiam,
369 747 456 811 ultra
476 748 676 812 Britanniam
690 749 723 810 in
740 748 871 809 Oceano
887 747 1022 829 positas,
1038 748 1194 807 Romano
1211 744 1297 831 impt-
1336 759 1342 811 t

98 838 153 900 rio
181 834 328 908 addidit,
357 853 440 933 quae
466 831 672 915 appellantur
694 830 860 904 Orcades,
892 830 1027 913 filioque
1048 851 1111 893 suo
1133 828 1298 893 Britannia'
1335 855 1343 917 p

99 940 220 980 nomen
241 918 409 1000 imposuit.
453 914 534 977 Tam
556 913 662 977 civilis
683 924 792 976 autem
813 915 901 975 cirea
922 911 1079 997 quosdam
1103 912 1298 975 amicos-exa
1335 939 1343 1000 q

99 1001 206 1074 stitit,
237 1009 273 1062 ut
300 1000 396 1061 etiam
427 998 614 1072 Plautium,
647 997 793 1059 nobilem
814 997 943 1070 virum,
969 995 1081 1079 quiin
1105 982 1303 1078 expedition,-
1335 1021 1343 1061 ι

99 1082 287 1146 Britannica
306 1082 408 1143 multa
429 1082 558 1165 egregie
578 1081 722 1153 fecerat,
754 1080 1010 1162 triumphantem
1033 1079 1104 1162 ipse
1123 1098 1297 1163 prosequa-¹
1334 1090 1343 1144 i

100 1176 213 1238 retur,
249 1173 281 1226 et
312 1165 539 1227 conscendenti
573 1162 771 1247 Capitolium
801 1162 911 1224 laevus
942 1160 1123 1225 incederet.
1168 1162 1204 1223 Is
1233 1160 1306 1225 vixit·

101 1269 203 1309 annos
224 1246 273 1308 1v
296 1250 329 1308 et
350 1248 418 1320 Lx,
441 1245 615 1331 imperavit
633 1246 726 1308 XIV.
759 1245 840 1307 Post
861 1253 1002 1307 mortem
1023 1254 1235 1309 consecratus
1251 1252 1296 1321 cst,
1331 1268 1343 1311 ι

101 1331 204 1393 Divus
230 1352 270 1392 ue
293 1329 484 1414 appellatus.
1163 1374 1173 1399 ,
1294 1376 1298 1385 .
1332 1333 1343 1393 tl

142 1353 235 1477 xiii.
267 1413 428 1476 Successit
447 1411 527 1473 huic
543 1431 673 1487 nano,
698 1409 873 1494 Caligulae,
894 1409 1055 1472 avunculo
1077 1431 1153 1481 suo,
1177 1408 1299 1473 siniti-
1331 1435 1343 1475 ιι

102 1518 196 1570 mus,
218 1496 274 1579 qui
295 1494 468 1578 imperium
489 1495 671 1556 Romanum
694 1502 726 1556 et
746 1492 961 1566 deformavit,
984 1503 1017 1554 et
1035 1492 1215 1554 diminuit:
1236 1494 1297 1555 ius-
1329 1502 1343 1559 ti

102 1580 217 1641 sitatae
246 1578 395 1649 luxuriae
426 1586 675 1660 senatuumque,
704 1584 742 1638 ut
773 1576 829 1659 qui
862 1575 1010 1658 exemplo
1044 1575 1117 1637 Caii
1150 1575 1299 1660 Calignhs

103 1661 217 1724 calidis
242 1669 274 1721 et
304 1660 432 1744 frigidis
457 1660 582 1723 lavaret
609 1659 801 1744 unguentis,
829 1659 954 1721 retibus
975 1659 1082 1721 aureis
1105 1658 1305 1743 piscaretur,¹
1330 1685 1343 1725 ι

103 1766 187 1827 quae
216 1742 363 1804 blattinis
393 1745 526 1806 funibus
557 1742 759 1816 extrahebat.
811 1741 975 1819 Infinitum
1012 1751 1142 1824 partem
1180 1742 1303 1805 Senatu·
1332 1768 1342 1808 ι

103 1826 291 1900 interfecit·,
323 1827 418 1888 bonis
447 1826 597 1889 omnibus
627 1824 731 1888 hostis
752 1824 827 1889 fuit.
870 1823 921 1885 Ad
941 1834 1146 1906 postremum
1170 1832 1297 1893 setania
1333 1850 1343 1891 ι·

104 1908 265 1972 dedecore
285 1910 477 1991 prostituit,
509 1918 547 1970 ut
567 1908 701 1971 saltaret
721 1918 753 1969 et
776 1915 923 1968 cantaret
945 1908 979 1971 in
1000 1928 1115 1979 scena,
1143 1908 1297 1971 citharas·
1334 1935 1343 1972 ι

104 1991 179 2054 dico
210 1990 324 2053 habitu
353 1992 404 2054 vel
433 1992 572 2074 tragico.
624 1987 809 2053 Parricidia
839 1990 940 2052 multa
973 1989 1165 2069 commisit,
1193 1992 1301 2065 fratrae
1334 2016 1343 2055 s

103 2094 228 2146 uxore,
259 2084 363 2136 matre
385 2074 574 2136 intersectis.
619 2074 745 2135 Urbem
766 2071 901 2134 Romam
924 2072 1087 2146 incendit,
1118 2080 1157 2133 ut
1182 2083 1303 2156 speclea
1336 2078 1340 2093 '

103 2156 170 2218 culi
192 2158 261 2217 eins
284 2157 456 2235 imaginem
477 2164 646 2230 cerneret,
670 2155 758 2240 quali
781 2153 859 2215 olim
879 2156 982 2218 Troia
1002 2165 1096 2238 capta
1115 2165 1249 2218 arserat.
1267 2156 1303 2219 la
1337 2183 1343 2223 ι

105 2259 143 2301 rs
162 2239 296 2301 militari
317 2239 400 2301 nihil
425 2237 557 2301 omnino
580 2260 694 2312 ausus,
723 2238 923 2300 Britanniam
944 2260 1047 2322 paene
1068 2238 1193 2300 amisit.
1231 2240 1298 2303 tim
1338 2244 1343 2305 ι’

104 2321 171 2390 dno
200 2323 259 2384 suh
291 2322 357 2385 lioc
386 2321 587 2382 nobilissima
617 2322 738 2404 oppida
769 2328 862 2402 capta
884 2322 953 2383 illic
975 2331 1073 2404 atque
1095 2342 1208 2383 eversa
1227 2330 1298 2385 surb
1339 2351 1343 2385 ι

103 2405 291 2467 Armeniam
312 2405 427 2466 Parthi
457 2403 675 2476 sustulerunt,
707 2404 918 2488 legionesque
935 2405 1096 2465 Romanas
1117 2405 1180 2466 sub
1204 2407 1304 2489 iugum

103 2490 274 2549 miserunt.
317 2490 409 2549 Duae
437 2495 544 2547 tamea
572 2488 762 2569 provinciae
792 2486 851 2548 sub
875 2509 914 2549 eo
936 2489 1040 2548 laetae
1060 2497 1155 2548 sunt:
1191 2489 1305 2551 Pontst'
1341 2547 1343 2553 .

103 2569 374 2643 Polemoniacus,
405 2569 606 2631 concedente
629 2591 706 2655 rege
735 2568 938 2645 Polemone,
969 2578 1003 2632 et
1031 2568 1131 2653 Alpes
1164 2572 1315 2655 Cottiae,33

106 2652 216 2713 Cottio
238 2672 315 2731 rege
336 2652 501 2712 defuncto.
1301 2714 1316 2733 ,Ι

149 2733 223 2795 XV.
257 2733 322 2793 Per
348 2734 428 2794 haec
458 2735 604 2795 Romano
628 2734 701 2796 orbi
724 2736 949 2811 exsecrabilis,
980 2736 1020 2797 ab
1044 2740 1198 2800 omnibus
1220 2735 1303 2799 simut

105 2813 295 2887 destitutus,
328 2826 360 2877 et
381 2839 398 2876 a
419 2816 539 2878 Senatu
569 2814 674 2878 hostis
700 2818 877 2892 iudicatus,
904 2842 1004 2902 quum
1036 2830 1251 2902 quaereretur
1271 2818 1303 2881 ad

104 2918 263 2979 poenam,
289 2900 386 2979 (quae
406 2921 512 2980 poena
533 2909 602 2961 erat
618 2899 710 2969 talis,
737 2911 773 2960 ut
796 2902 899 2963 nudus
920 2924 981 2984 per
1000 2904 1171 2983 publicum
1188 2906 1314 2977 ductus,¹

105 2981 199 3042 furca
231 2982 330 3063 capiti
357 2984 425 3043 eius
456 2984 593 3057 inserta,
624 2984 725 3068 virgis
752 3007 853 3070 usque
877 2984 918 3045 ad
939 2995 1078 3057 mortem
1100 2988 1302 3063 caederetur,

107 3074 206 3149 atque
225 3064 269 3125 ita
291 3066 566 3147 praecipitaretur
593 3065 634 3128 de
663 3088 738 3127 saxo
753 3070 778 3147 ,)
803 3068 963 3149 spalatin
985 3069 1091 3152 fugit,
1115 3079 1148 3132 et
1174 3072 1209 3132 in
1229 3070 1306 3133 sub·

105 3147 233 3215 urbano
256 3167 289 3207 se
308 3146 420 3210 liberti
445 3149 517 3223 sui,
541 3148 630 3230 quod
652 3151 738 3211 inter
758 3150 914 3213 Salariam
934 3160 966 3223 et
979 3151 1219 3215 Nomentanam
1231 3155 1308 3215 viam

106 3229 147 3289 ad
178 3238 330 3311 quartum
359 3232 461 3293 Urbis
492 3231 703 3306 milliarium,
740 3233 914 3295 interfecit.
967 3233 1161 3296 Aedificavit
1192 3238 1307 3299 Romus

105 3311 270 3381 thermas,
302 3332 384 3391 quae
406 3323 479 3374 ante
499 3314 704 3376 Neronianae
726 3314 850 3388 dictae,
873 3338 959 3377 nuuc
980 3317 1222 3382 Alexandrinae
1247 3340 1308 3401 ap-

105 3391 280 3473 pellantur.
327 3390 422 3454 Obiit
441 3392 609 3479 trigesimo
633 3404 665 3456 et
679 3395 782 3456 altero
804 3399 918 3458 aetatis
932 3421 1030 3474 anno,
1048 3401 1180 3482 imperii
1197 3392 1309 3487 quarto

107 3473 255 3546 decimo,
276 3479 373 3555 atque
395 3473 430 3535 iu
451 3497 489 3537 eo
513 3476 618 3540 omnis
638 3477 763 3538 familia
783 3476 922 3564 Augusti
943 3492 1111 3545 consumta
1133 3493 1195 3547 est.

149 3552 241 3618 XVI.
275 3554 513 3635 Huieserrius
538 3580 674 3621 canas
699 3565 868 3638 successit,
891 3565 1133 3649 antiquissimae
1153 3568 1314 3631 nobilita·
1340 3602 1343 3645 ς

105 3634 149 3699 tis
169 3635 327 3713 Senator,
359 3661 459 3723 qaum
480 3644 749 3725 septuagesimum
772 3654 805 3707 et
824 3648 959 3711 tertium
980 3670 1098 3715 annum
1119 3661 1234 3735 agerat
1252 3672 1314 3715 ae-

100 3721 194 3807 tatis.
238 3719 288 3789 Ab
310 3722 462 3805 Hispanis
484 3734 516 3786 et
543 3725 642 3789 Gallis
663 3728 850 3812 Imperator
881 3729 1020 3807 electus,
1052 3752 1130 3793 mox
1159 3734 1203 3795 ab
1233 3734 1312 3797 ani-

105 3806 201 3869 rerso
225 3806 369 3867 exercitu
390 3804 531 3871 libenter
552 3819 714 3891 acceptus.
754 3813 836 3876 Nam
858 3815 985 3896 privata
1007 3814 1074 3877 eins
1095 3816 1163 3877 rita
1180 3816 1314 3903 insignis

105 3887 215 3951 suerat
244 3888 440 3951 miliaribus
471 3901 503 3952 et
532 3891 683 3955 civilibus
703 3895 823 3971 rebus3
856 3919 950 3980 saepe
972 3896 1112 3981 Consul,
1134 3919 1234 3985 saepe
1248 3918 1311 4002 prs

107 3967 267 4042 Consule,
289 3971 479 4055 frequenter
499 3974 564 4037 dux
586 3976 627 4061 in.
641 3979 836 4060 gravissimis
860 3980 966 4045 bellis.
1009 3983 1114 4044 Huius
1133 3982 1315 4047 brevem·

103 4051 235 4133 perium
256 4054 339 4128 fuit,
362 4063 395 4115 et
416 4057 505 4138 quod
525 4060 612 4121 bona
632 4057 769 4122 haberet
790 4063 937 4138 exordia,
958 4062 1022 4127 nisi
1044 4064 1085 4127 ad
1106 4069 1317 4131 severitatem

102 4134 304 4215 propensior
331 4134 507 4203 videretur.
550 4140 680 4204 Insidiis
709 4152 815 4206 tamen
838 4146 981 4210 Othonis
1004 4149 1129 4210 occisus
1152 4161 1222 4226 est,
1244 4153 1316 4215 inx-

102 4218 191 4363 peril
213 4239 320 4282 mense
346 4221 506 4298 septim03
539 4222 701 4306 iugulatus
725 4227 759 4287 in
778 4229 853 4290 foro
876 4231 1014 4305 Romae,
1045 4231 1260 4318 sepultusque
1280 4234 1316 4297 in

130 4300 211 4363 ortis
235 4302 319 4375 suis,
343 4302 399 4385 qui
421 4315 495 4366 sunt
514 4302 648 4368 Aurelia
669 4309 721 4370 via
741 4330 808 4371 noo
827 4312 925 4396 longe
947 4315 986 4375 ab
1008 4316 1092 4377 urhe
1112 4316 1232 4379 Roma.

144 4382 254 4447 XVII.
293 4407 423 4460 orno,
452 4386 560 4448 occiso
585 4389 704 4464 Galba,
727 4392 844 4455 invasit
868 4398 1053 4477 imperium,
1075 4408 1227 4463 materno
1249 4420 1312 4486 ge-

101 4482 179 4530 batn
201 4465 364 4536 nobilior,
387 4491 482 4557 quam
513 4480 674 4550 paterno,
702 4483 819 4539 neutro
850 4487 954 4539 tannen
979 4481 1134 4546 obscuro.
1179 4484 1220 4545 ln
1240 4484 1315 4567 pri-

102 4557 171 4611 vata
194 4547 257 4613 vita
281 4551 408 4626 mollis,
433 4561 464 4613 et
484 4554 624 4621 Neronis
645 4555 835 4639 familiarist
863 4562 896 4626 in
919 4564 1055 4651 imperio
1078 4564 1311 4635 documentum
