2850 4958
139 275 256 365 ¹aaa
441 251 641 339 sanans
671 251 919 333 anamma
949 224 1142 331 aneson

173 420 260 485 cium
286 416 496 482 sumendum:
524 418 682 499 deductos
703 418 741 485 in,
756 416 977 499 spectaculum
1008 420 1074 498 [se]
1101 416 1272 499 utrimque
1299 416 1369 479 adsi·

45 562 64 621 Ι,
173 502 254 566 dere
278 505 387 576 iussit,
410 501 588 587 petitoque,
604 521 643 562 ex
666 500 825 563 industria
845 501 1062 647 gladiatoris,
1090 521 1238 585 quorum
1263 522 1371 582 pugnae

173 587 383 660 visebantur,
415 586 523 669 gladio
539 631 547 660 ,
583 583 674 667 quasi
709 583 749 644 ad
783 603 844 665 exp
861 583 1015 646 orandam
1048 584 1175 657 aciem,
1209 585 1267 645 uni
1293 593 1371 666 atque

131 670 268 748 datteri
294 669 511 734 committere.
555 669 655 746 Quoia
678 666 837 751 perculsis
866 667 1142 729 etconstantiam
1169 667 1368 727 mirantibus:

176 759 209 819 V
206 752 360 827 adoratae,
383 752 511 835 inquit,
528 764 709 833 potestates
712 750 806 829 sato
823 748 901 812 dart
925 751 1127 833 frustraque
1150 749 1370 828 tentor-isnei-

131 834 151 915 {a
172 858 231 897 nus
246 833 401 917 potiundi
416 858 473 916 spe
490 834 544 901 vel
563 832 736 895 amittenda·
748 824 870 894 metu?
903 796 952 893 lta
976 834 1108 905 biennio
1130 841 1221 915 post,
1247 855 1285 894 ac
1298 854 1371 893 mea-

137 922 141 931 '
172 940 222 981 ses
241 921 313 983 fere
335 939 477 993 noran,
497 915 731 1000 amphitheatri
755 918 904 998 perfecto
927 937 1051 998 opere,
1076 915 1277 999 lautusque,
1301 936 1397 989 rene,

173 1024 215 1063 no
239 1002 389 1074 interiit,
416 1010 500 1063 anno
523 1001 593 1063 aevi
618 996 886 1083 quadragesimo,
916 1023 1017 1084 quum
1039 999 1108 1061 eius
1128 1008 1231 1082 pater
1252 1008 1373 1083 septu«

133 1082 297 1171 ¹ssgesimn
330 1084 483 1158 obiisset,
512 1084 701 1167 Imperator
731 1082 893 1145 decennii.
944 1083 1050 1144 Huius
1080 1103 1158 1145 sane
1189 1103 1283 1143 mors
1306 1082 1374 1142 adeo

140 1170 143 1177 '
172 1167 353 1251 provinciis
376 1164 480 1230 luctui
503 1168 585 1242 fuit,
615 1167 684 1240 uti,
705 1167 833 1251 generis
854 1166 987 1229 humani
1010 1165 1144 1230 delicias
1166 1164 1375 1251 appellantes,

97 1264 100 1269 ·
174 1252 328 1319 orbatum
349 1252 465 1315 orbem
486 1249 655 1315 deflerent.
718 1307 724 1315 .

615 1375 947 1466 cannara

529 1507 560 1549 Τ.
588 1506 707 1549 ΗΠ.
741 1502 1033 1548 ”miltitud-

213 1602 323 1686 igitur
351 1601 580 1672 Domitianus.
619 1601 730 1663 fratris
758 1602 864 1684 atque·
886 1597 1101 1681 imperatoris
1130 1597 1256 1680 optimi
1288 1617 1373 1669 nece,

139 1710 146 1761 2
172 1687 303 1767 privato
326 1686 448 1749 scelere
469 1684 677 1767 publicoque·
693 1687 867 1758 ementior,
887 1683 985 1746 simul
1006 1681 1189 1761 maculosae
1204 1680 1377 1743 adolescen-

131 1787 150 1831 u
174 1771 256 1844 tiae,
278 1768 435 1850 praedas,
458 1768 609 1839 caedem,
632 1767 794 1851 supplicia
817 1788 913 1851 agere
934 1765 1098 1847 occoepit.
1142 1765 1257 1826 Maior
1276 1764 1377 1826 lihidi-

173 1874 250 1913 num
272 1853 398 1933 flagitio
410 1898 421 1927 ,
445 1872 481 1913 ac
502 1851 576 1932 plns
597 1871 695 1934 quam
715 1852 855 1933 superbe
878 1861 969 1912 utens
989 1848 1162 1910 Patribus:
1186 1849 1310 1931 quippe
1326 1845 1378 1930 qai

137 1986 141 1995 .
172 1955 207 1996 se
233 1934 406 1997 dominum
434 1937 605 2016 Deumque
636 1934 704 1994 dici
725 1934 892 2016 rotgerit3
925 1932 1015 2014 quod
1036 1930 1211 1993 confestim
1234 1933 1277 1995 als
1296 1932 1377 1993 inse-

175 2020 350 2099 quentibus
383 2024 572 2089 remotum,
601 2016 738 2077 ualidius
767 2017 870 2079 multo
893 2015 1033 2098 posthac
1053 2015 1212 2097 deinceps
1234 2014 1376 2078 retulere.

131 2099 240 2169 5Sed
261 2098 469 2163 Domitianus
496 2098 604 2180 primo
634 2098 838 2159 clementiam
864 2098 1039 2173 simulans,
1069 2118 1175 2182 neque
1196 2095 1286 2167 adeo,
1304 2100 1379 2159 iners

133 2185 155 2259 4
176 2182 287 2256 domi,
310 2180 464 2264 belldque
485 2181 683 2243 tolerantior
701 2180 884 2243 videbatur.
927 2183 1135 2265 Idcircoque,
1151 2181 1253 2244 Dacis
1268 2190 1299 2245 et
1314 2183 1377 2241 cn-

175 2274 287 2327 toram
309 2286 405 2325 manu
427 2263 585 2338 devictis,
607 2264 831 2346 Septembrem
857 2267 1102 2348 Octobramque
1123 2284 1272 2341 menses,
1300 2266 1377 2325 Ger-

127 2390 144 2405 ..
173 2347 293 2409 manici
313 2347 539 2430 superiorem,
564 2368 660 2409 esna
683 2348 816 2407 nomine
838 2349 975 2410 alterum
1001 2347 1248 2431 appellaverat:
1271 2348 1385 2409 multa-

176 2452 240 2515 que
263 2453 361 2511 opera
387 2431 538 2491 inchoata
559 2452 621 2513 per
641 2440 788 2513 patrem,
812 2432 864 2493 vel
884 2432 996 2493 fratris
1016 2430 1142 2502 studio,
1161 2440 1264 2511 atque
1283 2430 1383 2511 inpri-

133 2510 234 2577 5mis
271 2513 487 2597 Capitolium,
525 2512 677 2575 absolvit.
729 2514 859 2576 Dehinc
892 2525 987 2578 atrox
1022 2513 1174 2576 caedibus
1206 2516 1386 2587 bonorum,

175 2599 364 2682 segnisque,
387 2596 547 2670 ridicule,
571 2597 706 2659 reanotis
728 2597 847 2677 procul
869 2600 1040 2672 omnibus,
1064 2618 1252 2659 mascarum
1267 2598 1386 2680 agmina

176 2679 446 2764 persequebatur,
467 2689 642 2761 postquam
665 2679 705 2741 ad
726 2679 896 2744 libidinem
921 2684 1027 2743 minus
1048 2682 1167 2742 virium
1191 2691 1276 2756 crat,
1300 2682 1383 2743 cuius

134 2761 156 2837 6
177 2764 310 2825 foedum
325 2763 516 2825 exercitium
532 2763 734 2829 Graecorum
749 2764 858 2847 lingua
879 2765 1083 2837 κλινοπάλην
1104 2765 1257 2826 vocabat.
1288 2766 1387 2826 Hinc-

177 2868 242 2930 que
270 2847 421 2907 iocorum
451 2846 624 2929 pleraque:
658 2868 730 2909 nam
763 2848 970 2926 percontanti
992 2847 1143 2920 cuidam,
1166 2848 1386 2932 Quisquamne

176 2931 209 2991 in
232 2929 354 3011 palatio
379 2940 480 3002 esset,
504 2951 715 3008 responsum:
737 2937 786 2991 Ne
807 2953 916 2990 nnuma
936 2931 1082 3014 quidem,
1112 2936 1176 2991 nisi
1180 2932 1290 3009 sorte
1311 2926 1391 3011 apud

134 3016 384 3098 7pulnestrom.
431 3013 459 3073 ls
482 3033 559 3092 ergo
584 3014 684 3091 nangis
707 3016 869 3096 magisque
891 3015 1024 3075 saevitia
1045 3014 1182 3086 nimius,
1207 3036 1319 3098 eoque
1339 3038 1388 3077 su·

177 3097 322 3177 spectior
345 3097 441 3155 etiam
463 3097 540 3167 suis,
564 3095 758 3159 libertorum
780 3095 931 3170 consilio,
955 3118 1059 3158 uxore
1078 3119 1143 3158 non
1166 3099 1391 3182 ignara,quas

177 3198 324 3242 amorem
346 3178 514 3237 histrionis
539 3180 609 3240 viro
632 3180 853 3260 praetulerat,
876 3203 998 3262 poenas
1019 3180 1092 3252 luit,
1116 3181 1235 3260 quinto
1261 3191 1295 3243 et
1312 3206 1392 3266 qun-

135 3260 361 3344 {drngesimo
389 3282 473 3321 anno
497 3262 602 3333 vitae,
635 3265 867 3326 dominationis
889 3266 1023 3325 circiter
1044 3262 1311 3346 quintodecimo.
1355 3269 1392 3326 Aa

177 3347 315 3405 Senatus
333 3342 523 3416 glandintoris
546 3368 641 3407 more
660 3350 755 3407 fanus
784 3348 883 3418 ferri,
916 3345 1160 3427 radendumque
1180 3369 1308 3411 nomen
1331 3349 1391 3411 de·

29 3438 33 3443 '
136 3429 290 3513 gerovit.
336 3428 410 3503 Quo
434 3430 513 3489 moti
538 3427 668 3502 milites,
692 3431 810 3511 quibus
830 3431 976 3510 privatae
991 3430 1245 3492 cenamoditates
1260 3433 1390 3514 dispen-

178 3510 234 3572 dio
264 3511 398 3592 publico
429 3509 551 3592 largius
581 3513 788 3590 procedunt,
821 3521 970 3573 auctores
1002 3514 1090 3575 necis
1123 3512 1165 3575 ad
1192 3514 1391 3598 supplicium

139 3604 290 3675 repetere
320 3614 412 3654 more
439 3614 502 3652 sano
531 3594 715 3659 seditiosius
741 3604 935 3676 coeperunt,
979 3598 1043 3680 Qui
1069 3598 1121 3658 vix
1144 3619 1312 3682 aegreque
1337 3620 1388 3683 per
1419 3616 1421 3623 ·

178 3678 357 3756 prudentes·
381 3676 542 3751 cohibiti,
574 3677 705 3738 tandem
736 3678 771 3738 in
802 3680 939 3761 gratiam
968 3681 1162 3761 optimatum
1195 3702 1386 3745 convenere.

138 3763 292 3845 asiloque
322 3761 427 3821 minas
455 3781 571 3840 perse
593 3754 980 3836 moliebanturlellnm,
1011 3764 1102 3846 quod
1123 3761 1173 3822 lais
1197 3785 1384 3828 conversana

178 3846 354 3925 imperium
374 3844 561 3904 moestitiae
590 3855 679 3920 erat,
705 3846 750 3907 ol)
772 3847 982 3909 omissionem
1000 3847 1197 3928 praedarum
1224 3851 1382 3930 perdone

139 3926 341 3988 namunilica.
386 3928 548 3988 Hactenus
571 3928 718 4003 Romae,
738 3951 793 3990 sea
815 3952 877 4011 per
896 3930 1024 3990 ltaliam
1048 3932 1113 3990 orti
1137 3931 1313 4008 imperium
1332 3952 1382 3992 re-

177 4028 275 4070 xere:
297 4009 377 4070 lainc
396 4010 553 4083 advenae,
576 4014 686 4074 nescio
710 4035 854 4095 quoqne,
878 4036 929 4087 an,
954 4023 989 4074 ut
1012 4014 1044 4075 in
1059 4014 1174 4075 Prisco
1193 4015 1383 4101 Tarquinio,

138 4091 275 4174 adiunge
297 4091 459 4153 aneliores.
505 4092 555 4154 nt»
569 4096 652 4157 mihi
672 4096 804 4179 quidem
819 4095 965 4158 audienti
981 4097 1080 4157 inulta
1095 4096 1286 4181 {agentique
1299 4099 1388 4180 plane

179 4185 406 4256 compertum,
431 4177 544 4241 unbem
573 4180 712 4241 nomm
736 4191 948 4244 externorum
972 4181 1094 4245 virtute
1122 4191 1222 4266 atque
1254 4180 1386 4247 insitivis

178 4259 307 4323 nauus
323 4259 501 4344 praecipue
520 4264 675 4326 erasme.

612 4413 840 4479 CAPUT
881 4417 961 4481 xn.

188 4555 192 4563 ,
643 4518 793 4564 eoccnws
816 4522 873 4561 HR
922 4549 930 4562 .

166 4579 306 4663 „Quid
323 4583 412 4654 enim
432 4580 542 4657 iterra
563 4580 739 4661 &reiensi
763 4524 959 4669 paudedtius
976 4586 1142 4672 magisque
1162 4576 1385 4675 moderatum?
1419 4538 1421 4595 1
