2850 4958
163 275 233 387 Dtj}
258 273 630 390 vtmsstlumsrs.
656 277 990 361 GAP‚.,ro.rr..1s.
1012 281 1087 381 ¹3⁰,
1166 301 1240 381 209

478 443 513 503 ,C
532 441 561 504 Δ
582 440 608 504 Ρ
629 442 662 507 U
683 440 713 505 T
754 441 797 505 Χ.

247 576 354 622 ῐῦῐῐῦδ
382 576 523 633 BRUTUS,
540 575 668 647 'veluus
692 577 893 625 sonarem
917 580 1044 626 comta·

40 748 47 757 ·
82 708 203 772 laucius
224 709 337 772 Iunius
356 711 489 783 Brutus,
509 729 627 772 sorore
647 711 821 795 Tarquinii
835 710 976 793 Superbi
993 715 1130 795 genitus,
1147 736 1248 799 quum

39 786 176 855 eandem
205 795 373 856 fortunam
404 794 555 866 timeret,
586 793 620 854 in
650 816 747 877 quam
776 795 880 855 frater
909 794 1088 877 inciderat,
1121 799 1178 880 qui
1203 800 1275 861 obt

40 874 174 938 divitias
205 887 237 938 et
263 875 471 960 prudentiam
500 875 610 936 fuerat
638 881 678 941 ab
711 876 870 938 avunculo
904 879 1047 955 occisus,
1075 881 1247 943 stultitiam
1281 916 1284 921 ·

39 958 158 1032 fiuxit3
191 959 275 1021 unde
301 962 421 1021 Brutus
442 957 559 1019 dictus.
602 958 776 1024 iuvenibus
800 960 898 1043 regiis
925 961 1071 1046 Delphos
1100 963 1290 1028 euntibuse

41 1040 218 1104 deridiculi
239 1042 343 1124 gratia
366 1061 475 1104 comes
499 1039 659 1118 adscitus,
681 1043 797 1105 baculo
822 1043 994 1106 sambuceo
1020 1069 1135 1109 aurum
1158 1047 1249 1108 inlu·
1343 1071 1347 1077 ’

40 1144 114 1187 sum
134 1129 206 1187 Deo
230 1126 353 1187 donum
373 1125 461 1188 tulit.
503 1124 570 1186 Ubi
592 1124 783 1210 responsum
805 1133 873 1200 est,
907 1148 981 1188 eum
1009 1127 1131 1192 Itomae
1152 1129 1291 1192 sum-5

39 1228 128 1271 mam
157 1210 351 1291 potestatem
375 1207 587 1282 habiturum,
618 1209 682 1309 qui·
701 1209 828 1292 primus
857 1218 994 1271 matrem
1025 1213 1246 1275 oscularetur:

41 1286 115 1373 ipse
135 1298 256 1363 terram
286 1290 448 1357 osculatus
479 1299 555 1361 est.¹
578 1291 706 1355 Deinde
733 1300 874 1377 propter
900 1293 1071 1358 Lucretiae
1101 1299 1294 1379 stuprumd

10 1380 16 1391 '
41 1392 118 1437 cum
139 1373 339 1454 Tricipitino
363 1384 396 1449 et
416 1370 577 1455 Collatino
601 1372 634 1437 in
656 1376 790 1439 exitium
809 1398 923 1457 regum
946 1377 1141 1441 coniuravit.
1171 1380 1250 1457 Qui·
1271 1373 1291 1439 5

10 1452 105 1533 -gssbus
127 1456 161 1518 in
184 1457 330 1519 exsilium
356 1456 458 1529 actis,
480 1455 605 1537 primus
633 1459 753 1522 Consul
776 1469 923 1530 creatus,
947 1458 1032 1522 lilios
1054 1461 1254 1543 suos,'quod

10 1546 119 1601 *cum
139 1536 279 1622 Aquiliis
300 1548 333 1603 et
355 1538 500 1602 Vitelliis
524 1537 811 1625 adrecipiendum
835 1542 868 1603 in
895 1541 1021 1604 Urbem
1052 1543 1252 1628 Tarquinios

10 1582 316 1707 iconiuraverant,
345 1622 447 1708 virgis
468 1642 578 1692 caesos
598 1624 705 1687 securi
724 1623 896 1706 percussit.
939 1624 1066 1688 Deinde
1088 1627 1121 1689 in
1141 1648 1250 1707 proe—
1272 1621 1293 1687 G

10 1700 113 1780 flio,
137 1704 225 1786 quod
247 1704 398 1769 adversus
420 1725 476 1768 eos
495 1705 650 1792 gerebat,
671 1707 827 1791 singulari
847 1707 1024 1769 certamine
1045 1729 1117 1770 cum
1139 1696 1253 1772 arun&

10 1794 16 1831 ῑ
41 1792 96 1861 te,
120 1787 188 1850 tilio
211 1788 637 1872 Tarquinii‚,congressus,
658 1808 692 1853 sa
713 1790 809 1852 ambo
832 1790 953 1851 mutuis
974 1790 1161 1856 vulneribus
1184 1813 1251 1854 oc-

42 1870 205 1943 ¹ciderunt.
248 1872 347 1935 Cuius
367 1892 500 1953 ‚corpus
531 1868 565 1933 iu
595 1872 672 1935 toro
704 1873 870 1952 positum,
903 1895 923 1935 a
941 1872 1067 1960 collega
1087 1875 1255 1939 laudatum

20 1962 210 2033 ¹matronae
231 1976 315 2018 anno
337 1955 504 2045 luserunt.
829 1977 833 1983 ·

485 2123 711 2189 CAPUT
752 2127 812 2189 XI.

430 2249 652 2299 susurrus
686 2218 860 2291 coenum

38 2392 41 2397 -
81 2346 251 2420 Porsena,
272 2363 331 2408 rex
348 2343 584 2417 Etruscorum,
607 2364 708 2427 quum
728 2342 928 2425 Tarquinios
948 2344 981 2405 iu
1001 2345 1130 2409 Urbem
1149 2348 1257 2409 restia

32 2436 140 2491 tuere
161 2437 322 2503 tentaret,
355 2437 388 2491 et
415 2429 526 2510 primo
549 2427 673 2508 impetu
703 2425 883 2487 Ianiculum
915 2426 1073 2508 cepisset,
1095 2429 1254 2491 Horatius

35 2511 162 2575 Cocles
180 2510 253 2586 (illo
278 2511 495 2590 cognom-ine,
524 2510 613 2594 quod
627 2506 671 2570 'in
691 2507 756 2569 alio
779 2509 910 2590 proelio
933 2509 1064 2569 oculum
1088 2507 1256 2589 amiserat)

30 2590 108 2679 pro
131 2603 232 2676 ponte
252 2594 393 2655 sublicio
415 2592 523 2665 stetit,
547 2602 579 2654 et
604 2590 706 2651 aciem
729 2590 875 2653 hostium
897 2589 984 2651 solus
1006 2589 1170 2665 sustinuit,
1191 2592 1258 2652 do-

26 2696 106 2741 xsee
125 2696 209 2757 pons
230 2698 247 2735 a
269 2685 362 2759 tergo
386 2674 694 2757 interrumperetur,
718 2694 791 2734 cum
806 2695 872 2756 quo
895 2672 928 2732 in
950 2670 1098 2735 Tiberim
1120 2673 1254 2750 decidit,

32 2769 78 2823 et
102 2766 243 2820 armatus
263 2757 305 2819 ad
326 2778 403 2822 suos
431 2755 619 2819 transnavit.
665 2752 718 2827 Ob
740 2755 805 2817 hoc
829 2758 859 2817 ei
881 2762 1005 2815 tautum
1028 2779 1043 2815 a
1068 2755 1098 2817 ri
1122 2756 1294 2840 publices
1368 2813 1374 2825 .

27 2843 157 2904 datum
181 2849 246 2913 est,
270 2851 425 2922 quantum
448 2862 512 2901 uno
536 2838 589 2902 die
611 2838 822 2901 circumarari
843 2837 1015 2921 potuisset.
1042 2778 1154 2902 intua
1169 2861 1257 2924 quo·
1310 2878 1312 2883 ·

35 2944 112 3011 que
133 2921 164 2986 ei
185 2923 220 2986 in
238 2922 412 2988 Vulcanali
429 2924 549 3008 posita.
1137 2978 1140 2983 ,

479 3090 706 3156 CAPUT
747 3090 825 3153 XII.
891 3146 894 3152 .

403 3217 434 3258 C·
455 3215 627 3261 UUCIUS
664 3212 905 3256 scssvots·

91 3316 199 3393 Quum
219 3310 364 3375 Porsena
385 3333 443 3375 rex
468 3306 590 3376 Urbem
613 3304 791 3383 obsideret,
814 3304 943 3372 Mucius
965 3306 1102 3384 Cordus,
1124 3310 1260 3376 rirRo-

46 3420 160 3461 manae
182 3396 399 3469 constantiae,
420 3395 574 3459 Senatum
597 3391 690 3466 adiit,
714 3400 746 3454 et
759 3391 885 3454 reniam
902 3393 1136 3474 transfugiendi
1151 3399 1260 3479 petiit,

44 3498 159 3543 aecem
182 3481 267 3561 regis
287 3481 531 3562 repromittens.
574 3475 718 3558 Accepta
738 3482 913 3554 potestate,
929 3476 963 3537 in
978 3486 1081 3540 castra
1095 3477 1260 3542 Porsenae
1281 3496 1301 3538 a

45 3564 155 3639 venit,
177 3558 291 3645 ibique
309 3572 528 3645 purpuratum
548 3581 611 3643 pro
633 3578 710 3642 rege
731 3558 887 3639 deceptus
908 3558 1044 3621 oceidit.
1070 3555 1303 3644 Apprehen-3

45 3664 103 3710 sus
124 3656 157 3709 et
178 3647 219 3709 ad
240 3666 350 3721 regem
370 3653 567 3729 pertractus,
590 3641 737 3703 dextram
760 3640 826 3702 aris
846 3637 1021 3719 imposuit3
1043 3639 1109 3702 hoc
1130 3643 1261 3723 suppli-

45 3729 93 3795 cii
116 3730 157 3792 ab
179 3749 215 3790 ea
236 3725 385 3810 exigens,
408 3726 496 3813 quod
519 3726 553 3787 iu
575 3722 673 3786 caede
692 3729 849 3801 pecasset.
891 3722 989 3785 Unde
1011 3741 1110 3805 quum
1131 3721 1264 3784 miseri·-
1284 3723 1305 3797 4

45 3812 165 3877 cordia
186 3813 272 3888 regis
294 3809 556 3880 abstraheretur,
580 3804 672 3889 quasi
693 3803 888 3867 beneficium
911 3807 1072 3878 referens,
1090 3803 1163 3881 ait,
1185 3813 1261 3867 tre-

47 3888 164 3961 aciatos
197 3895 349 3957 adsersus
376 3912 450 3955 eum
478 3889 600 3953 similes
629 3885 828 3950 coniurasse.
871 3887 943 3964 Qua
973 3907 1010 3947 re
1030 3886 1087 3950 ille
1107 3881 1304 3961 territus,5

46 3972 194 4051 bellum,
218 3975 362 4054 acceptis
384 3972 570 4047 obsidibus,
593 3970 758 4052 deposuit.
802 3967 914 4030 Mucio
936 3975 1031 4051 prata
1052 3978 1140 4032 trans
1161 3971 1266 4033 Tibe-
1286 3966 1307 4029 6

48 4062 118 4125 rim
150 4061 247 4133 data,
281 4059 322 4120 ab
355 4079 394 4121 eo
425 4056 534 4135 Mucia
556 4054 730 4139 appellata.
771 4049 886 4113 Statua
913 4071 1047 4137 quoque
1073 4053 1103 4116 ei
1128 4052 1307 4136 honorisq-

46 4138 358 4231 g'ratia'ponstituta
379 4150 439 4206 est.
860 4153 865 4157 '
1002 4176 1006 4185 ·
1112 4158 1116 4187 ³
1250 4155 1253 4159 '

479 4284 706 4376 carlus
746 4285 842 4348 xm.

525 4411 656 4455 ctorem
677 4405 792 4455 VIRGO.

96 4514 245 4577 Porsena
279 4505 435 4575 Cloeliam
470 4505 631 4591 virginem
660 4501 806 4571 nobilem
843 4500 929 4566 inter
959 4495 1087 4567 obsides
1122 4504 1264 4587 accepit:

56 4618 160 4685 quse,
191 4595 337 4681 deceptis
365 4589 576 4667 meatibus,
589 4599 705 4657 noctu
728 4586 846 4655 castris
866 4586 939 4653 eius
959 4589 1114 4678 egressa,
1131 4606 1290 4669 equum,

788 4693 828 4767 ⁹7
