2850 4958
384 242 1023 369 uttaeOMss,⁶·ttP·.tirttaiu
1230 240 1305 351 ³⁸3,

77 414 299 497 simulacrum
310 421 440 497 ,ratque
460 412 495 474 in
516 413 608 475 curin
627 409 802 493 imaginem
815 432 948 473 auream
960 431 1113 493 proceres
1126 430 1304 483 sacrarare.

82 501 180 565 Huic
200 496 353 581 successit
372 500 477 559 frater
498 497 566 558 eius
588 494 781 577 Quintillus.
821 484 990 579 ls‘paucis
1022 494 1136 571 diebus
1159 494 1302 585 imperi·
1327 492 1353 559 b

82 606 148 653 um
168 593 279 647 tenens
301 582 492 645 interemtus
513 588 572 673 est...

505 759 577 822 ca
598 758 624 821 r
647 738 681 821 ὑ
701 757 730 820 r
772 720 909 825 xxxv.

600 896 836 961 sumntum...
874 928 885 965 ·.

126 1028 341 1101 Aurelianus,
372 1026 501 1110 genitus
528 1037 623 1109 patre
642 1028 834 1116 mediocri„
868 1035 919 1103 et,
949 1037 986 1099 ut
1014 1027 1147 1112 quidam
1168 1027 1301 1101 serunt,

89 1112 222 1177 Aurelii
245 1110 416 1173 clarissimi
437 1110 605 1174 Senatorio
627 1112 747 1174 colono
771 1115 858 1174 inter
872 1113 1006 1174 Daciam
1023 1120 1055 1173 et
1069 1111 1308 1182 Macedoniam,
1345 1185 1348 1190 .

91 1193 382 1280 imperavitaisnis
404 1194 560 1280 qdinque,
575 1198 747 1258 mensibus
763 1200 840 1258 s'ex.
878 1198 944 1257 lste
965 1196 1053 1259 baud
1067 1194 1233 1258 di's'similis
1245 1193 1310 1255 fuit
1331 1211 1354 1267 a

87 1302 209 1364 magno
231 1278 685 1359 ,Alexandr0,.seu.caesari
713 1280 890 1341 Dictatori.
932 1281 1015 1341 Nam
1039 1280 1220 1341 Romanum
1243 1298 1310 1339 or-
1377 1328 1381 1337 .

87 1363 167 1431 hem
190 1363 334 1424 triennio
360 1358 401 1435 ab
424 1363 630 1425 invasoribus
653 1365 855 1446 receptavit3
882 1385 985 1448 quum
1011 1361 1197 1431 Alexander
1218 1361 1310 1423 annis
1348 1357 1350 1361 ’

88 1447 253 1508 tredecim
275 1467 337 1528 per
359 1445 516 1506 victorias
542 1430 690 1530 in'geut'ds
714 1449 755 1510 ad
775 1447 903 1508 Indiam
924 1447 1131 1528 pervenerit,
1157 1453 1191 1506 et
1215 1443 1311 1505 Caius

92 1533 212 1591 Caesar
235 1529 393 1590 decennio
417 1528 585 1609 subegerit
609 1530 741 1604 Gallos,
778 1530 948 1605 adversum
977 1531 1063 1591 cives
1090 1526 1310 1612 quadriennio

90 1634 297 1695 congressus.
339 1612 406 1671 Iste
430 1611 464 1670 in
485 1612 580 1673 ltalia
600 1615 711 1682 tribus
731 1613 870 1697 proeliis
896 1614 1003 1674 victor
1026 1612 1102 1684 tuit,
1123 1609 1211 1693 apud
1230 1610 1312 1670 Pla-

90 1698 256 1769 centiam,
283 1697 372 1756 iuxta
394 1716 519 1755 amnem
543 1698 728 1758 Metaurum
753 1718 790 1757 ac
809 1698 922 1768 fanum
947 1696 1124 1768 Fortunae,
1140 1703 1310 1774 postremo

92 1779 325 1841 Ticinensibus
348 1779 483 1858 campis.
527 1780 632 1841 Huius
656 1791 806 1862 tempore
833 1777 920 1860 apud
944 1779 1110 1841 Dalmatas
1133 1778 1311 1858 Septimius
1331 1767 1353 1834 8

90 1864 282 1943 Imperator
308 1861 458 1932 effectus,
491 1883 566 1922 mox
590 1887 607 1924 a
631 1865 698 1925 suis
723 1864 951 1925 obtruncatur.
998 1864 1071 1923 Hoc
1096 1870 1247 1941 tempore
1277 1856 1355 1935 ind

92 1948 179 2009 urbe
202 1946 305 2006 Roma
322 1944 496 2005 monetarii
519 1947 741 2018 rebellarunt,
768 1967 851 2030 quoa
871 1945 1183 2008 Aurelianusvictos
1198 1941 1312 2003 ultima
1345 1940 1350 1945 ’

91 2031 288 2094 erudelitate
308 2029 541 2107 compescuit.
592 2032 657 2091 Iste
689 2031 817 2111 primur
845 2029 933 2109 apud
963 2031 1129 2090 Romanos
1161 2026 1310 2088 diadema
1333 2019 1352 2084 5
1378 2104 1380 2108 Ι

90 2115 194 2195 capiti
221 2113 382 2185 innexuit3
411 2112 611 2195 gemmisque
637 2122 669 2174 et
696 2123 808 2173 aurata
836 2114 926 2173 omni
950 2121 1059 2185 veste,
1090 2110 1181 2194 quod
1204 2109 1312 2169 adhuc
1347 2134 1352 2177 ·,

90 2200 165 2260 fere
190 2198 392 2277 incognitum
411 2196 570 2257 ¹flumenis
594 2198 743 2258 moribus
759 2197 940 2270 visebatur,
961 2218 1037 2258 usus
1053 2204 1110 2257 est.
1156 2193 1220 2255 Hic
1235 2214 1311 2253 mu-
1333 2187 1353 2250 6

92 2282 141 2344 ris
175 2279 391 2341 validioribus
426 2288 458 2339 et
487 2277 670 2341 laxioribus
705 2280 821 2340 urbem
850 2280 961 2359 sepsit.
1009 2279 1174 2341 Porcinae
1205 2276 1312 2339 carnit

92 2387 188 2430 usum
213 2364 339 2445 populo
364 2360 515 2424 instituit.
564 2365 625 2422 llio
649 2364 838 2432 Tetricum,
866 2363 922 2442 qui
948 2364 1135 2443 Imperator
1156 2356 1196 2419 ab
1218 2380 1354 2442 exer-7

91 2452 165 2511 citu
188 2449 221 2509 iu
246 2448 360 2509 Galliis
385 2446 517 2519 effectus
535 2447 927 2517 ¹luerat,'Correctctrem
951 2445 1114 2504 Lucaniae
1135 2442 1311 2522 provexit,

92 2533 291 2614 adspergere
316 2531 482 2607 huminem
508 2527 646 2612 eleganti
672 2528 769 2600 ioco,
794 2526 965 2587 Sublimitas
985 2524 1180 2607 habendum,
1201 2544 1314 2604 regere

92 2618 240 2699 alr'quum
263 2614 384 2674 Itals‘c'ze'
398 2620 553 2691 'portent,
579 2632 674 2694 quam
698 2600 789 2672 trans
811 2608 1086 2689 Alpes⁶regnare.
1129 2606 1312 2667 Novissime
1335 2605 1354 2669 8

92 2700 212 2777 frande
237 2698 323 2758 servi
347 2695 416 2768 sui,
441 2693 498 2779 qpi
520 2694 560 2755 ad
575 2692 743 2776 ,quosdam
763 2693 922 2755 militares
946 2695 1056 2763 siros,
1082 2692 1204 2767 amicos
1227 2690 1313 2771 ipsi-

94 2804 155 2859 us,
179 2772 311 2842 nomina
336 2776 475 2859 pertulit
499 2772 671 2851 adnotata,
696 2775 777 2839 i'also
798 2766 929 2838 mn'm'am
950 2778 1019 2839 eins
1040 2772 1206 2845 imitatus,
1225 2782 1314 2851 tam-5

97 2887 195 2948 quam
221 2863 414 2923 Aurelianus
440 2861 528 2939 ipsos
552 2866 686 2943 para'ret
713 2859 887 2933 occidere,
914 2862 954 2922 ab
979 2857 1313 2921 iisdem-interiectus

96 2957 147 3010 est
171 2948 204 3007 ln
230 2946 358 3023 itineris
384 2946 503 3014 medio,
527 2944 616 3029 quod
638 2945 724 3011 inter
740 2944 1059 3028 Constantinopolim
1074 2948 1106 3000 et
1121 2939 1314 3005 Heracleam

97 3032 156 3094 est.
201 3031 279 3091 Fuit
302 3008 413 3090 sacius
436 3038 468 3089 et
490 3028 735 3112 sanguinarius,
762 3035 795 3089 et
819 3024 896 3105 trp'x
922 3027 1010 3089 omni
1032 3034 1195 3105 ternpore,
1216 3023 1310 3082 etiam
1334 3045 1355 3109 9

93 3116 158 3187 filii
176 3115 303 3177 sororis
324 3112 532 3197 interlector.
558 3112 633 3175 Hoc
652 3120 802 3195 tempore
818 3120 943 3194 septem
956 3106 1121 3175 mensibus
1135 3104 1316 3192 interregni

96 3201 222 3284 species
247 3199 369 3264 evenit.
965 3198 968 3203 '

500 3332 527 3405 c
547 3304 728 3407 sr'ur
768 3340 935 3411 xxxvi..

436 3481 624 3535 rscrrus
651 3480 698 3521 ar
722 3446 982 3537 recasurus.

143 3609 277 3672 Tacitus
304 3620 381 3692 post
404 3612 495 3676 bunc
518 3613 662 3693 suscepit
687 3610 889 3692 imperium,
915 3610 968 3674 vir
996 3606 1127 3696 'egregie
1149 3611 1315 3680 moretur,

101 3696 160 3780 qui
187 3693 408 3755 ducentesimo
430 3697 561 3776 imperii
582 3696 635 3759 die
657 3698 744 3776 apud
763 3697 902 3775 Tarsum
921 3695 1006 3757 febri
1028 3693 1183 3755 moritur.
1225 3690 1313 3750 Huic
1338 3707 1357 3751 n

98 3779 256 3847 suecessit
278 3778 463 3839 Florianus.
507 3777 571 3839 Sed
598 3801 696 3861 quum
722 3803 837 3863 magna
861 3801 937 3863 pars
961 3777 1121 3849 exercitus
1145 3773 1317 3856 Equitium

98 3863 268 3934 Probum,
294 3859 432 3921 militiae
455 3862 616 3940 peritum,
638 3860 787 3945 legisset,
813 3863 987 3927 Florianus
1008 3860 1138 3922 dierum
1152 3856 1317 3937 sexaginta

100 3947 193 4032 quasi
216 3967 277 4025 per
299 3942 413 4005 ludum
434 3943 575 4025 imperio
593 3966 690 4023 usus,
716 3947 828 4013 incisis
846 3969 866 4009 a
884 3944 1060 4030 semetipso
1085 3940 1195 4018 sonis,
1215 3942 1315 4007 effuso

86 4031 257 4123 ¹sanguine
279 4036 469 4091 consumtus
490 4037 550 4107 est.

474 4180 719 4275 'curor
758 4208 932 4277 mvn.
1004 4172 1018 4177 ”

644 4348 775 4394 PROBUS·

142 4476 309 4555 Probus,
326 4478 454 4567 genitos
475 4488 572 4566 patre
596 4483 733 4568 agresti,
759 4479 937 4542 bortormn
957 4473 1126 4553 studioso,
1152 4440 1317 4537 italmatio

97 4560 257 4642 uomine',
292 4564 477 4649 imperavit·
500 4562 602 4631 annos
636 4586 702 4630 sex.
753 4566 819 4629 lsts
848 4560 1061 4627 Saturninum
1093 4561 1137 4623 in·
1156 4559 1316 4634 Oriente,
1343 4575 1362 4615 n
