2850 4958
482 263 581 348 leB.
606 272 669 346 lll.
693 260 799 346 CdP.
819 272 942 348 Xllll.
1216 282 1291 355 ub

503 440 528 500 C
552 440 576 498 Δ
598 438 624 498 Ρ
648 440 678 500 U
702 436 731 495 'l'
772 438 880 498 XXll.

431 570 597 616 ssuuuu
628 571 959 615 aaaroarsnuu.

93 722 97 737 ·
127 703 255 767 Bellum
278 700 506 764 Sertorianum
529 702 609 787 quid
633 704 734 778 aliud,
752 704 856 785 'quam
878 700 1030 768 Sullanae
1043 700 1298 791 proscriptionis
1323 733 1336 771 1

86 788 255 851 hereditas
276 783 362 848 fuit?
385 785 509 848 hostile
527 788 640 869 potius
660 810 701 851 an
725 785 822 849 civile
846 784 1006 864 dixerim,
1025 788 1153 853 nescio:
1176 792 1300 875 quippe

85 871 179 955 quod
207 871 353 934 Lusitani
387 870 608 954 Celtiberique
639 870 788 935 Romano
823 868 981 954 gesserint
1006 870 1102 937 duce.
1144 870 1244 937 Exsul
1267 882 1300 936 et
1320 895 1342 938 a

85 957 250 1039 profugus
272 952 383 1035 feralis
410 953 498 1016 illius
521 954 663 1031 tabulae,
686 957 739 1020 vir
761 975 903 1030 summae
927 953 1071 1039 quidem.
1093 956 1151 1023 sed
1165 958 1302 1023 calami-

86 1046 180 1100 totac
205 1038 371 1110 virtutis,
394 1037 487 1100 malis
514 1041 582 1102 suis
609 1038 712 1101 maria
737 1045 907 1121 terrasque
933 1038 1149 1121 permiscuit:
1183 1049 1217 1104 ct
1235 1042 1301 1102 iam

87 1122 244 1198 Africae,
272 1123 335 1184 iam
360 1120 545 1183 Balearibus
566 1121 680 1186 insulis
703 1124 869 1186 fortunam
898 1131 1073 1205 expertus,
1094 1125 1246 1210 nisusque
1266 1124 1302 1186 in

86 1205 259 1268 Oceanum
290 1207 551 1288 Fortunatasque
587 1206 707 1269 insulas
739 1212 931 1288 penetrare,
955 1207 1087 1269 tandem
1110 1209 1301 1293 Hispaniam

88 1292 239 1352 armavit.
283 1289 368 1350 Viro
390 1307 464 1349 cum
486 1289 567 1352 viris
585 1290 683 1371 facilc
710 1287 872 1353 convenit.
915 1290 984 1353 Nec
1008 1289 1087 1354 alias
1111 1294 1212 1377 magis
1239 1290 1342 1374 κιρ-5
1403 1297 1405 1302 ’

87 1372 204 1456 paruit
228 1371 365 1456 Hispani
393 1370 506 1434 militis
528 1374 641 1459 vigor,
672 1368 939 1456 quam'Romano
963 1374 1057 1436 duce.
1099 1376 1344 1458 Quamquamq

89 1455 149 1517 ille
172 1477 251 1535 non,
264 1464 435 1518 contentus
458 1456 632 1541 Hispania,
656 1457 698 1519 ad
718 1455 946 1521 Mithridatem
968 1479 1102 1541 quoqne
1121 1456 1302 1523 Ponticos-

89 1558 157 1623 que
177 1541 335 1621 perrexit.
371 1538 441 1601 Rex
461 1560 536 1603 cum
559 1537 661 1602 classe
681 1539 775 1602 iuvit.
811 1536 855 1599 Et
874 1540 958 1622 qaid
979 1543 1127 1602 futurum
1147 1542 1213 1603 fuit
1227 1540 1303 1602 satis
1322 1538 1343 1603 5

87 1630 184 1683 tanto
210 1622 318 1697 hosti,
345 1622 398 1685 cui
426 1643 491 1683 uuo
511 1623 712 1706 imperatore
737 1620 888 1683 resistere
908 1644 959 1684 res
978 1624 1123 1684 Romana
1141 1646 1209 1685 non
1231 1644 1304 1705 po-

87 1706 179 1767 auita
212 1705 342 1767 additus
367 1704 500 1766 Metello
527 1700 650 1767 Caesus
681 1698 869 1787 Pompeius.
914 1707 956 1767 Hi
988 1706 1099 1789 copies
1130 1708 1197 1768 viri¹
1233 1706 1303 1784 [diu

87 1798 125 1851 et
149 1789 284 1871 ancipiti
309 1788 547 1873 semperacie]
570 1789 747 1863 attrivere:
773 1807 833 1861 nec
853 1796 959 1850 tamen
972 1789 1064 1868 prius
1082 1788 1184 1862 bello,
1207 1811 1304 1871 quam

85 1893 231 1935 snorum
261 1871 384 1935 scelere
411 1879 445 1933 et
472 1870 621 1947 insidiis,
657 1870 834 1933 exstinctus
856 1874 917 1931 est.
962 1872 1080 1952 Copias
1106 1872 1174 1932 eius
1196 1870 1344 1954 prepeti

85 1963 165 2016 tota
189 1953 345 2037 Hispania
366 1955 548 2038 persecuti,
572 1955 630 2016 diu
651 1964 684 2016 et
695 1953 834 2033 ancipiti
848 1974 975 2034 semper
988 1954 1058 2014 acie
1078 1952 1304 2017 domaverunt·

89 2037 211 2101 Prima
240 2060 301 2121 per
323 2039 459 2123 Legatos
489 2039 667 2100 certamina
699 2036 841 2115 habita,
864 2038 962 2118 quu'm
987 2035 1066 2098 binc
1083 2035 1250 2098 Domitius
1273 2043 1346 2121 et7

88 2121 266 2195 Thorius,
289 2120 366 2183 inde
389 2119 546 2182 Hirtuleii
568 2114 805 2204 proluderent:
838 2140 914 2180 mox
933 2119 985 2180 his
1003 2118 1091 2201 apud
1112 2118 1305 2204 Segouiam,

86 2204 162 2269 illis
187 2203 273 2284 apud
304 2203 409 2266 Anam
428 2202 548 2266 flumen
573 2204 755 2288 oppressis,
779 2201 842 2284 ipsi
866 2202 964 2266 duces
990 2202 1137 2264 cominus
1166 2202 1307 2267 invicem

87 2288 246 2370 experti,
286 2287 374 2370 apud
404 2288 588 2349 Lauronem
623 2295 721 2371 atque
752 2284 934 2347 Sucronem
969 2305 1149 2368 aequavere
1186 2284 1305 2357 clades.

86 2367 276 2435 Tumillis
304 2369 346 2432 ad
378 2370 628 2454 populationem
661 2391 833 2456 agrorum,
867 2368 920 2435 bis
948 2367 991 2429 ad
1017 2368 1151 2431 urbium
1179 2364 1347 2449 excidisti

82 2454 283 2529 'conversis,
306 2454 426 2515 misera
447 2454 535 2517 inter
555 2453 720 2515 Romanos
741 2451 839 2514 duces
853 2450 1010 2534 Hispania
1025 2444 1209 2513 discordiae
1221 2468 1309 2532 poe-

79 2558 154 2621 ¹nas
184 2534 302 2598 dabat:
339 2534 444 2598 donec
475 2544 633 2637 oppresso
667 2534 845 2599 domestica
868 2532 984 2597 fraude
1014 2532 1193 2609 Sertorio,
1217 2530 1348 2619 victo9

88 2618 277 2702 deditoque
304 2618 498 2700 Perpenna,
522 2640 611 2701 ipsae
635 2640 767 2702 qnoque
793 2620 827 2680 in
855 2616 1034 2679 Romanam
1065 2616 1164 2679 fidem
1190 2636 1310 2681 venere

76 2702 217 2785 urbes,
245 2704 351 2775 Osca,
377 2700 530 2783 Termes,
556 2702 680 2775 Tattia,
699 2698 864 2776 Valentia,
886 2702 1024 2775 Uxama,
1046 2708 1079 2762 et
1097 2700 1132 2761 in
1148 2700 1235 2763 fame
1252 2699 1310 2761 rui-.-

69 2778 150 2846 'tal
174 2805 240 2843 non
269 2793 402 2865 experta
436 2783 631 2867 Calagurris.
673 2782 729 2846 Sic
760 2790 892 2864 recepta
925 2784 959 2845 in
992 2802 1106 2861 pacem
1137 2782 1307 2866 Hispania.

88 2866 257 2929 Victores
284 2864 382 2927 duces
407 2874 576 2928 externum
596 2865 631 2929 id
650 2866 772 2953 magis,
807 2885 904 2950 qnam
926 2862 1024 2931 civile
1052 2860 1175 2929 bellum
1202 2858 1349 2945 siderite

81 2949 293 3024 'volueruut,
319 2955 356 3012 ut
377 2947 633 3035 triumpharent.

509 3145 735 3211 CAPUT
777 3146 903 3209 mn.

463 3299 585 3361 neuneu
610 3302 718 3347 crana
743 3304 799 3347 sna
820 3299 946 3343 marso.

144 3438 259 3499 Marco
279 3430 419 3517 Lepido,
445 3432 571 3513 Quinto
592 3432 707 3496 Catulo
730 3432 936 3506 Consulibus,
958 3428 1054 3493 civile
1068 3426 1192 3495 bellam
1210 3446 1314 3513 paene
1338 3452 1349 3493 s

91 3522 204 3585 'citius
229 3536 421 3601 oppressum
444 3526 510 3592 est,
578 3539 631 3579 am
648 3516 828 3600 inciperet:
860 3514 917 3579 sed
941 3513 1238 3599 quantulacumque
1262 3514 1316 3574 fax

90 3600 196 3666 ¹illins
218 3600 387 3664 motusab
411 3598 483 3681 ipso
502 3540 611 3663 sillae
632 3621 715 3685 rogo
737 3598 876 3665 exarsitl
909 3595 1053 3680 Cupidus
1073 3619 1186 3673 rerum
1203 3616 1313 3656 nova-
1335 3613 1354 3659 a

101 3708 183 3833 pupi
213 3704 276 3828 ppr
304 3680 509 3827 ipsolqnttiam
537 3683 679 3828 Lepaidus
714 3685 778 3745 acti
804 3683 978 3827 pantievirt
999 3678 1316 3824 repcicqqlgqeapqrq-

95 3792 226 3917 'blicam
251 3786 477 3933 elldriimqulimi
492 3789 572 3914 ,inerte
591 3787 687 3911 bqffin
694 3785 1228 3931 SialllieDidilatoimpgrnoscripsisset
1251 3779 1358 3907 ibi-b

103 3937 234 3999 mices:
257 3932 315 4017 qui
336 3941 547 4014 supererant,
573 3938 746 3993 revocante
769 3930 915 4013 Lepido,
938 3928 1019 4013 quid
1043 3928 1133 3991 aliud
1156 3949 1253 4011 quam
1276 3926 1319 3991 ad

105 4018 234 4083 bellum
256 4012 482 4079 vocabantur?
523 4016 696 4099 Quumque
718 4013 941 4075 damnatorum
961 4012 1082 4074 civium
1105 4012 1204 4084 bona,
1221 4010 1319 4075 addi-

95 4112 206 4167 'cente
224 4100 332 4175 Sulla,
356 4098 502 4184 quamvis
524 4097 607 4161 male
630 4106 745 4177 capta,
769 4099 844 4158 'iure
871 4101 978 4155 tamen
999 4102 1243 4173 repeterentur:
1261 4116 1319 4155 ra-

98 4186 231 4265 ·petitio
254 4204 371 4247 eorum
393 4180 637 4265 proculdubio
661 4179 877 4243 labefactabat
898 4180 1111 4259 compositam
1139 4176 1316 4240 civitatem.

97 4268 318 4353 rssxpediebat
337 4286 415 4351 ergo
429 4267 528 4351 'quasi
549 4264 664 4351 aegrae
681 4264 872 4349 sauciaeque
891 4258 1102 4361 Reipublicae
1115 4260 1320 4405 requiescere
1341 4260 1362 4335 4
1397 4274 1400 4279 .

109 4351 446 4435 quomodocumque,
489 4370 530 4411 ne
564 4346 696 4411 vulnera
731 4348 901 4411 curatione
938 4364 1009 4427 apsa
1044 4342 1150 4407 rescia
1176 4350 1320 4429 arentur.

100 4438 206 4516 Ergo
232 4436 339 4519 quum·
352 4426 493 4495 turbidis
523 4424 760 4505 contionibus,
792 4427 881 4505 velut
905 4427 1038 4491 classico
1062 4427 1227 4489 cisitatem
1255 4423 1359 4491 ter-5

112 4514 446 4601 ruisset,·prbiectp's
467 4516 500 4577 in
522 4514 711 4591 Etruriam,
739 4535 827 4575 arma
855 4511 929 4583 inde¹
960 4518 993 4573 et
1022 4508 1204 4574 exercitum
1234 4508 1326 4571 Urbi

118 4600 322 4669 admovebat.
372 4599 435 4663 Sed
467 4599 529 4661 iaus
566 4598 725 4660 Mulvium
760 4604 898 4682 pontem
931 4594 1123 4681 collemque
1146 4591 1353 4656 indicabam
1366 4585 1393 4640 b
