2850 4958
176 326 226 405 92
559 298 602 373 n.
630 296 811 374 annam
841 296 989 371 raom

169 468 218 529 sin
244 465 365 527 ularem
397 461 541 523 animum
573 481 611 522 ac
640 462 793 543 spiritum
824 460 938 543 populi
974 448 1132 525 Romanii
1185 468 1267 521 tana·
1297 460 1385 523 arctis

171 549 360 629 afflictisque
381 544 491 617 rebus,
513 564 613 626 quum
636 544 676 606 de
698 544 790 605 ltalia
814 566 869 605 sua
892 544 1070 617 dubitaret,
1094 564 1190 603 ausus
1213 551 1330 605 tamen
1348 552 1385 605 est

127 632 205 695 dein
227 632 352 691 diversa
375 628 559 711 respicere:
586 649 685 710 quum
714 649 754 689 ue
773 626 881 688 hostis
904 629 936 687 in
960 625 1072 707 iugulo
1096 648 1158 705 per
1178 626 1384 707 Campaniam

169 712 387 795 Apuliamque
419 708 595 783 volitaret,
630 650 836 793 mediamque
866 711 906 771 de
937 710 1032 771 ltalia
1065 709 1213 769 Africam
1244 710 1382 785 lisceret,

170 798 285 859 eodem
309 805 458 877 tempore
479 800 511 853 et
532 794 618 855 hunc
641 794 841 865 sustinebat,
870 803 902 854 et
926 793 959 853 in
980 791 1149 865 Siciliam,
1177 790 1382 867 Sardiniam,

169 880 380 963 Hispaniam,
409 876 513 938 divisa
540 898 602 961 per
630 878 745 939 orbem
769 885 932 938 terrarum
957 898 1046 937 arma
1068 874 1231 935 mittebat.
1280 874 1382 939 Sicilia

167 964 317 1025 mandata
345 958 522 1034 Marcello,
553 981 615 1021 nec
646 959 701 1022 diu
736 960 869 1021 restitit.
911 960 995 1019 Tota
1024 958 1110 1019 enim
1138 956 1244 1019 insula
1271 958 1307 1019 in
1329 978 1380 1023 unt

126 1045 252 1108 55urbe
272 1052 423 1126 superata
446 1038 506 1103 cst'.
551 1042 682 1106 Grande
704 1042 786 1104 illud
807 1050 934 1103 etanta
956 1042 990 1103 id
1013 1050 1140 1123 ternpus
1161 1040 1327 1103 invictum
1342 1062 1381 1103 ct·

168 1139 229 1210 put
250 1128 445 1209 Syracusae,
469 1126 615 1208 quamvis
636 1125 844 1187 Archimedis
863 1124 994 1210 iugenio
1019 1124 1300 1199 defenderentur,
1323 1124 1379 1187 ali-

127 1210 300 1295 bdquando
324 1216 500 1271 cesserunt.
543 1210 655 1293 Longe
677 1209 725 1271 illi
748 1208 870 1291 triplex
890 1230 1023 1281 murus,
1048 1207 1253 1290 totidemque
1276 1228 1378 1277 arca.

167 1304 287 1375 portus
309 1291 364 1354 ille
386 1312 610 1365 marmoreus,
634 1302 667 1355 et
687 1294 762 1354 fons
782 1292 964 1352 celebratus
986 1290 1186 1352 Arethusae:
1211 1290 1279 1353 nisi
1302 1288 1379 1374 quod

169 1378 324 1439 hactenus
356 1376 536 1457 profuere,
572 1384 611 1436 ut
640 1374 881 1457 pulchritudini
917 1374 1023 1436 victae
1055 1374 1145 1437 urbis
1180 1382 1379 1455 parceretur.

126 1456 350 1522 358ardiniam
374 1458 541 1519 Gracchus
555 1458 708 1540 arripuit.
744 1455 839 1519 Nihil
860 1456 909 1517 illi
929 1458 1075 1541 gentium
1096 1456 1221 1529 feritas,
1244 1456 1378 1519 Insano-

126 1542 308 1625 56rmnque
330 1545 415 1617 (nana
437 1542 483 1601 sic
503 1544 679 1622 vocantur)
700 1541 882 1602 immanitas
902 1540 1063 1601 montium
1087 1540 1260 1622 profuere.
1304 1540 1377 1601 Set-

168 1629 270 1687 ritum
292 1625 326 1684 in
349 1624 445 1687 urbes
458 1670 467 1698 ,
489 1624 670 1708 urbemque
692 1624 822 1686 urbium
847 1624 1009 1697 Caralim,
1034 1630 1070 1683 ut
1090 1644 1166 1705 gens
1188 1631 1376 1697 contumax,

127 1708 307 1796 37vilisque
328 1709 464 1779 mortis,
487 1707 600 1769 saltem
623 1694 784 1770 desiderio
805 1708 906 1788 patrii
928 1707 990 1769 soli
1013 1704 1215 1767 domaretur.
1261 1706 1303 1766 ln
1323 1704 1378 1767 Hi-

168 1795 313 1874 spaniam
334 1790 422 1851 missi
445 1790 568 1851 Cnaeus
591 1800 623 1851 et
643 1790 780 1853 Publius
801 1790 992 1871 Scipiones,
1015 1810 1118 1871 paene
1139 1797 1244 1850 totam
1266 1788 1377 1851 Poenis

170 1870 380 1955 eripuerant,
403 1871 474 1957 [sed
497 1873 624 1934 insidiis
646 1874 790 1935 Punicae
807 1872 931 1934 fraudis
953 1872 1101 1952 oppressi
1125 1892 1237 1950 rursus
1261 1874 1375 1933 amise-

168 1966 261 2027 rant,
283 1956 406 2036 magnis
437 1955 643 2038 quidem⁴iili
671 1956 810 2039 proeliis
837 1976 938 2037 quum
964 1956 1104 2017 Punicas
1134 1976 1214 2037 opes
1238 1956 1376 2017 cecidis-

168 2045 252 2119 sent]
274 2038 333 2099 sed·
350 2037 494 2101 Punicae
520 2037 656 2099 insidiae
687 2039 825 2099 alterum
852 2040 943 2099 ferro
966 2047 1070 2101 castra
1093 2046 1283 2108 metantem,
1305 2038 1377 2101 alte·-

169 2144 264 2195 rum,
294 2142 394 2202 quum
424 2120 574 2181 evasisset
597 2120 631 2180 in
654 2122 796 2193 turrim,
827 2122 968 2185 cinctum
992 2122 1117 2182 facibus
1135 2132 1373 2203 oppresserunt.

127 2204 278 2284 diligitur
297 2205 331 2264 in
352 2201 510 2263 ultionem
532 2202 639 2285 patris
660 2226 696 2264 ac
718 2206 828 2285 patrui
850 2206 965 2266 missus
988 2226 1061 2265 cum
1084 2206 1230 2271 exercitu
1256 2206 1373 2287 Scipio,

170 2288 223 2350 cui
252 2296 318 2347 tam
348 2286 469 2367 grande
495 2285 535 2346 de
557 2286 667 2347 Africa
694 2309 811 2348 nomen
837 2289 903 2349 fata
925 2287 1154 2360 decreverant,
1177 2286 1375 2349 bellatricem

169 2370 278 2441 illam,
301 2368 379 2431 viris
401 2368 564 2449 armisque
585 2370 731 2430 nobilem
754 2370 954 2452 Hispaniam,
977 2370 1068 2432 illam
1090 2370 1304 2433 seminarium
1318 2370 1374 2433 ho-

169 2452 253 2515 stilis
275 2452 455 2514 exercitus.
490 2451 579 2513 illam
602 2452 792 2513 Hannibalis
824 2454 1057 2529 eruditricem,
1086 2453 1302 2533 (incredibile
1324 2454 1373 2515 di-

169 2544 223 2596 ctu
233 2537 258 2613 l)
279 2543 381 2594 totam
403 2556 421 2593 a
441 2534 618 2615 Pyrenaeis
639 2536 805 2597 montibus
827 2537 861 2597 in
876 2536 1028 2599 Herculis
1043 2536 1210 2598 columnas
1227 2546 1261 2597 ct
1277 2538 1375 2599 Ocra-

127 2617 247 2705 59num
274 2618 500 2699 recuperavit:
535 2619 657 2679 nescias
679 2620 797 2692 citius,
825 2642 865 2679 an
886 2617 1016 2681 felicius
1073 2622 1177 2697 Quam
1201 2621 1372 2691 velociter,
1412 2646 1415 2681 :

169 2708 312 2783 quatuor
343 2699 418 2758 anni
450 2701 610 2760 fatentur:
645 2722 740 2783 quam
773 2701 888 2776 facilc,
920 2703 972 2764 vel
1003 2726 1066 2764 una
1098 2702 1210 2764 civitas
1237 2704 1371 2785 prohat}
1410 2705 1415 2767 l

155 2781 288 2843 'eodem
308 2781 450 2863 quippe,
474 2804 540 2865 quo
570 2783 697 2845 obsessa
729 2793 776 2844 est
805 2784 880 2858 die,
903 2796 996 2867 capta
1020 2794 1086 2847 est:
1112 2808 1275 2868 omenque
1291 2784 1374 2847 Afri·-

169 2885 268 2925 canae
290 2864 449 2926 victoriae
470 2867 554 2939 fuit,
575 2865 665 2946 quod
685 2874 754 2939 tum⁴
773 2868 869 2929 facile
884 2868 968 2929 victa
986 2879 1033 2931 est
1048 2870 1191 2950 Hispana
1208 2870 1373 2949 Carthago.
1409 2902 1415 2934 s

125 2946 302 3028 doCertum
332 2956 524 3023 esttamen,
554 2949 593 3011 ad
615 2950 855 3033 profligandam
874 2952 1078 3031 provinciam
1100 2952 1239 3013 maxime
1259 2955 1373 3035 profe·
1413 2996 1415 3005 ·

166 3031 249 3092 cisse
270 3028 464 3111 singularem
488 3032 579 3093 ducis
603 3034 826 3095 sanctitatem:
853 3036 976 3123 quippe
998 3036 1055 3118 qui
1077 3037 1224 3116 captivos
1244 3054 1372 3117 pueros,

166 3113 356 3194 puellasque
377 3115 573 3196 praecipuae
594 3115 875 3197 pulchritudinis,
896 3116 1047 3180 barbaris
1068 3116 1264 3192 restituerit,
1286 3142 1327 3181 ne
1345 3118 1374 3181 in

165 3204 376 3278 conspectum
402 3198 534 3280 quidem
556 3219 649 3258 suum
669 3219 781 3278 passus
805 3197 943 3272 adduci,
972 3200 1116 3283 nequid
1138 3200 1374 3285 devirginita·

124 3277 210 3354 41tis
231 3280 419 3361 integritate
443 3280 603 3341 delibasse
622 3280 736 3340 saltem
757 3279 809 3341 vel
830 3280 934 3345 oculis
957 3282 1137 3345 rideretur.
1183 3284 1274 3345 Haec
1297 3286 1375 3348 inter

166 3359 293 3422 diversa
316 3369 479 3419 terrarum
501 3362 643 3443 populus
664 3364 847 3422 Romanus:
877 3384 937 3425 nec
958 3365 1033 3426 ideo
1056 3374 1164 3429 tamen
1183 3365 1301 3431 Italiae
1321 3368 1374 3431 vi·

165 3440 311 3501 sceribus
334 3440 554 3502 inhaerentem
575 3442 772 3505 submovere
793 3452 926 3526 poterat
946 3448 1173 3513 Hannibalem.
1216 3448 1315 3513 Plera
1358 3470 1375 3515 ο

165 3521 207 3581 ad
228 3522 357 3583 hostem
378 3520 582 3584 defecerant:
607 3534 640 3584 et
660 3525 925 3597 dui,acerrimus
947 3540 1062 3593 contra
1078 3532 1240 3595 Romanos
1253 3534 1375 3599 Italicis

124 3611 299 3689 aequoque
320 3605 446 3667 viribus
473 3606 636 3669 utebatur.
679 3609 750 3669 Iam
771 3620 877 3671 tamen
903 3634 976 3675 cum
1000 3614 1166 3699 plerisque
1188 3616 1323 3699 oppidis
1346 3625 1377 3681 et

164 3689 356 3773 regionibus
384 3710 635 3751 excusseramus.
686 3693 754 3752 Iam
786 3694 946 3763 Tarentus
976 3698 1018 3760 ad
1040 3720 1099 3759 nos
1121 3698 1285 3767 redierat:
1314 3703 1376 3765 iarn

169 3781 202 3831 et
224 3772 352 3852 Capua,
380 3771 471 3833 sedes
497 3774 545 3850 [et
568 3773 701 3863 domus]
728 3784 760 3835 et
780 3778 886 3858 patria
909 3778 1011 3842 altera
1032 3780 1246 3856 Hannibalis,
1280 3793 1375 3845 tene-

163 3854 282 3915 batur:
306 3854 398 3915 cuius
420 3855 550 3915 amissio
572 3866 699 3920 tantum
718 3859 832 3920 Poeno
856 3860 931 3922 duci
955 3862 1103 3925 dolorem
1125 3863 1227 3940 dedit,
1250 3864 1376 3929 atinde

123 3933 245 4010 45totis
276 3937 401 3999 viribus
434 3936 571 4000 Romam
592 3951 849 4004 converteretur.
894 3945 924 4005 0
947 3946 1108 4029 populum
1129 3947 1264 4031 dignum
1287 3948 1376 4013 orbis

165 4017 328 4099 imperio!
359 4021 491 4105 dignum
524 4026 667 4086 omnium
690 4028 822 4100 favore,
855 4035 888 4087 et
909 4028 1124 4091 admiratione
1145 4030 1377 4095 hominumue

164 4100 332 4162 Deorum!
364 4102 556 4187 Compulsus
577 4106 618 4167 ad
639 4106 772 4170 ultimos
793 4116 919 4184 metus,
942 4113 981 4173 ah
998 4113 1130 4193 incepto
1145 4134 1212 4175 non
1228 4114 1373 4178 destitit:

123 4246 127 4251 ,
164 4191 197 4243 et
217 4182 257 4244 de
277 4204 335 4245 sua
355 4186 449 4248 Urbe
468 4187 650 4263 sollicitus,
675 4191 815 4273 Capuam
837 4200 946 4263 tamen
967 4217 1032 4256 non
1056 4195 1187 4271 omisit·,
1210 4196 1267 4259 sed
1283 4208 1378 4281 parte

97 4268 121 4285 ''
164 4266 324 4329 exercitus
355 4270 414 4330 sub
442 4269 552 4352 Appio
580 4272 720 4341 Consule
746 4274 882 4349 relicta,
910 4287 1005 4359 parte
1028 4278 1181 4343 Flaccum
1203 4281 1238 4345 in
1259 4282 1376 4345 urbem

122 4347 294 4424 Maeonia,
323 4349 436 4412 absens
466 4352 568 4416 simul
589 4376 805 4443 praesensque
828 4360 1005 4441 pugnabat.
1049 4360 1136 4435 Quid
1165 4384 1244 4445 erqo
1266 4366 1376 4429 mira-

164 4452 257 4505 mur,
289 4435 431 4515 moventi
462 4445 565 4497 castra
598 4462 615 4497 a
646 4441 745 4501 tertio
776 4438 885 4521 lapide
914 4442 1109 4517 Hannibali,
1140 4444 1262 4509 iterum
1287 4450 1376 4533 ipsos

91 4590 97 4599 .
121 4510 251 4589 45Deos
263 4532 279 4582 ·,·
294 4518 381 4577 Deos
396 4518 547 4599 inquam,
566 4522 639 4593 (nec
654 4522 756 4582 'fateri
778 4521 930 4602 pudebit)
950 4528 1130 4605 restitisset
1159 4529 1264 4591 Tanta
1287 4533 1376 4601 enim

105 4602 108 4607 ’
162 4594 203 4655 ad
224 4596 368 4682 singulos
391 4598 480 4662 illins
502 4610 611 4663 motus
631 4605 679 4666 vis
700 4605 977 4673 imbrium-'effusa'
999 4619 1065 4684 cst,
1087 4616 1177 4673 hints
1199 4622 1377 4681 ventorum
