2834 4950
245 255 977 365 Ducauseainus.-ca1>.s·10;
1171 304 1240 380 24¹
1336 342 1376 407 ,¹

479 447 705 511 CAPUT
745 448 805 511 13.

333 600 338 608 ·
418 581 540 625 asar.
576 582 888 627 rsarssrssua.

74 705 154 778 Hoc
183 714 259 778 item
285 720 323 776 nt
347 730 465 799 genere
488 706 728 798 Vespasianus,
761 724 889 779 sanctus
915 710 1044 790 omnia,
1080 705 1252 779 facundiae
1293 754 1295 758 ,

17 785 126 860 haud
150 815 244 883 egens
263 797 472 880 promendis,
496 812 579 883 quac
599 807 752 873 senserat,
776 812 967 884 exsanguem
989 798 1047 861 diu
1066 800 1251 883 fessumque

24 880 202 943 terrarum
235 882 351 945 orbem
381 880 474 942 brevi
505 872 633 945 refecit.
675 880 824 965 Namque
853 876 998 967 primum
1021 880 1175 945 satellites
1195 890 1294 963 t'y-ts

27 963 208 1043 raunidts,
239 966 301 1026 nisi
331 964 387 1047 qui
417 960 505 1026 forte
534 955 679 1028 atrocius
709 965 808 1049 longe
837 974 1084 1050 processerant,
1119 960 1252 1027 flectere

26 1049 148 1131 potius
179 1046 316 1121 maluit,
350 1060 444 1129 quam
479 1048 682 1111 excruciatos
707 1047 835 1122 delere3
865 1043 1119 1133 prudentissime
1141 1056 1251 1121 ratus,

27 1132 162 1191 nefaria
183 1119 363 1193 ministeria
382 1152 399 1189 a
418 1128 569 1212 pluribus
595 1135 683 1194 metu
714 1128 836 1194 curari.
878 1128 963 1195 Dein
985 1120 1251 1196 coniurationum
1272 1126 1296 1191 3

28 1213 155 1275 multas
176 1205 297 1276 scelera
319 1205 423 1274 inulto
456 1212 631 1277 abscedere
656 1216 861 1298 patiebatur}
894 1211 1055 1291 comiter,
1089 1212 1137 1278 uti
1160 1219 1251 1287 erat,

28 1298 194 1358 stultitiae
224 1317 381 1381 arguens,
413 1296 470 1378 qui
503 1299 714 1379 ignorarent,
746 1301 866 1382 quauta
898 1298 1001 1361 moles
1035 1291 1251 1381 molestiaque

32 1378 179 1462 imperio
202 1378 333 1443 inesset.
375 1377 481 1440 Simul
500 1380 619 1443 divinis
640 1382 787 1456 deditus,
807 1385 967 1464 (quorum
987 1404 1063 1444 vera
1084 1381 1252 1465 plerisque
1272 1379 1296 1457 4

32 1463 177 1546 negotiis
198 1467 416 1547 compererat)
438 1484 640 1527 successores
662 1464 783 1527 fidebat
805 1465 958 1546 liberos,
982 1463 1094 1526 Titum
1119 1466 1254 1525 00110-

35 1548 226 1619 mitianum,
248 1549 332 1608 fore.
374 1546 551 1609 Praeterea
569 1542 696 1631 legibus
718 1540 920 1631 aequissimis
942 1546 1117 1623 monendo,
1142 1547 1252 1631 quod·
1273 1541 1293 1605 5

39 1642 104 1710 que
122 1628 343 1692 vehementius
374 1637 422 1691 est
434 1673 443 1702 ,
469 1631 570 1692 nitae‘
591 1632 720 1712 specie,
744 1633 903 1694 vitiorum
923 1630 1019 1715 plura
1042 1622 1250 1692 aboleveratt

37 1711 183 1774 infirmus
204 1721 311 1775 tamea
323 1759 332 1788 ,
355 1713 403 1775 uti
427 1711 560 1796 quidam
580 1711 681 1796 prave
700 1722 839 1798 putant,
863 1711 1034 1776 adversum
1054 1713 1249 1797 pecuniamt
1272 1709 1294 1771 6

39 1815 137 1879 quum
169 1800 245 1858 satis
267 1802 415 1870 constet,
448 1797 567 1858 aerarii
591 1795 703 1878 inopia
727 1818 765 1859 ac
784 1795 859 1859 labe
880 1797 1013 1859 arbium
1033 1817 1134 1859 novas
1157 1810 1252 1869 eum,

37 1892 143 1961 neque
164 1874 364 1959 aliquamdiu
385 1888 499 1953 postea
519 1876 668 1953 habitus,
698 1880 906 1964 vectigalium
933 1880 1107 1962 pensiones
1128 1880 1253 1963 exqui-

35 1962 161 2025 sivisse.
205 1965 352 2047 Namque
383 1964 506 2023 Romae
538 1958 759 2047 Capitolium,
793 1961 883 2047 quod
914 1963 1129 2046 conflagrasse
1155 1977 1297 2046 supra7

31 2047 310 2115 memoravimus,
342 2047 436 2108 aedes
466 2044 583 2120 Pacis,
617 2046 743 2108 Claudii
765 2047 996 2121 monumenta,
1019 2042 1255 2128 amphitheatri

29 2131 125 2189 tenta
146 2131 215 2203 ris,
239 2128 424 2214 multaeque
448 2126 551 2203 aliae,
575 2151 612 2192 ac
633 2131 756 2204 forum,
778 2131 895 2214 coepta
910 2149 947 2191 ac
962 2134 1103 2212 patrata.
1134 2123 1253 2191 Adhuc
1273 2125 1295 2188 8
1341 2130 1344 2135 '

23 2226 97 2292 per
120 2224 231 2273 omnes
254 2224 377 2287 terras,
405 2234 468 2296 qua
493 2204 543 2272 ius
567 2212 748 2275 Romanurn
771 2221 837 2287 est,
861 2222 1036 2276 renovatae
1049 2210 1147 2274 urbes
1162 2211 1255 2274 cultu
1293 2236 1296 2242 ·

23 2297 193 2376 egregio,
226 2297 362 2379 viaeque
390 2286 547 2377 operibus
576 2292 724 2357 maximis
749 2297 914 2370 munitae,
939 2303 972 2358 et
996 2291 1099 2357 carati
1125 2302 1253 2357 montes

16 2390 97 2454 per
126 2373 338 2451 Flaminiam,
369 2396 477 2462 prono
502 2386 715 2461 transgressu.
759 2378 851 2456 Quae
880 2387 935 2439 tot
957 2384 1129 2461 tantaque,
1159 2378 1296 2463 brevi9

15 2454 357 2535 confectatnucits
380 2461 576 2533 cultoribus,
598 2456 807 2543 prudentiam
829 2460 942 2542 magis,
965 2479 1061 2543 quam
1083 2458 1256 2523 avaritiam

12 2546 239 2617 probavere:
270 2540 385 2615 simul,
408 2559 504 2605 censu
529 2563 622 2604 more
641 2547 788 2604 veterum
810 2543 973 2614 exercito,
1000 2542 1121 2603 Senatu
1144 2551 1253 2604 motus
1297 2591 1299 2595 .

10 2629 235 2699 Probrosior
256 2627 413 2709 quisque,
435 2647 472 2687 ac
495 2625 587 2686 lectis
609 2626 754 2708 undique
780 2624 913 2707 optimis
936 2620 1033 2698 vir'is,
1056 2618 1146 2686 mille
1171 2642 1255 2704 gen-

10 2708 84 2771 tes
108 2711 330 2791 compositae,
361 2722 461 2791 quum
483 2704 637 2769 ducentas
660 2710 840 2793 aegerrime
861 2708 1057 2790 reperisset,
1085 2706 1253 2771 exstinctis
1278 2712 1298 2781 ,’

10 2794 169 2853 *saevitia
194 2794 410 2873 tyrannorum
435 2789 612 2874 plerisque.
655 2790 703 2854 Ac
727 2791 815 2853 bello
839 2802 896 2852 re'x
916 2790 1117 2852 Parthorum
1141 2791 1294 2853 Volo-to

10 2882 130 2953 gesna
151 2875 183 2935 in
204 2896 318 2956 pacem
343 2879 496 2946 coactus,
522 2880 621 2957 atque
641 2873 674 2936 in
694 2874 899 2957 provinciam
918 2872 1032 2956 Syria,
1058 2874 1110 2935 cui
1135 2873 1255 2937 Palae-

10 2960 141 3018 utinae
165 2979 307 3029 nomen,
331 2956 528 3038 ludaeique,
552 2956 717 3020 adnitente
739 2956 807 3018 11110
830 2950 930 3032 Τ110,
958 2977 1054 3040 quem
1079 2962 1253 3040 transgre-

10 3035 127 3105 diens
155 3042 188 3101 in
210 3036 338 3102 Italiam
366 3038 557 3123 reliquerat,
572 3049 723 3103 externae
747 3035 903 3115 militiae,
926 3052 1070 3123 moxque
1092 3033 1254 3102 rictorem

10 3127 240 3207 praefectura
271 3123 442 3205 praetorio
472 3122 643 3185 extulerat.
686 3117 784 3187 Unde
815 3113 914 3185 etiam
938 3121 1114 3196 henosis,
1141 3118 1293 3207 ingenuas

15 3224 51 3267 *a
74 3206 260 3290 principio,
297 3207 477 3280 tumidior,
512 3214 609 3290 atque
640 3200 724 3269 alter
754 3204 795 3268 ab
824 3205 972 3291 Augusto
1001 3199 1143 3288 imperio
1172 3208 1248 3269 fuit.

15 3280 160 3353 Verum
197 3291 258 3351 hac
280 3298 488 3372 ¹tempestate
520 3290 599 3352 dum
633 3289 800 3352 honorum
835 3289 988 3353 honestas
1022 3289 1294 3370 despectatur,12

14 3374 195 3454 mixtique
217 3373 315 3434 honis
336 3371 484 3447 indocti,
505 3395 543 3435 ac
563 3367 781 3456 prudentibus
801 3373 922 3437 inertes
946 3380 1038 3448 sunt,
1059 3367 1253 3436 10000000-

18 3478 109 3522 meu
131 3456 281 3537 plerique
300 3455 450 3539 potentia
478 3476 617 3518 vacuum
643 3448 784 3519 insoleus
803 3472 866 3539 per
886 3448 1043 3532 iniurius,
1065 3453 1249 3522 subiectum

27 3538 177 3628 pessimo
199 3539 339 3623 cuique,
362 3542 395 3604 et
418 3553 568 3604 annonae
587 3534 697 3623 specie
716 3550 830 3626 rapax.

486 3751 563 3815 CA
582 3753 609 3815 P
630 3751 664 3814 U
684 3750 714 3815 Τ
754 3752 799 3816 Χ.
913 3846 916 3855 Ι

449 3888 482 3931 r.
502 3880 596 3933 enar.
619 3881 841 3932 vestratem·

78 4020 232 4086 Ceterum
260 4010 372 4095 Titus,
396 4028 569 4104 postquam
594 4022 771 4105 imperium
799 4014 935 4101 adeptus
961 4025 1029 4092 001,
1058 4015 1252 4083 incredibile

31 4109 118 4186 [001]
143 4111 319 4189 quantum,
354 4126 451 4188 quem
475 4106 683 4179 imitabatur,
714 4100 884 4177 anteierit3
912 4102 1107 4186 praesertim
1131 4104 1251 4166 litteris

31 4188 272 4271 clementiaque
294 4209 331 4249 ac
352 4191 553 4253 muneribus.
596 4190 749 4271 Denique
772 4206 874 4269 quum
895 4204 1047 4249 concessa
1067 4208 1129 4268 per
1147 4185 1250 4266 prio·
1271 4203 1291 4246 u

34 4294 92 4335 res
112 4273 277 4354 principes
307 4271 430 4334 firmari
461 4273 501 4335 ab
529 4271 775 4356 insequentibus
801 4288 871 4329 mos
892 4277 996 4344 esset3
1022 4269 1121 4331 simul
1146 4272 1255 4350 impe·

33 4356 125 4418 rium
147 4357 255 4436 cepit,
277 4355 354 4418 talia
378 4355 620 4438 possidentibus
640 4353 748 4418 edicto
771 4360 889 4435 sponte
905 4351 991 4412 cavit
1003 4350 1251 4435 prospexitque.

33 4438 152 4521 Neque
178 4440 283 4502 minus
306 4450 415 4502 sancte
441 4430 547 4501 facilis
575 4438 608 4499 in
633 4436 785 4509 tuendis,
811 4434 869 4535 qui
892 4436 982 4497 forte
1005 4435 1039 4495 ia
1062 4454 1096 4497 se
1118 4431 1294 4516 canapi-3

36 4528 181 4583 rassent:
207 4521 288 4585 adeo
309 4532 364 4598 ut,
387 4546 488 4607 qaum
510 4521 703 4606 amplissimi
728 4515 856 4584 ordims
880 4517 948 4583 duo
969 4517 1120 4580 abnuere
1136 4518 1268 4597 0003110-

35 4610 101 4663 arm
119 4603 224 4664 scelus
241 4607 436 4690 nequirent,
459 4607 648 4699 Patraeque
671 4606 887 4758 000001000οζ
904 4603 951 4671 hu
969 4599 1138 4671 contestu
1147 4591 1296 4679 supun-

889 4714 908 4756 ,
1265 4704 1270 4717 .
