2850 4958
468 304 624 386 nna.
659 304 765 379 car.
795 300 904 385 mn.
985 269 987 272 ’
1242 322 1295 407 79

74 469 150 536 seo
171 470 263 554 quod
284 472 334 533 ius
355 470 442 555 apud
470 465 653 531 barbaros?
679 468 825 532 ferocius
847 475 967 552 agunt:
991 464 1108 545 exinde
1124 475 1301 534 certamem
1323 497 1345 560 7

81 556 266 617 Conversis
289 555 393 640 igitur
415 578 433 616 a
456 553 590 626 Clusio,
621 553 824 638 Romamque
854 552 1081 627 venientibus,
1111 553 1152 614 ad
1182 553 1302 617 Alliam

81 638 206 701 flumen
228 659 303 699 cum
324 638 471 701 exercitu
492 635 613 697 Fabius
635 637 757 699 Consul
779 636 936 699 occurrit.
980 636 1057 699 Non
1077 645 1200 700 temere
1219 639 1301 699 soe-

80 720 161 784 dior
190 721 309 783 clades.
352 722 468 805 Itaque
498 719 587 781 hunc
617 720 705 782 diem
734 723 826 783 fastis
852 721 956 781 Roma
992 720 1168 782 damnavit.
1213 721 1344 787 Fus08

79 805 251 878 exercitu,
285 807 349 866 iam
380 803 553 867 moenibus
584 804 686 866 Urbis
714 798 1035 888 appropinquabant.
1076 803 1181 865 Erant
1212 805 1303 868 nulla

108 888 264 951 raesidia.
308 889 393 949 Tum
425 887 548 972 igitur,
580 895 619 948 ut
638 909 815 971 numquam
845 886 943 962 alias,
975 889 1131 969 apparuit
1149 908 1225 949 sera
1247 888 1304 951 illa

76 904 231 1035 Romana
253 971 385 1034 virtus·
413 973 482 1033 lam
504 973 648 1053 primum
669 974 811 1033 maiores
838 980 916 1031 natu
937 972 1144 1052 amplissimis
1164 973 1214 1033 usi
1236 971 1303 1034 ho·
1324 991 1345 1061 9

77 1056 244 1130 noribus,
268 1055 301 1116 in
323 1057 434 1118 sorum
456 1062 579 1117 coeunt
592 1054 671 1117 :ibi
693 1054 872 1118 devovente
892 1054 1066 1129 Pontifice,
1087 1076 1122 1118 se
1141 1056 1215 1118 Diis
1229 1058 1305 1116 Ma-

76 1140 181 1203 nibus
215 1144 430 1200 consecrant:
468 1138 643 1222 statimqlse
675 1138 709 1199 in
739 1160 812 1200 suas
844 1137 984 1223 quisque
1013 1138 1345 1224 aedes-‹regressino

80 1224 172 1286 sicut
193 1223 228 1283 in
249 1223 371 1284 trabeis
399 1231 508 1296 erant,
542 1230 575 1284 et
596 1221 797 1303 amplissimo
821 1222 933 1298 cultu,
964 1222 999 1284 in
1021 1222 1191 1285 curulibus
1213 1223 1303 1285 sellis

81 1327 156 1367 sese
177 1308 379 1387 posuerunt:
403 1315 451 1381 ut,
473 1326 574 1390 quum
595 1305 734 1367 venisset
755 1306 871 1379 bostis,
895 1307 929 1366 in
943 1326 999 1366 sua
1016 1306 1174 1389 dignitate
1189 1328 1304 1367 more-

81 1397 214 1451 rentur.
267 1388 445 1451 Pontifices
492 1399 525 1464 et
565 1387 749 1464 Flamines,
793 1388 955 1473 quidquid
994 1389 1232 1471 religiosissimi
1269 1390 1343 1454 inst

79 1471 217 1554 templis
238 1481 329 1545 erat,
361 1473 481 1554 partim
504 1473 538 1532 in
560 1458 657 1532 doliis
679 1472 805 1534 defossa
827 1482 937 1534 terrae
956 1474 1161 1548 recondunt,
1183 1473 1305 1556 partim

81 1555 243 1639 imposita¹
264 1554 420 1637 plaustris
442 1568 550 1616 secum
573 1553 726 1616 evehunt.
770 1557 924 1634 Virgines
945 1555 1042 1633 simul
1065 1577 1103 1619 ex
1118 1556 1347 1618 sacerdotiota

82 1634 338 1713 ,vestsa'nudo
360 1638 446 1722 pede
466 1637 624 1721 fugientia
645 1658 734 1699 sacra
759 1641 969 1702 comitantur.
1003 1641 1126 1701 Tamen
1141 1640 1305 1721 excepisse

83 1722 251 1807 fugientes
279 1743 362 1783 unus
383 1743 401 1783 e
421 1720 518 1805 plebe
549 1716 657 1783 fertur
689 1722 806 1783 Lucius
834 1723 1007 1797 Albinius,
1040 1724 1119 1805 qui,
1148 1723 1307 1805 depositis

85 1826 196 1869 uxore
231 1813 263 1866 et
291 1804 429 1879 liberis,
466 1804 609 1887 virgines
642 1805 674 1864 in
705 1804 889 1886 plaustrum
922 1805 1068 1888 recepit:
1108 1804 1188 1868 adeo
1236 1815 1307 1867 tum

85 1910 224 1975 quoque
245 1889 280 1950 in
301 1888 425 1950 ultimis
458 1887 576 1970 religio
613 1888 747 1970 publica
774 1889 911 1971 privatis
935 1887 1103 1951 affectibus
1124 1888 1307 1975 antecelle-

81 1970 157 2037 bat.
201 1972 354 2034 Iuventus
380 1993 482 2047 vero,
521 1991 619 2054 quam
653 1973 731 2034 satis
760 1982 889 2035 constat
923 1972 977 2033 vix
1008 1973 1099 2035 mille
1133 1971 1349 2036 bominum15
1379 1988 1382 1993 '

82 2056 206 2130 fuisse,
239 2055 322 2117 duce
352 2055 476 2119 Manlio
503 2076 611 2115 arcem
640 2054 818 2138 Capitolini
839 2055 960 2118 montis
984 2054 1121 2132 insedit,
1145 2057 1308 2119 obtestata

84 2140 197 2220 ipsum
219 2140 351 2212 Iovem,
375 2138 465 2222 quasi
487 2146 708 2220 praesentem,
733 2151 790 2214 ut,
813 2138 1078 2225 quemadmodum
1099 2143 1163 2221 ipsi
1180 2140 1226 2200 cd
1244 2140 1307 2201 de-

69 2220 281 2306 fendendum
305 2224 458 2303 templum
479 2229 546 2284 eius
569 2227 857 2297 concucurrissent,
879 2229 930 2284 ito
951 2222 1007 2282 ille
1025 2227 1178 2287 virtutem
1196 2246 1309 2285 eorum

84 2310 217 2371 numme
240 2327 298 2366 suo
322 2318 479 2367 tueretur.
521 2304 667 2367 Aderant
689 2306 819 2366 interim
843 2301 941 2379 Galli,
957 2315 1169 2389 apertamque
1183 2307 1353 2386 Urbcmsd

82 2389 201 2485 primo
224 2388 370 2471 trepidi,
394 2386 516 2472 nequi
540 2388 685 2450 subesset
703 2386 824 2461 dolus,
848 2411 923 2450 mox
945 2388 1002 2449 ubi
1025 2390 1238 2451 solitudinem
1263 2389 1310 2451 ri·

88 2474 189 2544 dent,
211 2473 284 2554 pari
308 2471 451 2533 clamore
477 2472 516 2532 et'
535 2470 659 2553 impetu
682 2471 848 2534 invadunt.
893 2473 1045 2535 Potentes
1059 2474 1177 2555 passim
1193 2472 1310 2535 domus

69 2554 221 2619 'adeunt
265 2554 317 2616 Ibi
340 2556 487 2617 sedentes
506 2554 540 2614 in
564 2553 732 2615 curulibus
757 2557 824 2616 suis
845 2564 1067 2639 praetextatos
1093 2578 1195 2630 senes,
1220 2556 1311 2619 velut

87 2644 182 2703 Deos
204 2639 383 2720 geniosque
405 2638 573 2709 venerati,
596 2659 673 2699 mox
695 2638 844 2712 eosdem,
873 2649 1047 2723 postquam
1072 2662 1140 2703 esse
1159 2640 1310 2702 homines

85 2721 260 2804 liquebat,
285 2719 408 2802 alioqui
433 2718 740 2800 nihil'respondere
762 2722 947 2804 dignantes,
969 2725 1042 2804 pari
1066 2723 1219 2786 vecordia
1244 2747 1311 2785 ma·

86 2811 206 2875 etant,
235 2803 387 2885 facesque
413 2802 510 2863 tectis
541 2802 713 2863 iniiciunt:
748 2813 782 2865 et
805 2813 908 2865 totam
928 2807 1055 2868 Urbem
1077 2808 1172 2888 igne,
1193 2808 1307 2881 ferro,

84 2884 242 2952 manibus
267 2891 459 2970 exaequant.
489 2883 552 2945 Sex
574 2886 738 2947 mensibus
751 2887 885 2948 barbari
909 2888 995 2972 (quis
1017 2886 1199 2967 crederet?)
1221 2883 1351 2952 cirea15

84 2976 237 3035 montem
269 2968 372 3029 unum
401 2966 649 3053 pependerunt,
678 2988 739 3029 nec
770 2966 1040 3044 diebus-modo,
1072 2968 1128 3032 sed
1155 2971 1309 3032 noctibus

87 3073 224 3139 quoque
248 3051 357 3112 omnia
383 3050 531 3133 experti:
556 3072 656 3133 quum
679 3048 810 3111 tandem
830 3050 970 3112 Manlius
991 3060 1089 3114 nocte
1110 3052 1307 3128 subeuntes,

87 3132 245 3215 clangore
276 3134 400 3195 anseris
432 3134 611 3207 excitatus,
641 3156 657 3192 a
688 3154 811 3194 summa
840 3155 923 3215 rupe
945 3134 1083 3196 deiecit:
1108 3144 1140 3196 et
1160 3143 1198 3195 ut
1219 3134 1350 3216 spemsd

88 3218 244 3282 hostibus
276 3217 443 3291 demeret,
475 3236 671 3301 quamquam
693 3215 726 3277 in
749 3237 872 3277 summa
892 3217 998 3290 same,
1033 3226 1141 3281 tamen
1164 3218 1204 3279 ad
1227 3238 1310 3297 spe-

87 3304 175 3366 ciem
203 3301 361 3372 fiduciae,
395 3321 495 3384 panes
526 3300 566 3361 ab
596 3320 672 3362 arce
700 3300 858 3362 iaculatus
887 3309 945 3362 est.
989 3300 1032 3362 Et
1054 3310 1138 3364 stato
1167 3303 1312 3389 q'uodam
1339 3320 1341 3325 ’

89 3384 168 3462 tlte,
196 3406 260 3467 per
280 3384 402 3447 medias
424 3383 575 3456 :bostium
600 3382 765 3445 custodias
790 3382 928 3445 Fabium
949 3382 1145 3448 Pontificem
1170 3387 1211 3450 ab
1234 3406 1311 3451 aren

90 3467 242 3544 demisit,
265 3469 321 3552 qui
343 3467 488 3530 solemne
502 3486 630 3529 sacrum
651 3467 685 3528 in
707 3466 872 3543 Quirinali
894 3477 1007 3530 monte
1025 3470 1214 3534 conticeret.
1246 3471 1312 3535 At-

88 3574 157 3635 que
178 3552 235 3615 ille
255 3573 317 3634 per
337 3551 443 3612 media
464 3548 611 3631 hostium
635 3548 699 3614 tela
722 3549 897 3615 incolumis
918 3551 1090 3637 religionis
1114 3555 1238 3617 auxilio
1259 3576 1352 3644 re-17

88 3637 164 3708 dit,
184 3636 416 3719 propitiosque
438 3635 529 3695 Deos
548 3633 764 3696 renunciavit.
805 3634 1010 3708 Novissime,
1034 3657 1135 3718 quum
1156 3636 1222 3697 iam
1244 3637 1311 3698 ob-

86 3718 181 3785 sidio
204 3741 260 3780 sua
285 3719 445 3780 barbaros
462 3717 648 3801 fatigasset,
675 3718 771 3794 anille
798 3716 910 3798 pondo
934 3719 1006 3781 auri
1028 3737 1193 3781 recessum
1212 3738 1308 3782 suum

84 3800 314 3876 venditantes,
339 3801 439 3883 idque
459 3799 564 3880 ipsum
585 3822 647 3885 per
668 3799 887 3873 insolentiam,
909 3822 1009 3882 quum
1024 3801 1066 3864 ad
1087 3799 1199 3885 iniqua
1216 3823 1307 3885 pon-

85 3887 171 3957 dera
192 3884 310 3951 addito,
327 3883 436 3947 adbuc
456 3882 588 3964 gladio,
610 3884 745 3968 insuper
759 3904 825 3947 roe
843 3887 939 3948 victis
952 3887 1172 3968 increparent,
1187 3886 1305 3950 subito

87 3970 261 4055 adgressus
276 3991 301 4030 a
321 3976 415 4050 tergo
440 3965 593 4033 Camillus
613 3967 695 4030 adeo
717 3965 857 4040 cecidit,
888 3975 927 4028 ut
947 3969 1057 4031 cannia
1077 3967 1307 4035 incendiorum

87 4052 229 4131 vestigia
265 4051 384 4113 Gallici
412 4050 577 4134 sangoinis
614 4050 828 4114 inundatione
866 4046 1001 4112 deleret.
1043 4050 1152 4137 Agere
1185 4051 1348 4135 gratias18

85 4138 165 4203 Diis
182 4135 425 4199 immortalibus
452 4134 529 4215 ipse
544 4142 656 4197 tantae
687 4131 955 4196 cladisnomine
993 4131 1089 4199 libet.
1127 4135 1308 4210 Pastorum

85 4241 181 4287 cusas
203 4219 286 4302 ignis
301 4218 389 4294 ille,
417 4227 451 4281 st
466 4217 600 4281 *flamme
619 4226 846 4301 paupertatem
868 4213 1001 4277 Romuti
1022 4217 1205 4281 abscondit.
1245 4221 1308 4282 In·
1327 4266 1340 4284 ,.

84 4302 245 4367 osndiuus
278 4302 362 4368 illud
391 4302 473 4384 quid
505 4302 572 4385 egit
600 4303 713 4375 alind,
744 4302 807 4363 nisi
836 4308 875 4362 at
895 4298 1054 4363 destinate
1073 4301 1246 4363 bominum
1268 4324 1307 4367 ae

87 4389 243 4453 Deorum
264 4385 434 4449 domicilio
449 4386 588 4460 civitas,
615 4409 683 4449 non
705 4384 832 4457 deleta,
854 4404 914 4446 nec
938 4383 1078 4458 obruta,
1100 4384 1157 4447 sed
1178 4387 1307 4466 expiata

87 4471 205 4555 potius
242 4477 276 4530 et
304 4468 441 4531 lustrata
472 4469 644 4534 videatur?
685 4469 795 4553 Igitur
821 4476 901 4551 post
929 4475 1084 4530 assertam
1118 4489 1138 4529 a
1158 4467 1283 4530 Manlio
1297 4490 1348 4557 ,sq

86 4553 280 4619 restitutam
302 4574 320 4615 a
343 4552 492 4623 Camillo,
507 4553 654 4627 Urbem,
685 4554 796 4619 scrius
827 4551 925 4613 etiam
955 4551 1242 4635 uehementiusque
1272 4551 1308 4613 in

87 4636 466 4707 finitimo-,resurrexit
508 4635 722 4722 deprimat
744 4635 892 4705 amiam
906 4632 1005 4703 illam
1020 4635 1129 4722 ἐμω
1148 4635 1312 4702 Gallicam
