2850 4958
440 248 905 423 assumentium
1246 317 1298 419 ⁵9
1401 340 1410 346 -

69 472 215 541 ardaclm
244 472 325 565 alls,
359 482 393 545 ut
421 474 575 562 pluribus
605 498 706 565 quam
736 478 849 545 decem
869 485 1103 541 veternuorum
1123 476 1292 553 millibus,

69 558 109 641 sd
129 560 196 625 boo
216 581 333 644 magno
359 559 626 625 voluntariorum
650 584 813 639 numero,
845 562 1081 646 frequentique
1105 562 1216 645 equite
1236 583 1296 624 re-

92 644 149 719 'e,
172 652 264 707 tnnto
286 642 428 742 denique
452 644 620 718 exercitu,
655 655 796 730 quantus
827 645 918 708 nullo
943 666 1097 729 umquam
1117 642 1194 705 loco
1216 654 1295 727 post

69 664 153 795 illle
180 729 289 791 fuerat
319 728 452 800 civilia3
484 748 596 789 omnes
625 748 665 789 eo
698 729 771 813 ipso
804 728 882 791 laeti
912 737 1027 804 erant,
1053 728 1294 810 maximamque

69 808 223 873 bduciam
245 808 407 872 victoriae
430 809 464 871 iu
485 831 623 872 numero
646 812 860 896 reponebant.
902 810 946 872 At
967 813 1176 893 Imperator,
1200 812 1294 893 opti-

69 915 141 971 mus
164 914 299 967 eorum,
322 912 406 975 quae
427 892 563 975 agebat,
585 893 705 970 iudex,
733 905 766 959 et
785 894 879 961 utilia
902 895 1060 976 speciosis
1081 895 1292 975 praeferens,

69 973 227 1063 quodque
255 996 386 1058 semper
416 997 491 1037 eum
523 976 696 1039 facientem
726 978 795 1041 vidi
827 978 860 1040 in
891 978 1044 1039 omnibus
1067 975 1293 1060 bellis,.quae

69 1058 245 1147 probanda
266 1068 392 1133 essent,
414 1081 482 1121 uon
503 1080 589 1141 quae
609 1062 729 1145 cuique
749 1060 991 1145 probarentur,
1012 1079 1161 1145 sequens,
1180 1062 1296 1142 paucis

69 1144 190 1209 diebus
223 1143 402 1205 exereitum
416 1188 426 1217 ,
458 1142 515 1227 qui
545 1152 702 1219 venerat,
735 1146 776 1208 ad
806 1143 999 1209 refovendas
1023 1164 1063 1207 ex
1084 1144 1204 1207 itinere
1225 1144 1295 1207 eius

69 1228 177 1303 sires,
199 1237 364 1303 moratus,
388 1248 489 1310 quum
513 1248 589 1288 euru
612 1227 789 1303 maiorem,
821 1249 920 1311 quam
951 1236 988 1291 ut
1016 1226 1193 1311 temperari
1214 1250 1297 1309 pos-

69 1319 144 1384 set,
184 1331 290 1394 neque
317 1308 463 1373 babileru
495 1310 720 1393 gubernaculo
753 1318 937 1410 cerneret,
960 1311 1295 1409 dimitterestatuit:

69 1392 1302 1562 tti'tittttt¹35⁰,stt&tittttbttttttt‘ttttttttt}

69 1558 232 1645 adgredi,
255 1570 288 1622 et
307 1568 436 1643 partem
459 1558 736 1643 digredientium,
757 1582 894 1623 suorum
918 1562 1058 1646 quisque
1079 1566 1169 1620 metu
1183 1558 1300 1621 finium

69 1644 221 1711 universi
243 1650 370 1706 tentare
390 1664 458 1705 non
478 1651 634 1724 possent,
656 1644 784 1706 remisit
805 1665 858 1718 eo,
880 1643 967 1706 unde
980 1650 1157 1706 venerant:
1183 1642 1301 1726 etipse

69 1727 274 1813 asperrimae
297 1726 414 1789 hiemis
436 1726 535 1788 initio
559 1725 723 1810 ingressus
745 1727 901 1802 Sisciam,
923 1727 1083 1814 Legatos,
1105 1727 1193 1789 iuter
1215 1746 1299 1809 quos

69 1812 141 1901 ipsi
161 1809 302 1883 fuimus,
324 1812 455 1891 partitis
479 1810 643 1895 praefecit
665 1807 828 1876 hibernis.

115 1893 236 1955 CXIV.
271 1894 300 1953 0
324 1914 394 1954 rem
418 1894 509 1956 dictu
531 1912 600 1954 non
621 1893 840 1967 eminentem,
862 1891 918 1955 sed
942 1891 1049 1955 solida
1070 1893 1301 1980 veraquerir-

69 1970 148 2041 tute
168 1986 267 2063 utque
288 1975 432 2038 utilitate
456 1976 654 2052 maximam,
672 1976 888 2060 ¹experientia
910 1978 1153 2055 suavissimam,
1179 1979 1302 2040 buma-

69 2054 182 2125 uitate
211 2052 425 2145 singularem!
479 2059 546 2123 Per
577 2080 675 2122 omne
709 2059 789 2124 belli
825 2060 1013 2124 Germanici
1050 2059 1301 2143 Pannonicique

69 2154 207 2227 tempus
236 2164 332 2205 nemo
358 2140 515 2217 euobis,
548 2143 727 2224 gradumva
759 2151 911 2205 nostrum
943 2151 1000 2205 aut
1028 2144 1301 2226 praecedentibus

71 2236 136 2293 aut
164 2224 394 2310 sequentibus,
422 2226 606 2289 imbecillus
632 2226 719 2303 fuit,
754 2228 848 2288 euius
877 2224 964 2289 salus
995 2247 1033 2288 ec
1057 2226 1209 2290 valetudo
1234 2250 1304 2289 nou

71 2314 124 2377 ita
155 2318 394 2372 sustentaretur
425 2310 569 2372 Caesaris
607 2331 706 2384 cura,
742 2317 908 2393 tamquam
942 2309 1210 2375 distractissimns
1246 2309 1305 2373 ille

74 2402 254 2461 tantorum·
275 2413 414 2477 operum
438 2394 526 2456 mole
555 2392 634 2456 huic
657 2393 715 2456 uni
739 2393 875 2475 negotio
896 2400 1031 2456 vocaret
1053 2394 1191 2457 animus.
1223 2391 1306 2454 Erat

75 2477 343 2543 desiderantibus
367 2485 519 2561 paratum
547 2479 695 2541 iunctum
719 2476 930 2550 vehiculum,
955 2474 1073 2539 lectica
1099 2478 1168 2539 eius
1187 2476 1312 2558 publi--

73 2570 177 2636 cata,
202 2562 296 2623 euius
319 2582 413 2622 usum
441 2582 542 2645 quum
566 2561 644 2636 alii,
671 2569 742 2623 tum
767 2581 829 2645 ego
854 2560 959 2622 sensi:
989 2561 1053 2625 iam
1079 2561 1211 2636 medici,
1238 2561 1304 2621 iam

71 2644 380 2791 tttttfttsslsss
407 2643 478 2787 {tt
508 2642 1306 2790 {titttlitati?“ittimttttfflt

74 2772 258 2875 domestici
284 2808 441 2881 deerant3
475 2817 617 2869 ueterum
649 2808 757 2884 nibil,
789 2808 881 2892 quod
908 2807 949 2868 eb
973 2808 1038 2870 illis
1063 2816 1119 2871 aut
1142 2809 1305 2893 praestari

77 2899 142 2957 aut
172 2890 352 2953 desiderari
384 2898 507 2971 posset.
559 2889 722 2955 Adiieiam
752 2892 857 2966 illud,
892 2890 1005 2974 quod,
1036 2892 1185 2975 quisquis
1216 2893 1306 2954 illius

78 2974 248 3057 temporis
271 2975 370 3036 rebus
394 2971 566 3046 interfuit,
590 2981 628 3035 ut
652 2972 715 3036 alia
739 2994 824 3056 quae
843 2973 955 3046 retuli,
971 2983 1127 3056 agnoscet
1140 2976 1306 3056 protinus.

78 3058 184 3123 Solus
205 3079 336 3142 semper
356 3078 442 3141 equo
464 3064 575 3118 rectus
597 3064 664 3130 est·,
687 3053 776 3117 solus
799 3077 875 3117 oum
898 3056 960 3129 iis,
984 3076 1068 3138 quos
1091 3058 1307 3131 invitaverat,

82 3142 215 3209 maiore
244 3148 340 3223 parte
369 3139 566 3201 aestivarum
589 3138 1040 3221 expeditionumeoenavit
1071 3137 1207 3215 sedeur,
1239 3160 1308 3201 non

81 3226 300 3308 sequentibus
322 3221 551 3305 disciplinam,
574 3229 734 3306 quatenus
755 3219 905 3304 exemplo
920 3241 987 3282 nou
1001 3223 1195 3296 nocebatur,
1217 3223 1311 3305 igno-

83 3310 157 3384 vit3
182 3306 365 3371 admonitio
389 3307 544 3390 frequens
567 3305 674 3369 inerat
698 3312 731 3367 et
750 3304 935 3388 castigatio,
957 3302 1101 3369 vindicta
1122 3308 1307 3369 rarissima:

84 3387 634 3557 autumnitanus
655 3387 929 3535 statuisti·
951 3385 1311 3538 aurinum.-

86 3566 176 3622 state
196 3558 302 3621 omnis
322 3556 514 3633 Pannonia,
536 3554 686 3639 reliquiis
706 3556 809 3619 totius
829 3551 910 3617 belli
932 3553 967 3615 in
988 3555 1151 3618 Dalmatia
1173 3580 1312 3619 manen-

88 3641 203 3717 tibus,
232 3662 347 3726 pacem
378 3642 488 3721 petiit.
536 3638 695 3703 Ferocem
722 3637 812 3701 illam
841 3642 896 3699 tot
921 3634 1063 3697 millium
1084 3637 1309 3717 iuventutem,

118 3722 194 3787 aulo
216 3733 291 3787 ante
311 3724 503 3785 servitutem
523 3722 678 3783 minatam
703 3719 841 3793 ltaliae.
861 3717 1086 3781 conferentem
1108 3736 1212 3796 arma,
1232 3723 1313 3805 qui.

88 3747 156 3875 dm
176 3827 233 3870 usa
255 3804 325 3869 erat
352 3806 439 3888 apud
460 3804 580 3869 flumen
600 3804 733 3867 nomine
754 3801 951 3875 balbinum,
982 3811 1313 3889 prosternentemque

89 3914 129 3957 se
160 3890 344 3953 nniversam
374 3889 511 3972 genibus
541 3885 779 3970 imperatoris,
810 3884 1034 3967 Batonemque
1063 3892 1098 3947 et
1115 3885 1309 3964 Pinnetem,

92 3974 332 4043 excelsissimos
360 3971 481 4047 duces,
513 3979 643 4052 captum
674 3969 836 4043 alterum,
867 3964 1007 4029 alterum
1037 3987 1116 4031 ase
1141 3967 1310 4050 deditum,

92 4057 191 4133 iustis
221 4056 443 4119 voluminibus
475 4052 593 4119 ordine
621 4051 865 4124 enarrabimus,
895 4056 934 4109 ut
961 4070 1073 4133 spero.
1125 4051 1314 4118 Anctumno

89 4141 265 4209 victorin
295 4138 435 4202 hiberna
467 4136 638 4201 reducitur
668 4135 848 4208 exereitus,
880 4129 972 4194 cuius
994 4134 1145 4197 omnibus
1166 4137 1272 4218 copiis
1293 4160 1314 4199 a

94 4228 235 4293 Gaesme
255 4224 301 4286 Μ.
324 4221 466 4307 Lepidus
485 4222 671 4305 praefectus
692 4225 761 4293 est,
782 4218 836 4281 vir
857 4212 998 4278 nominis
1013 4237 1050 4279 ae
1064 4219 1217 4281 fortunae
1232 4219 1316 4281 Cae-

91 4330 208 4375 sarum
227 4306 415 4389 proximus:
439 4326 536 4391 quem
560 4303 592 4364 in
616 4310 772 4386 quantum
793 4299 867 4385 quis
889 4305 945 4359 aut
965 4319 1164 4382 cognoscere
1184 4310 1242 4363 aut
1261 4304 1318 4365 iu-

92 4392 250 4473 telligere
271 4388 469 4474 potuit,÷in·
485 4395 610 4451 tantum
631 4385 776 4447 miratur·
792 4404 829 4446 ao
852 4381 984 4460 diligit,
1007 4390 1240 4468 tantorumque
1259 4408 1320 4449 no·

94 4476 249 4549 minum,
316 4473 389 4537 ibus
412 4481 504 4536 ortus
526 4479 597 4543 est,
620 4475 848 4531 oruamentum
870 4464 1007 4529 iudicat.

145 4556 247 4621 CXV.
326 4576 398 4618 esar
423 4552 465 4619 ad
491 4554 628 4618 alteram
658 4549 737 4613 belli
759 4548 934 4617 Delmatici
956 4549 1079 4612 molem
1097 4551 1241 4613 animum
1262 4558 1323 4612 at·-

98 4664 167 4731 qus
187 4662 279 4708 arma
299 4636 452 4705 cuntulit.
496 4638 536 4702 lu
557 4658 621 4723 qua
643 4632 781 4719 regione
802 4630 1044 4716 [expeditione]
1065 4632 1158 4717 quali
1172 4634 1333 4696 adiutore
