2850 4958
155 270 229 376 ,φ
369 266 534 345 omno
563 264 1119 351 aaartsaon.ct1²·¹¹·
1148 292 1213 355 ι’·
1310 202 1317 225 ¹

144 453 265 500 nomen
284 429 437 506 inditum,
459 430 517 513 qui
535 430 632 495 etiam
645 451 731 493 nunc
744 430 902 494 Euxinius
916 431 1004 493 sinus
1018 431 1161 496 dicitur:
1185 456 1344 522 quumque

144 517 378 600 comperisset,
406 515 534 577 ibidem·
553 513 712 596 Sibyllam
732 515 926 577 mortalibus
953 517 1062 576 futura
1083 519 1294 599 praecinere,
1315 523 1343 585 is

146 601 293 684 oppido,
325 597 414 681 quod
443 606 580 659 vocatur
609 598 828 673 Cimmerion,
859 599 1129 680 [Cimberionis,]
1160 604 1289 664 ventsse
1308 625 1342 667 eo

145 686 340 747 sciscitatum
364 683 403 743 de
423 691 507 742 statu
528 684 735 742 fortunarum
762 702 912 755 suarum,
941 683 1102 764 editisque
1128 685 1229 759 fatis,
1261 688 1341 748 veti-

145 776 227 840 tum,
248 789 289 830 ne
311 766 337 826 is
356 766 550 847 [cognitam]
573 764 607 824 in
628 763 722 824 Italia
746 766 898 848 sepeliret
918 764 1130 848 Prochytam,
1152 770 1342 852 cognatione

103 870 125 917 a
145 849 208 911 sibi
228 849 455 921 coniunctam,
485 868 581 929 quam
601 846 797 908 incolumem
816 848 1007 930 reliquerat.
1049 849 1092 909 Et
1112 860 1288 934 postquam
1307 851 1340 915 ad

112 1000 118 1012 ,
143 932 277 994 classem
297 932 408 1005 rediit,
430 931 619 1013 reperitque
640 939 813 1004 momuam,
836 932 869 992 in
891 931 992 992 insula
1014 934 1165 1012 proxima
1187 935 1366 1018 sepelisse,-

145 1037 228 1099 quae
251 1036 335 1077 uuus
362 1035 493 1098 quoque
523 1014 637 1074 eodem
658 1023 706 1073 est
728 1013 876 1094 nomine,
899 1023 935 1076 ut
955 1016 1104 1077 scribunt
1126 1017 1299 1080 Vulcatius
1315 1026 1343 1081 et

100 1096 268 1162 3Acilius
299 1097 386 1159 Piso.
432 1098 512 1160 lnde
541 1098 727 1178 profectum
757 1097 940 1179 pervenisse
972 1098 1005 1158 in
1035 1120 1109 1160 eum
1130 1099 1267 1176 locum,
1290 1100 1340 1185 qui

144 1203 231 1244 nunc
251 1190 367 1264 portus
389 1182 516 1244 Caietae
537 1179 740 1262 appellatur,
763 1201 802 1241 ex
822 1182 954 1242 nomine
975 1183 1113 1243 nutricis
1135 1184 1228 1260 eius,
1256 1206 1360 1268 quam¹

102 1264 127 1344 4
146 1264 269 1328 ibidem
288 1266 433 1326 amissam
456 1263 595 1346 sepeliit.
636 1262 681 1325 At
699 1284 777 1324 vero
807 1264 924 1325 Caesar
945 1272 977 1324 et
1002 1264 1221 1346 Sempronius
1242 1270 1342 1343 aiunt,

145 1350 274 1412 Caietae
304 1368 483 1432 cognomen
508 1347 625 1418 fuisse,
658 1368 724 1408 non
754 1367 893 1420 nomen,
916 1368 954 1408 ex
977 1368 1015 1408 eo
1033 1350 1165 1410 'scilicet
1189 1351 1340 1429 inditum,

144 1431 235 1515 quod
256 1430 324 1492 eius
345 1431 482 1492 consilio
506 1429 710 1512 impulsuque
734 1437 852 1491 matres
875 1431 1037 1491 Troianae
1057 1431 1168 1494 taedio
1191 1433 1282 1518 longi
1296 1455 1340 1495 aa·

144 1516 224 1599 vigii
256 1513 387 1575 classem
420 1514 541 1576 ibidem
573 1513 796 1585 incenderint,
831 1513 1108 1576 Graeca'scilicet
1130 1516 1343 1599 appellatione

100 1591 213 1660 teat
242 1604 304 1658 τοῦ
338 1595 460 1673 καίειν,
495 1596 584 1678 quod
620 1604 667 1657 est
699 1594 883 1657 incendere.
938 1594 1017 1657 Inde
1052 1597 1092 1659 ad
1130 1618 1204 1660 earn
1239 1599 1344 1661 Italiae

146 1701 262 1754 oram,
294 1701 376 1763 quae
397 1680 437 1741 ab
459 1680 591 1740 arbusto
615 1678 757 1740 eiusdem
782 1680 907 1761 generis
929 1681 1070 1740 Laurens
1093 1681 1260 1762 appellata
1281 1692 1340 1757 eet,

142 1762 259 1825 Latino
282 1770 447 1848 regnante,
469 1772 656 1844 pervectum
677 1784 750 1824 cum
771 1771 867 1843 patre
886 1762 1025 1836 Anchise
1047 1763 1185 1847 filioque
1209 1777 1243 1826 et
1264 1774 1344 1828 cete*

119 1872 122 1877 ·
143 1847 192 1909 ris
211 1867 365 1920 suorum,
387 1845 522 1907 navibus
545 1867 728 1929 egressum,
750 1845 784 1905 in
807 1844 905 1908 litore
926 1846 1134 1920 accubuisse,
1157 1859 1345 1910 consumto-

144 1950 228 2014 qne,
261 1928 350 2012 quod
380 1930 487 1989 fuerat
507 1929 595 2003 cibi,
628 1937 769 1989 crustam
792 1928 889 1991 etiam
911 1929 952 1991 de
972 1930 1088 1992 sarreia
1108 1933 1252 2008 mensis,
1276 1950 1344 2017 quet

137 2019 284 2075 sacratas
304 2032 412 2071 secum
432 2011 595 2085 babebat,
618 2009 807 2072 comedisse.

186 2094 246 2156 11.
277 2095 380 2167 Tum,
403 2093 544 2154 Anchisa
565 2092 781 2166 coniiciente,
809 2090 898 2157 illam
924 2113 991 2156 esse
1016 2094 1228 2161 miseriarum
1251 2118 1346 2161 erro-

145 2175 257 2259 risque
278 2177 389 2249 linem3
412 2172 549 2260 (quippe
569 2176 779 2250 meminerat,
802 2174 964 2239 Venerem
982 2178 1044 2239 sibi
1059 2178 1240 2262 aliquando
1256 2202 1347 2264 prae-

72 2314 75 2325 .
111 2278 115 2289 ·
146 2257 285 2335 dixisse,
319 2280 418 2342 quum
451 2259 484 2320 in
515 2266 648 2321 externo
680 2255 781 2321 litore
813 2260 919 2320 esurie
950 2261 1110 2344 compulsi
1144 2273 1346 2348 sacrataeque
1377 2280 1380 2337 t

145 2364 269 2405 mensas
291 2341 494 2416 invasissent,
523 2341 617 2404 illum
636 2341 822 2404 condendae
841 2342 926 2405 sedis
946 2343 1078 2407 fatalem
1099 2344 1215 2408 locum
1246 2349 1349 2429 fore3)
1378 2358 1380 2375 '

104 2429 287 2491 Becrofam
318 2425 414 2487 etiam
440 2425 634 2499 incientem,
663 2446 759 2508 quam
787 2446 885 2506 quum
908 2447 926 2487 e
946 2428 1019 2487 navi
1040 2428 1297 2510 produxissent,
1316 2438 1350 2503 nt

145 2530 216 2572 eam
238 2508 454 2582 immolarent,
471 2510 531 2589 [et]
545 2530 579 2570 se
593 2509 818 2570 ministrorum
831 2509 978 2570 manibus
993 2511 1161 2593 eripuisse,
1190 2523 1225 2575 et
1238 2536 1351 2578 recor·

146 2593 256 2655 datum
273 2593 424 2664 Aeneam,
444 2592 532 2673 quod
545 2590 720 2675 aliquando
743 2591 773 2653 ei
794 2612 984 2674 responsum
1007 2602 1099 2669 esset‘,
1120 2596 1202 2657 urbi
1218 2594 1374 2660 aondea'

146 2675 208 2737 dae
230 2675 471 2757 quadrupedem
492 2677 635 2736 futuram
655 2675 790 2736 ducem:
813 2697 886 2736 cum
908 2675 1088 2740 simulacris
1109 2681 1264 2741 Deorum
1285 2682 1349 2743 Pe-

144 2760 271 2823 natium
296 2766 527 2840 prosecutum,
559 2767 656 2839 atque
677 2758 809 2832 urbem,
831 2758 889 2818 ubi
913 2759 967 2820 illa
987 2762 1170 2842 procubuit
1196 2765 1349 2848 enixeque

124 2834 127 2841 ¹
147 2850 196 2904 est
216 2841 371 2923 proculos
391 2842 545 2923 triginta,
569 2841 692 2903 ibidem
714 2843 935 2923 auspicatum,
969 2864 1065 2924 quam
1084 2854 1162 2928 post
1184 2846 1348 2911 Lavinium

146 2924 253 2987 dixit:
276 2934 312 2984 ut
333 2925 448 2985 scribit
470 2925 585 2985 Caesar
604 2924 663 2986 lib.
687 2925 718 2986 Ι.’
739 2933 770 2985 et
791 2925 936 2985 Lutatius
958 2924 1017 2987 lib.
1041 2928 1086 2990 11.

187 3008 264 3070 Xll.
296 3009 338 3068 At
359 3029 436 3068 vero
459 3007 644 3082 Domitius,
666 3029 732 3068 nou
755 3009 850 3069 orbes
871 3009 1017 3082 ferreos,
1049 3019 1207 3092 utsupra
1229 3010 1345 3074 dictum

148 3101 217 3167 est,
239 3090 294 3151 sed
315 3112 496 3151 mensarum
519 3091 588 3152 vice
608 3089 755 3154 sumendi
775 3091 840 3152 cibi
863 3091 966 3174 gratia
988 3092 1109 3174 apium,
1133 3095 1229 3156 cuius
1251 3095 1347 3156 maxi·

109 3180 113 3195 '
147 3195 200 3236 ma
222 3177 299 3236 erat'
312 3173 432 3234 ibidem
461 3173 577 3255 copia,
609 3175 707 3236 fuisse
738 3174 956 3248 substratum,
987 3177 1076 3258 quod
1106 3177 1238 3257 ipsum,
1267 3200 1345 3240 con·

146 3259 261 3318 sumtis
283 3255 354 3316 aliis
376 3256 512 3330 eduliis,
536 3277 591 3318 eos
613 3256 807 3330 comedisse,
829 3279 867 3317 ac
887 3267 962 3339 post
983 3259 1119 3320 subinde
1140 3260 1341 3335 intellexisse,

106 3357 130 3412 ρ
151 3339 222 3401 illas
243 3358 309 3400 esse
330 3359 464 3412 mensas,
487 3361 564 3423 quas
586 3338 658 3400 illos
681 3349 880 3400 comesturos
895 3341 1095 3421 praedictum
1112 3354 1208 3405 esset.
1243 3346 1341 3422 Quart

107 3434 112 3451 ·
150 3422 303 3492 interim,
327 3421 490 3482 immolata
512 3442 585 3495 sue,
609 3423 641 3482 in
663 3419 762 3483 litore
783 3422 977 3484 sacrificium
997 3435 1186 3509 perageret,
1209 3427 1341 3489 traditor

148 3506 237 3566 forte
260 3503 433 3565 advertisse
455 3504 606 3584 Argivam
628 3502 770 3577 classem,
795 3505 826 3564 in
847 3527 910 3586 qua
931 3506 1053 3589 Ulyxos
1071 3517 1161 3569 erat:
1186 3526 1340 3593 quumque

147 3596 340 3661 vereretur,
371 3608 411 3648 ne
442 3586 481 3647 ab
511 3587 604 3647 hoste
635 3588 782 3668 cognitus
816 3588 998 3670 periculum
1031 3591 1176 3666 subiret,
1210 3594 1340 3674 itemque

147 3689 219 3741 rem
241 3669 381 3732 divinam
403 3669 640 3750 interrumpere
668 3674 827 3731 suminam
853 3672 941 3731 nefas
963 3673 1112 3746 duceret,
1143 3685 1242 3756 caput
1262 3676 1339 3737 ecla·

148 3763 259 3832 mento
290 3753 477 3827 obduxisse,
509 3761 605 3834 atque
635 3752 679 3812 ita
710 3753 807 3834 pleno
838 3753 904 3816 ritu
931 3777 1020 3817 sacra
1040 3758 1227 3841 perfecisse.
1271 3754 1339 3818 Inde

148 3836 291 3917 posteris
326 3834 482 3897 traditum
513 3845 638 3896 morem
667 3835 711 3896 ita
744 3838 966 3913 sacrificandi,
1000 3849 1036 3900 nt
1071 3840 1188 3902 scribit
1224 3843 1336 3902 Marcus

105 3912 307 3981 &Octavius
326 3919 384 3980 lib.
408 3920 435 3980 l.
480 3918 523 3979 At
544 3939 622 3980 vero
644 3920 809 3981 Domitius
830 3920 888 3983 lib.
912 3923 938 3982 l.
963 3921 1078 3997 docet,
1101 3933 1193 3986 sorte
1215 3920 1337 4005 Apolli-

117 4039 119 4047 ι
151 4003 201 4063 nis
231 4002 381 4083 Delphici
413 4003 573 4063 monitum
602 4001 762 4075 Aeneam,
795 4014 832 4064 ut
860 4003 987 4065 Italiam
1016 4015 1162 4087 peteret,
1197 4009 1255 4070 ubi
1280 4004 1338 4067 due

151 4087 253 4148 maria
275 4085 461 4160 invenisset,
482 4085 719 4168 prandiumque
740 4106 812 4146 cum
834 4089 951 4148 mensis
978 4099 1143 4163 comesset,
1168 4091 1215 4151 ibi
1237 4089 1341 4153 urbem

110 4164 134 4243 4
152 4169 200 4230 nti
223 4168 388 4230 conderet.
429 4169 544 4253 Itaque
565 4188 725 4250 egressum
748 4169 781 4228 in
797 4190 909 4252 agrum
925 4171 1128 4245 Laurentem,
1145 4195 1248 4256 quum
1263 4170 1341 4256 paul·

102 4272 105 4281 ’
151 4250 254 4313 lulum
276 4272 293 4311 e
313 4251 413 4312 litora
431 4252 660 4334 processisset,
683 4253 867 4333 pervenisse
888 4252 927 4311 ad
950 4252 1014 4315 duo
1038 4264 1146 4333 stagna
1171 4277 1275 4339 aquae
1293 4252 1341 4317 sal·

151 4355 222 4408 eae,
243 4334 348 4398 vicina
371 4333 457 4397 inter
477 4353 530 4394 se:
554 4332 666 4416 ibique
688 4354 786 4415 quum
809 4333 1002 4409 celavisset,
1025 4360 1062 4398 ac
1084 4332 1244 4400 refectum
1262 4340 1341 4411 cibo,

152 4439 252 4502 quum
272 4417 379 4497 apium
403 4437 553 4500 quoque,
576 4416 666 4496 quod
686 4426 763 4478 tunc
783 4417 854 4478 vice
874 4439 1001 4479 mensor.
1022 4421 1219 4484 substratum
1234 4425 1342 4493 fuerat,

152 4500 398 4571 consumsisset,
429 4499 663 4560 existimantem
690 4499 810 4582 procul
839 4499 940 4562 dubio
973 4502 1027 4564 illa
1051 4525 1117 4565 esse
1139 4504 1206 4567 duo
1228 4505 1341 4575 maria,

146 4582 240 4664 quod
266 4580 299 4645 in
326 4582 393 4646 illie
418 4583 542 4670 xstagnis
568 4601 669 4669 aquae
699 4582 843 4646 marinae
869 4584 993 4675 species
1014 4596 1113 4661 esset,
1144 4607 1341 4675 mensesque,
