2850 4958
220 284 381 371 oeteo
410 284 589 360 GENTIS
614 286 736 361 ROM.
763 285 873 361 CdP.
898 304 957 365 aa.
982 288 1041 364 23.
1181 293 1258 374 ‚203

46 448 113 515 sibi
136 473 240 526 avus,
256 474 340 535 quae
362 459 468 512 mater
487 451 620 524 fuisset,
645 451 790 537 quidque
811 451 852 513 de
872 472 909 514 ea
930 440 1051 516 factum
1072 438 1167 525 esset,
1189 473 1265 515 eum

44 536 182 598 armatis
203 537 390 617 pastoribus
415 534 529 595 Albam
544 538 697 615 protinus
712 537 889 617 perexisse,
906 537 1145 616 interfectoque
1160 535 1264 597 Amu-

44 619 114 692 lio,
131 619 343 680 Numitorem
369 641 463 678 avum
489 619 521 678 in
546 641 680 699 regnum
707 621 907 683 restitutum.
950 616 1125 681 Romulum
1155 628 1265 681 autem

45 724 67 763 n
89 703 211 763 virium
244 701 467 784 magnitudine
494 705 714 784 appellatum:
747 726 820 763 nam
857 705 984 765 Graeca
1013 703 1123 784 lingua
1157 698 1267 784 ῥώμην

44 790 200 849 virtutem
231 784 298 845 dici
326 793 454 845 certum
483 794 539 846 est.
585 786 734 847 Alterum
756 808 834 848 vero
857 787 994 847 Remum
1015 783 1149 856 dictum,
1170 784 1267 846 vide-

44 866 127 933 lieet
150 894 167 929 a
190 868 365 930 tarditate:
398 867 523 950 quippe
545 869 618 932 talis
648 879 783 932 staturae
808 869 958 931 hemines
980 868 1021 931 ab
1043 867 1184 951 antiquis
1204 892 1265 929 re·

48 974 161 1017 mores
182 953 274 1014 dicti.
459 1016 463 1028 ,

89 1036 198 1097 XXII.
231 1035 341 1118 Igitur
362 1031 462 1105 actis,
485 1055 568 1115 quae
589 1055 686 1117 supra
709 1033 865 1108 diximus,
887 1042 921 1095 et
942 1054 979 1095 re
1000 1032 1110 1096 divina
1126 1035 1210 1097 facta
1227 1055 1265 1097 eo

48 1118 85 1179 in
107 1118 206 1193 loco,
240 1117 297 1201 qui
329 1138 418 1181 nurse
450 1117 610 1198 Lupercal
643 1118 786 1191 dicitur,
816 1116 990 1183 ludibundi
1023 1118 1264 1192 discurrerant,

50 1199 196 1283 pellibus
218 1201 401 1261 hostiarum
425 1211 630 1260 occursantes
652 1221 799 1285 quosque
820 1202 951 1266 sibimet
969 1200 1194 1275 verberantes,
1219 1210 1267 1261 ut-

52 1306 119 1366 que
150 1286 293 1346 solemne
325 1282 521 1344 sacrificinm
546 1285 608 1345 sibi
640 1288 846 1369 posterisque
877 1285 909 1345 id
941 1293 1042 1359 esset,
1075 1292 1266 1359 sanxerunt,

53 1370 298 1451 separatimque
319 1388 394 1427 suos
416 1367 672 1455 appellauerunt,
696 1371 813 1431 Remus
834 1369 966 1442 Fabios,
987 1369 1144 1430 Romulus
1161 1369 1270 1447 Quin·
1299 1388 1301 1392 ’

12 1498 15 1503 .
53 1441 171 1528 tilios:
197 1449 336 1533 quorum
360 1459 536 1529 utrumque
555 1472 674 1512 nomen
698 1455 874 1514 etiamnum
895 1451 928 1511 in
945 1451 1049 1512 sacris
1071 1460 1188 1513 manet.
1225 1451 1310 1513 ⁷Ata

51 1556 134 1595 vero
157 1535 217 1595 lib.
243 1537 287 1594 ll.
311 1534 554 1594 Pontificaliurn
575 1537 749 1616 proditur,
775 1538 888 1598 missos
910 1534 949 1595 ab
972 1533 1114 1609 Amulio,
1132 1537 1188 1617 qui
1204 1535 1270 1596 Re-

10 1664 18 1687 ,
51 1641 160 1691 muni,
193 1639 352 1698 pecorum
381 1627 562 1697 pastorem,
598 1621 821 1694 attraherent,
854 1639 953 1701 quum
975 1638 1041 1678 non
1063 1619 1219 1680 auderent
1239 1621 1268 1681 ei

10 1698 20 1717 ¹
52 1701 119 1760 vim
146 1701 279 1772 afferre,
302 1711 540 1782 'opportunum
571 1712 698 1782 tempus
727 1704 791 1763 sibi
823 1703 864 1762 ad
896 1700 1112 1762 insidiandum
1138 1712 1269 1777 nactos,

15 1830 19 1837 .
52 1784 143 1867 (pund
166 1794 235 1843 tum
256 1785 413 1845 Romulus
436 1785 560 1857 aberat,
585 1807 684 1866 genus
698 1785 787 1846 lusus
802 1783 978 1857 simulasse,
995 1784 1126 1868 quinam
1142 1806 1268 1860 eornm,

52 1867 201 1928 munibus
221 1877 297 1950 post
319 1878 409 1951 terga
430 1867 558 1950 ligatis,
582 1869 742 1948 lapidem,
768 1890 833 1952 «quo
855 1867 925 1928 lana
952 1869 1108 1946 pensitari
1131 1868 1268 1943 solebat,
1315 1880 1317 1887 '

10 1962 13 1967 '
53 1950 220 2011 mordicus
251 1951 435 2022 sublatum,
471 1973 568 2032 quam
599 1951 787 2032 longissime
808 1953 981 2033 perferret.
1027 1952 1111 2012 Tum
1134 1948 1311 2014 Reinum3

10 2046 17 2083 ῒ
54 2034 173 2094 fiducia
197 2035 317 2095 virium
340 2037 373 2095 in
394 2032 600 2097 Aventinum.
614 2053 715 2118 usqne
737 2058 770 2097 se
797 2033 1001 2115 perlaturum
1023 2035 1268 2116 spopondisse:

55 2116 152 2189 dein,
170 2122 347 2199 postquam
368 2117 487 2177 vinciri
511 2138 545 2176 se
566 2138 678 2196 passus
700 2129 768 2192 est-5
792 2116 1138 2179 Album⁴abstractum
1171 2119 1273 2197 Quod

53 2210 230 2283 postquam
252 2200 407 2261 Romulus
428 2203 662 2281 comperisset,
696 2211 808 2264 coacta
828 2211 996 2284 pastorum
1021 2225 1136 2274 manu,
1169 2224 1270 2286 eaque

10 2330 12 2335 -
55 2286 89 2346 iu
113 2293 264 2345 centenos
293 2285 442 2344 homines
473 2282 671 2357 distributa,
702 2284 1046 2367 perticas-manipulis
1068 2285 1157 2345 foeni
1180 2287 1270 2347 varie

55 2368 204 2428 formatis
226 2368 258 2427 in
282 2389 406 2428 summo
440 2367 564 2435 innotus
586 2367 735 2441 dedisse,
764 2391 830 2450 quo
852 2367 979 2428 facilius
1002 2389 1040 2427 co
1063 2369 1155 2449 signo
1178 2389 1271 2427 sunm

55 2452 193 2533 quisque
215 2449 329 2511 ducem
352 2459 557 2527 sequeretur.
602 2452 698 2512 Unde
721 2453 922 2522 institutum,
947 2458 981 2510 ut
1002 2457 1116 2529 postea
1139 2450 1270 2522 milites,
1292 2449 1314 2525 4

57 2534 117 2615 qui
149 2532 294 2593 eiusdem
324 2534 406 2613 signi
439 2541 564 2603 essent,
596 2534 814 2613 manipulares
845 2533 1041 2591 dicerentur.
1096 2530 1211 2611 Itaque
1233 2533 1272 2592 ab

57 2639 118 2686 eo,
144 2637 300 2695 oppresso
331 2614 485 2686 Amulio,
515 2616 651 2675 fratrem
673 2610 809 2678 viriculis
830 2616 1026 2685 liberatum,
1055 2635 1149 2674 avum
1171 2636 1272 2698 regne

64 2700 266 2760 restitutum.
352 2710 356 2720 '
689 2714 694 2721 '
807 2720 810 2724 ·

102 2781 225 2840 ΧΧΙΙΙ.
250 2781 358 2856 Quum
382 2777 482 2853 igitur
504 2783 590 2842 inter
612 2798 646 2837 se
667 2776 823 2839 Romulus
846 2787 878 2836 et
904 2777 1021 2836 Remus
1044 2777 1083 2837 de
1105 2777 1274 2840 condenda

57 2864 144 2924 urbe
166 2869 365 2930 tractarent,
391 2863 422 2920 iu
446 2886 506 2943 qua
531 2862 592 2943 ipsi
614 2860 741 2939 pariter
762 2868 956 2942 regnarent,
980 2860 1198 2941 Romulusque
1217 2859 1275 2921 le-

56 2969 159 3017 cum,
183 2946 240 3029 qui
263 2943 325 3005 sibi
348 2943 484 3006 idoneus
508 2947 694 3014 videretur,
719 2942 752 3001 in
775 2952 885 3004 monte
906 2942 1054 3003 Palatino
1079 2943 1273 3024 designaret,

57 3032 262 3110 Romamque
285 3024 442 3107 appellari
464 3029 582 3099 vellet,
605 3034 784 3105 contraque
807 3025 884 3088 item
905 3026 1022 3086 Remus
1045 3023 1078 3082 in
1097 3022 1161 3083 alio
1178 3022 1274 3097 colle,

58 3114 118 3197 qui
149 3112 263 3172 aberat
294 3133 311 3167 a
343 3108 469 3172 Palatio
502 3109 647 3173 millibus
679 3109 845 3189 quinque,
877 3108 1080 3191 eundemque
1100 3105 1211 3166 locum
1237 3125 1277 3168 cx

59 3220 120 3257 sno
143 3195 276 3255 nomine
303 3192 490 3256 Remurium
520 3192 721 3277 appellaret,
752 3212 856 3271 neque
879 3213 914 3253 ea
938 3192 1023 3252 inter
1050 3211 1105 3250 eos
1127 3188 1278 3249 finiretur

60 3279 248 3341 contentio:
282 3297 341 3335 avo
366 3277 547 3338 Nuriaitore‘
565 3275 692 3338 arbitro
722 3272 865 3347 adscito,
888 3273 1013 3357 placuit
1041 3273 1278 3351 disceptatores
1307 3318 1310 3324 .

64 3362 136 3423 cius
158 3359 402 3422 coutroversiae
425 3360 624 3421 immortales
646 3361 733 3419 Deos
755 3378 900 3432 suasere,
928 3357 973 3429 ita
995 3364 1044 3431 ut,
1070 3357 1137 3418 utri
1161 3377 1277 3419 eorum

56 3445 172 3533 priori
195 3441 333 3505 secunda
356 3442 499 3523 auspicia
532 3443 756 3513 obvenissent,
790 3440 904 3502 urbem
936 3438 1109 3514 conderet,
1144 3458 1279 3521 eamque

30 3540 36 3547 '
63 3549 104 3588 ex
126 3548 183 3587 suo
216 3525 347 3587 nomine
380 3535 584 3607 nuncuparet
613 3534 711 3607 atquc
732 3524 764 3584 in
788 3546 823 3586 ea
847 3520 1119 3607 regnisuminam
1139 3530 1277 3584 teneret.

66 3610 243 3690 Quumque
264 3606 487 3689 auspicaretur
507 3606 663 3669 Romulus
685 3608 717 3668 in
740 3606 881 3679 Palatio,
906 3606 1024 3666 Remus
1047 3606 1080 3664 in
1104 3605 1320 3674 Aventino,2

64 3715 122 3757 sex
143 3692 303 3762 vultures,
326 3691 451 3768 pariter
464 3691 626 3769 solantes,
650 3713 666 3748 a
688 3691 817 3750 sinistra
838 3689 939 3748 Remo
962 3687 1055 3766 prius
1076 3686 1173 3759 vises,
1191 3693 1283 3744 tum-

63 3800 131 3861 que
161 3776 200 3835 ab
225 3795 263 3833 eo
285 3774 418 3846 missos,
441 3776 501 3856 qui'
519 3771 660 3835 Romulo
683 3772 881 3842 nuntiarent,
904 3770 965 3830 sibi
990 3768 1052 3832 iam
1075 3766 1147 3828 data
1169 3765 1283 3845 auspi-

68 3862 148 3929 cia,
173 3856 291 3941 quibus
313 3856 454 3917 condere
479 3859 591 3917 urbem
624 3854 815 3924 iuberetur,
847 3853 957 3933 itaque
985 3856 1165 3912 maturaret
1188 3846 1285 3910 adse

66 3943 193 4004 venire.
247 3941 422 4021 Quousque
459 3940 499 3999 ad
538 3961 609 4001 eum
639 3934 798 3999 Romulus
829 3934 989 4008 venisset,
1020 3924 1324 4016 quaesissetque,3

60 4047 229 4111 ⁴quaenam
252 4020 306 4083 illa
329 4022 472 4102 auspicia
495 4022 646 4095 fuissent,
679 4018 876 4099 dixissetque
898 4015 976 4088 ille,
1007 4017 1071 4078 sihi
1103 4016 1283 4100 auspicanti

68 4130 126 4171 sex
147 4106 308 4169 vulturios
330 4103 426 4165 simul
453 4102 658 4185 apparuisse:
692 4105 741 4163 Aa
762 4122 845 4182 ego,
878 4096 985 4179 inquit
1007 4096 1185 4172 Romulus,
1218 4099 1286 4156 ium

69 4192 134 4253 tibi
152 4190 315 4251 duedecim
337 4186 638 4259 demonstrabo·,.ac
658 4192 793 4265 repente
815 4178 986 4243 duodecim
1006 4176 1152 4244 vultures
1174 4198 1283 4261 appa·
1333 4182 1337 4191 '

70 4273 200 4348 ruisse,
227 4273 400 4333 subsecuto
432 4270 515 4331 cneii
548 4271 680 4353 fulgore
705 4268 831 4344 pariter
852 4263 1060 4347 tonitruque*
1101 4263 1186 4323 Tum
1207 4256 1326 4331 Ro-cl

70 4356 197 4430 mulus,
225 4355 311 4436 Quid
323 4402 330 4428 ,
354 4354 483 4437 inquit,
508 4361 627 4425 Reme,
650 4352 794 4431 affirmas
810 4351 947 4432 priora,
980 4368 1077 4429 quum
1100 4348 1285 4426 praesentia

70 4442 253 4504 abraaeos-is?
295 4440 413 4498 lt'emus
433 4444 607 4518 postquam
631 4432 812 4505 intellexit,
840 4450 908 4492 sese
939 4444 1039 4512 regno
1075 4424 1284 4501 fraudatum,

69 4527 200 4588 Multa,
225 4518 354 4605 inquit,
388 4525 421 4583 in
442 4520 504 4582 due
521 4519 622 4592 urbe,
656 4528 775 4578 ramere
804 4526 936 4591 sperem
964 4523 1061 4592 etque
1081 4519 1285 4588 praesumta,

57 4608 255 4690 felicissume
270 4616 468 4688 prouentum
487 4614 573 4664 suist.
616 4600 659 4663 lu
674 4624 752 4667 vero
767 4597 915 4662 Licinius
927 4590 1168 4659 natarunt,
1187 4584 1345 4657 noema
