2850 4958
451 278 576 359 aur.
601 278 723 370 unu.
746 250 838 359 uta.
862 281 910 360 11.
1246 306 1296 364 ,ει

89 470 154 511 usu
184 453 314 533 ageret,
344 445 615 533 temporibusque
645 446 795 513 insidiari
828 446 1020 523 rideretur,
1053 453 1088 511 ot
1114 442 1181 511 buc
1203 453 1304 530 atque

92 532 192 606 illuc,
223 528 309 594 undo
337 551 410 613 spes
439 530 548 595 maior
576 529 746 597 affulsisset
774 532 962 617 potentiae,
991 549 1029 596 so
1056 532 1302 614 exercitumque

92 614 292 677 dellectcret.
337 613 402 677 Sed
432 612 474 676 ad
508 614 660 679 ultimum
692 628 809 699 magno
849 616 1024 701 atrocique
1058 614 1191 697 proelio
1228 636 1305 682 cum

91 700 193 759 Cinna
219 696 379 763 conflixit.
416 697 516 761 Cuius
538 698 703 761 commissi
726 697 920 785 patratique'
942 698 1002 761 sub
1028 696 1107 781 ipsis
1130 698 1305 761 moenibus

90 781 263 865 oculisque
294 782 385 845 urbis
415 782 602 857 Romanae,
635 782 855 867 pugnantibus
886 782 1108 865 spectantibus
1133 803 1174 843 ue
1252 792 1324 843 am'

86 864 194 929 fuerit
215 872 347 927 eventus
367 865 566 941 exitiabilis,
586 865 648 941 vix¹
661 866 771 929 verbis
791 865 931 949 exprimi
953 873 1074 950 potest.
1148 874 1199 928 ost
1244 887 1303 941 oc,

87 971 194 1035 quum
213 956 388 1032 utrumque
408 947 607 1025 exercitum,
629 946 719 1012 velut
738 972 856 1034 parum
875 948 964 1012 bello
980 947 1188 1029 exhaustum,
1206 948 1304 1013 lace-

86 1042 183 1097 raret
201 1031 409 1117 pestilentia,
432 1034 490 1097 Cu.
509 1031 688 1118 Pompeius
711 1034 861 1097 decessit.
906 1032 1005 1095 Cuius
1026 1032 1305 1117 interitus-rolu-

88 1126 165 1201 ptas
176 1161 186 1192 ,
208 1115 402 1179 amissorum
423 1125 480 1179 aut
499 1116 609 1201 gladio
634 1125 692 1179 aut
711 1118 830 1180 morbo
849 1116 972 1182 olviuua
991 1138 1099 1201 ,paene
1117 1116 1234 1195 damno
1254 1138 1307 1179 re·

115 1207 225 1283 eusata
248 1207 316 1261 est:
343 1200 552 1285 populusque
572 1201 759 1279 Romanus,
787 1222 886 1284 quam
905 1200 981 1266 viro
1010 1199 1213 1264 iracundiam
1238 1200 1305 1263 de-

86 1223 222 1357 buerat,
244 1282 280 1344 iu
300 1303 421 1365 corpus
443 1284 566 1349 mortui
588 1284 740 1349 contulit.
781 1286 849 1350 Seu
870 1282 966 1359 duae,
986 1305 1045 1349 seu
1072 1288 1146 1349 tres'
1159 1284 1306 1367 Pompe-

88 1366 201 1429 iorum
232 1367 325 1428 fuere
354 1366 519 1443 familiae,
548 1368 676 1452 primus
708 1369 777 1431 eius
805 1368 970 1443 nominis,
1000 1376 1077 1432 ante
1105 1388 1207 1431 annos
1234 1370 1306 1432 fere

90 1448 266 1527 CLXVII,
285 1452 328 1531 Q.
351 1450 529 1533 Pompeius
550 1473 625 1514 cum
647 1454 704 1515 Cn.
727 1452 869 1516 Servilio
893 1450 1013 1515 Consul
1033 1452 1108 1516 fuit.
1153 1452 1254 1515 Cinna
1273 1461 1307 1514 et

89 1534 240 1606 Marius,
269 1532 358 1597 baud
388 1534 568 1597 incruentis
597 1535 764 1619 utrimque
794 1534 1026 1599 certaminibus
1048 1534 1157 1608 editis,
1178 1536 1307 1599 Urbem

90 1626 357 1763 pccuparelrunts
387 1616 446 1683 sad
469 1617 567 1703 prior
594 1618 757 1704 ingressus
778 1619 900 1695 Cinna,
921 1616 962 1683 de
983 1618 1176 1709 recipiendo
1197 1618 1305 1681 Mario

105 1701 307 1763 emm&
1289 1706 1292 1711 ’

123 1722 241 1847 ιζΧΧΙΙ.
272 1782 353 1845 Mox
384 1778 426 1845 C.
443 1782 569 1845 Marius
595 1782 755 1867 pestifero
786 1783 913 1847 civibus
941 1783 1009 1849 sais
1035 1782 1146 1857 reditu
1173 1782 1309 1848 intrusit

91 1867 237 1950 moenia.
278 1864 372 1930 Nihil
393 1864 449 1929 illa
470 1866 612 1929 victoria
633 1867 748 1930 fuisset
769 1865 954 1943 crudelius,
986 1868 1049 1930 uisi
1079 1889 1154 1931 mox
1174 1864 1308 1933 Sullana

92 1961 178 2013 esset
197 1957 325 2015 secuta:
348 1972 454 2034 neque
473 1948 606 2014 licentia
628 1951 663 2012 in
684 1949 866 2015 mediocres
885 1951 1054 2027 saevitum,
1075 1950 1133 2025 sed
1153 1951 1311 2036 excelsis·-

92 2034 170 2097 simi
190 2055 324 2118 quoque
344 2042 443 2117 atque
463 2033 710 2096 eminentissimi
739 2032 881 2096 civitatis
901 2034 965 2097 viri
992 2034 1091 2099 variis
1105 2034 1307 2119 'supplicio-

95 2138 170 2181 rum
197 2117 371 2203 generibus
399 2116 517 2181 affecti.
568 2118 609 2180 In
635 2118 678 2180 iis
708 2117 829 2181 Consul
858 2117 1032 2192 Octavius,
1065 2117 1118 2181 sir
1149 2118 1309 2184 lenissimi

93 2200 194 2263 animi
206 2246 216 2277 ,
238 2200 327 2262 iussu
350 2200 471 2262 Cinnae
490 2201 681 2263 interfectus
703 2209 763 2263 est.
807 2200 933 2264 Merula
954 2211 1083 2276 autem,
1107 2202 1170 2285 qui
1192 2204 1227 2264 sc
1246 2202 1308 2263 sub

92 2283 268 2349 adrentum
291 2284 412 2346 Cinnae
435 2282 613 2346 Consulatu
634 2281 862 2359 abdicaverat,
889 2284 999 2349 incisis
1019 2285 1128 2359 renis,
1152 2288 1311 2367 superiu-

93 2388 197 2451 soque
218 2365 376 2430 altaribus
396 2370 563 2452 sauguine,
585 2388 670 2453 quos
689 2388 787 2450 saepe
806 2389 868 2453 pro
890 2366 993 2431 salute
1015 2366 1228 2452 Reipublicae
1247 2368 1312 2431 ila-

91 2472 170 2512 men
189 2444 295 2512 Dialis
315 2459 467 2533 precatus
489 2454 672 2531 eratDeos,
691 2471 747 2513 eos
769 2450 804 2512 in
819 2451 1075 2517 exsecrationem
1093 2450 1214 2514 Cinnae
1227 2472 1311 2534 par-

90 2532 243 2617 ¹tiumque
265 2533 334 2594 aius
354 2542 425 2595 tum
445 2541 610 2616 precatus,
632 2535 759 2617 optime
777 2533 819 2597 de
833 2533 1014 2617 Republica
1035 2536 1190 2599 meritum
1207 2535 1313 2619 spiri-

91 2625 166 2677 tum
186 2616 342 2680 reddidit.
372 2620 419 2681 Μ.
439 2618 622 2693 Antonius,
642 2618 798 2703 princeps
817 2619 959 2683 civitatis
977 2626 1077 2703 atque
1090 2618 1311 2703 eloquentiae,

114 2698 213 2762 ladiis
241 2699 406 2775 militum,
438 2721 522 2786 quos
551 2700 641 2783 ipsos
671 2700 823 2765 facundia
853 2722 911 2763 sua
931 2713 1078 2766 moratus
1100 2704 1192 2777 erat',
1219 2703 1312 2764 iussu

90 2722 195 2851 ilarii
217 2783 403 2864 Cinnaeque
423 2786 590 2847 confossus
611 2792 671 2847 est.
712 2785 756 2863 Q·
780 2784 923 2859 Cttulas,
946 2794 979 2847 et
999 2784 1137 2851 aliarum
1151 2786 1314 2852 virtutum

93 2864 129 2931 et
153 2862 234 2926 belli
257 2863 414 2925 Cimbrici
434 2866 562 2949 gloria,
584 2888 668 2949 quae
689 2866 739 2929 illi
761 2887 836 2927 oum
858 2867 964 2931 Mario
987 2872 1169 2933 communis
1187 2866 1311 2942 ¹fuerat,

92 2946 342 3024 celeberrimus,
364 2968 466 3031 quum
487 2944 528 3008 ad
549 2957 691 3015 mortem
710 2950 976 3030 conquireretur,
997 2952 1159 3015 conclusit
1172 2975 1207 3025 se
1219 2953 1313 3032 loco,

92 3048 203 3115 nuper
224 3028 313 3093 ealce
333 3050 497 3115 arenaque
516 3028 686 3113 perpolito
696 3075 707 3107 ,
729 3030 889 3116 illatoque
911 3034 1000 3115 igni,
1033 3036 1090 3116 qui
1111 3036 1178 3096 vim
1198 3034 1313 3097 odoris

95 3115 275 3187 excitaret,
297 3114 396 3176 simul
416 3111 541 3177 exitiali
562 3113 682 3177 hausto
703 3112 836 3214 spiritu,
859 3112 959 3177 simul
976 3114 1101 3179 incluso
1123 3112 1197 3191 suo,
1217 3137 1313 3178 mor-

93 3208 163 3261 tem
183 3198 285 3281 magis
307 3205 409 3273 voto,
457 3218 530 3259 uam
551 3196 693 3279 arbitrio
716 3195 929 3275 suimIcorum
951 3197 1047 3261 obiit.
1079 3197 1198 3262 Omnia
1219 3208 1314 3279 erant

92 3282 291 3367 praecipitia
313 3280 449 3367 inliepu
474 3280 560 3343 lica:
583 3300 645 3343 nec
664 3288 774 3343 tamen
794 3278 902 3363 adbuc
922 3280 1094 3367 quisquam
1115 3282 1314 3347 invenieba-

94 3376 172 3440 tur,
205 3364 263 3449 qui
293 3364 381 3426 bona
410 3363 661 3449 civis.Itomaui
690 3371 749 3425 aut
774 3360 899 3427 donare
928 3363 1084 3442 auderet,
1115 3376 1172 3431 aut
1196 3364 1312 3453 petere

94 3450 281 3512 sustineret.
310 3448 429 3511 Postea
450 3448 485 3513 id
505 3468 640 3533 quoque
658 3446 809 3527 aoeoesit,
832 3454 870 3509 ut
888 3442 1044 3511 saevitiae
1064 3472 1211 3531 caussam
1232 3473 1313 3514 aaa·

94 3532 176 3597 ritia
195 3532 391 3615 praeberet,
421 3539 455 3593 et
480 3531 604 3595 modus
619 3527 733 3615 culpae
754 3550 793 3592 ex
812 3531 971 3615 pecuniae
991 3531 1092 3596 modo
1121 3530 1313 3611 coustitue-¹

95 3624 213 3689 retur3
235 3623 269 3676 at
288 3616 345 3701 qui
366 3613 482 3681 fuisset
500 3613 669 3701 locuples,
699 3610 793 3676 fieret
812 3635 956 3690 nocens,
986 3614 1037 3678 sui
1084 3618 1196 3701 uisque
1217 3616 1313 3700 peri-

96 3696 167 3763 culi
187 3719 333 3777 merces5
365 3720 425 3769 neo
456 3696 637 3787 quidquam
663 3695 833 3785 videretur
851 3706 969 3787 turpe,
994 3635 1084 3783 quod
1104 3708 1189 3763 esset
1207 3722 1313 3785 quae-

94 3792 257 3845 stuosum.
640 3843 644 3853 ,
783 3848 786 3853 ,
858 3822 862 3827 -

102 3876 106 3883 '
139 3863 265 3925 XXIII.
305 3860 504 3929 Secundum
521 3860 640 3928 deinde
664 3860 876 3925 Consulatum
907 3862 1031 3939 Cinna,
1070 3872 1103 3925 et
1135 3864 1312 3949 'septimum

97 3948 224 4019 Marino
252 3946 286 4009 iu
313 3949 465 4032 priorum
491 3945 631 4011 dedecus
658 3944 745 4008 iniit.
789 3943 887 4006 Cuius
908 3944 1003 4007 initio
1025 3945 1314 4029 morbo'oppres-

96 4030 153 4094 'sus
174 4030 334 4107 decessit,
358 4030 409 4094 vir
430 4028 571 4099 inbelle
593 4028 762 4101 hostibus,
786 4028 821 4087 in
842 4026 912 4089 otio
931 4028 1056 4105 civibus
1072 4027 1310 4113 infestissimus,

124 4116 286 4199 uietisque
315 4114 626 4199 impatientissimus.
644 4186 647 4195 Ι
667 4112 709 4173 Iu
737 4110 836 4172 buius
854 4106 966 4171 locum
987 4110 1137 4177 suffactus
1160 4113 1313 4197 Valerius

96 4138 258 4274 dirceus,
281 4198 489 4283 turpissimae
509 4192 747 4281 legissuctor,
781 4214 845 4277 qua
866 4177 1079 4283 creditoribus
1100 4194 1314 4282 quadrantem

96 4284 185 4347 solvi
211 4284 367 4345 iusserat:
404 4281 497 4344 onius
523 4278 604 4343 faeti
633 4276 753 4345 merita
782 4296 857 4339 eum
885 4295 992 4361 poena
1027 4277 1125 4341 intra'
1141 4278 1314 4347 biennium

98 4374 273 4429 consecuta
292 4374 357 4434 est.
398 4363 598 4429 Dominante
620 4358 769 4429 initalia
791 4359 913 4434 Cinna,
936 4356 1042 4423 maior
1061 4361 1312 4443 persuabilita-

97 4450 142 4512 tis
164 4446 206 4509 ad
227 4446 349 4511 Sullam
376 4449 409 4509 in
437 4446 616 4520 Achaiam,
647 4466 687 4509 so
711 4440 831 4510 deiude
859 4451 936 4525 post
959 4443 998 4505 1'11
1024 4442 1133 4527 Atiam
1153 4448 1311 4529 perfugii.

98 4530 191 4595 Sulla
213 4529 343 4595 iuterim
369 4554 444 4594 cum
470 4527 673 4599 Mlthridatis
694 4524 869 4607 praelectis
895 4524 983 4593 eirca
1002 4524 1147 4611 Athenas
1167 4530 1313 4594 Boeoti-

99 4636 218 4701 amque
249 4620 283 4679 et
307 4614 533 4683 Macedoniam
558 4612 606 4681 ita
633 4607 823 4689 dimicarit,
851 4616 890 4674 ut
909 4617 942 4674 at
962 4608 1105 4677 Athenas
1126 4602 1315 4697 s'a'ciparar.
