2850 4958
158 270 229 361 ato
535 264 577 339 a.
604 262 787 342 anuas:
812 260 964 339 suom

149 432 226 496 hoo.
235 432 341 496 viram
362 425 481 491 medici
497 426 621 491 slolare
634 426 798 491 fomentis.
826 418 888 487 illa
900 441 1024 508 passus,
1039 421 1117 487 dum
1131 420 1355 499 abscederent,

149 513 285 581 rescidit
309 512 437 598 plagas:
470 520 644 595 secutaque
671 510 704 572 vi
734 508 914 595 sanguinis,
947 506 1160 569 moribundas
1191 529 1311 581 manas
1328 508 1356 569 la

109 600 223 691 pdipso
245 594 378 659 vulnere
399 592 546 678 reliquit.
589 592 689 673 Quasi
712 614 778 657 uon
800 600 883 654 esset
911 612 1046 674 usquam
1078 590 1298 665 dimicatum,
1318 588 1357 651 sis

150 701 239 743 arma
260 700 372 743 rursus
394 687 426 740 et
445 686 575 761 partes:
598 685 787 760 quantoque
806 674 918 738 Africa
940 694 1038 757 supra
1064 672 1271 735 Thessaliam
1290 674 1357 746 fuit,

108 758 242 854 74tanto
274 760 417 829 Africam
450 761 624 844 superabat
644 759 813 841 Hispania.
855 756 1037 819 Plurimum
1083 766 1220 818 uantum
1243 756 1358 819 favoris

148 843 298 929 partibus
325 845 423 907 dabat
447 844 633 907 fraternitas
655 842 796 917 ducum,
827 848 860 903 et
880 861 942 925 pro
965 860 1032 902 uno
1054 780 1119 903 aluo
1142 849 1235 902 stare
1254 840 1357 901 Pom·

147 926 253 1010 peios.
295 928 410 1009 ltaque
429 949 587 1011 nusquam
607 926 752 988 atrocius
771 946 831 987 nec
850 933 916 985 tam
938 922 1074 1005 ancipiti
1093 926 1202 985 Marte
1219 944 1358 987 concur·

108 1008 222 1103 75sum
244 1020 303 1073 est.
344 1010 492 1073 Primum
514 1010 641 1091 inipso
664 1010 747 1072 ostio
770 1008 893 1069 Oceani
917 1004 1025 1069 Varus
1045 1007 1236 1089 Didiusque
1253 1004 1359 1091 Legati

152 1090 350 1169 conflixere:
381 1093 436 1155 sed
457 1093 562 1156 acrius
583 1093 647 1154 fuit
667 1113 738 1155 cum
762 1092 834 1175 ipso
856 1088 957 1166 mari,
980 1111 1075 1173 quam
1099 1090 1186 1151 inter
1209 1110 1246 1152 se
1265 1090 1358 1153 nasi·

152 1175 213 1238 bus
234 1176 373 1239 bellum:
396 1176 557 1259 siquidem
581 1174 686 1257 [velut
704 1176 853 1237 furorem
879 1172 1018 1236 civicum
1041 1173 1239 1317 castigaretg
1258 1173 1360 1235 Ocea-

110 1257 211 1344 76nus
240 1268 412 1342 utramque
440 1258 572 1319 classem
599 1259 768 1343 naufragio
792 1254 923 1320 cecidit.
967 1256 1108 1335 Quinam
1136 1254 1193 1317 ille
1243 1278 1358 1333 orror,

150 1364 251 1425 quum
281 1341 397 1404 eodem
428 1350 578 1424 tempore
607 1342 747 1415 fluctus,
773 1336 961 1424 procellae,
993 1338 1078 1413 viri,
1106 1360 1228 1413 naves,
1250 1362 1358 1401 arms·

151 1418 259 1490 menta
290 1420 525 1523 confligerent!
569 1422 662 1486 Adde
692 1425 772 1485 situs
798 1422 900 1504 ipsius
929 1422 1163 1496 formidinem,
1195 1420 1357 1507 vergentia

150 1506 337 1583 inunum,
366 1506 446 1569 hinc
478 1506 676 1588 Hispaniae,
708 1506 784 1568 inde
811 1504 1032 1567 Mauretaniae
1051 1504 1192 1580 littora,
1224 1512 1358 1567 marea

156 1590 345 1652 intestinum
396 1598 430 1652 et
469 1598 659 1663 externum,
702 1588 970 1671 imminentesque
1007 1587 1158 1650 Herculis
1197 1588 1356 1672 speculas:

136 1690 252 1755 qaam
283 1671 391 1734 omnia
423 1672 568 1754 undique
597 1669 694 1733 simul
723 1670 855 1755 proelio
896 1678 931 1730 et
964 1678 1156 1754 tempestate
1191 1674 1353 1735 saevirent

107 1754 232 1843 77Mox
252 1755 339 1818 circa
361 1754 550 1829 obsidiones
571 1753 704 1816 urbium
723 1754 891 1838 utrimque
904 1751 1086 1817 discursum
1108 1762 1172 1815 est:
1197 1776 1285 1839 qaae
1302 1754 1355 1817 mi·

128 1858 242 1983 Ιδὶιξπιιιεε
262 1838 350 1980 inger
369 1835 432 1935 bos
452 1846 553 1980 atquq
572 1836 646 1899 illos
667 1836 765 1981 duops
787 1838 951 1981 societathiq
968 1836 1281 1982 quanqqpoenas
1299 1836 1352 1901 da-
1382 1824 1388 1881 l

174 1942 241 1982 an.
325 1941 448 1981 mnium
503 1941 591 1981 osre
672 1942 728 1982 cer
743 1942 886 1981 amanum
955 1943 997 1981 un
1021 1943 1050 1982 a.
1138 1941 1168 1982 sc
1201 1943 1273 1983 non
1319 1940 1349 1983 ra

108 1940 259 2065 ⁷aetera
290 1941 564 2077 felicitate,psed¹
590 1943 705 2084 llslrsps
737 2002 792 2065 diu
825 2011 858 2063 et
884 1994 979 2066 triste
1000 2000 1189 2087 proelium:
1214 2012 1251 2067 at
1270 1942 1348 2089 pllst

108 2082 319 2173 yqsidcrstnr
347 2086 457 2145 nescio
490 2084 569 2169 quid
599 2082 782 2147 deliberare
813 2084 970 2149 Fortuna.
1022 2086 1106 2147 Sane
1137 2094 1167 2147 et
1200 2088 1273 2171 ipae
1291 2094 1347 2149 aatt
1373 2072 1388 2131 l*

153 2166 257 2229 aciem
286 2167 447 2229 moestior
476 2190 542 2229 non
575 2188 613 2229 ex
641 2189 733 2229 more
755 2169 892 2243 Caesar,
915 2171 981 2231 sire
1003 2178 1154 2250 respectu
1175 2168 1345 2255 fragilitats
1371 2153 1388 2195 δ’

152 2248 324 2323 laumense,
347 2248 414 2311 sive
434 2250 565 2311 nimiam
590 2272 825 2334 prosperorum
849 2261 1028 2332 suspectam
1044 2252 1166 2313 babens
1182 2254 1343 2315 continua·
1369 2234 1388 2276 ²¹

151 2330 297 2411 tionem:
320 2330 372 2393 vel
393 2331 502 2393 eadem
526 2334 664 2407 timens,
685 2344 858 2418 postquam
881 2336 966 2398 idem
989 2356 1056 2397 esse
1078 2344 1254 2419 coeperat,
1275 2330 1343 2421 qual

109 2412 341 2501 boPompeius'.
382 2413 445 2475 Sed
467 2415 500 2477 in
523 2416 594 2497 ipso
616 2416 769 2496 proelio,
802 2417 888 2501 quod
911 2440 1006 2480 namo
1028 2441 1183 2503 umquam
1206 2422 1343 2481 memiaa·
1375 2464 1380 2479 .

151 2506 360 2642 remquam
391 2497 448 2560 diu
479 2500 553 2579 pari
585 2500 690 2559 Marte
712 2500 796 2562 acies
818 2500 902 2563 nihil
923 2500 1012 2563 aliud
1033 2524 1130 2584 quam
1152 2502 1342 2577 occiderent,
1383 2492 1388 2522 ⁴

109 2578 240 2726 alisi
242 2600 259 2641 ⁰
277 2580 1343 2748 ::.::‘¹:.:.:.::r³¹5:¹1::22:.¹::::.::‘:.::⁰s:2:¹2:
1383 2631 1388 2687 ³

145 2707 443 2807 ‚illud'inusitatum
466 2746 610 2808 Caesaris
632 2747 737 2811 oeulis
761 2751 867 2812 nefas:
889 2759 967 2833 post
987 2714 1239 2834 quatuordeeim
1265 2766 1343 2815 annot
1371 2734 1388 2771 ⁹¹

149 2826 295 2970 probata
310 2837 542 2890 veteranorum
562 2850 676 2901 manus
695 2831 830 2919 gradum
853 2842 943 2895 retro
966 2831 1075 2895 dedit:
1099 2854 1182 2917 quos
1204 2834 1264 2897 etsi
1284 2854 1344 2897 noa

174 2932 228 2975 uns
255 2912 427 2996 fugerant,
456 2904 635 2993 apparebat
662 2922 770 2976 tamen
799 2916 928 2999 pudore
955 2917 1076 2999 magis,
1114 2940 1212 3001 quam
1242 2918 1344 2981 virtut:

1369 2318 1385 2359 a

109 2988 313 3077 8ar'esistere.
357 2993 472 3077 Itaque
502 2991 575 3070 ille,
608 2996 758 3082 ablegato
784 3021 888 3144 equo,
916 2998 1032 3063 similis
1052 3001 1200 3077 furenti,
1224 3003 1345 3085 primas

151 3072 186 3135 in
207 3072 310 3143 aciem
329 3076 513 3158 procurrit.
557 3078 610 3142 Ibi
630 3102 786 3163 prensare
822 3082 986 3166 ugientes,
1011 3082 1208 3149 confirmare
1226 3108 1288 3170 per
1306 3093 1346 3145 to·

108 3152 218 3243 83tum
243 3158 384 3243 denique
406 3182 520 3243 agoten
545 3161 671 3238 oculis,
694 3163 861 3240 manibus,
884 3164 1027 3229 clamore
1047 3166 1200 3232 volitare.
1232 3168 1349 3233 Dicitur

148 3239 183 3301 in
206 3222 263 3331 illu
282 3242 587 3329 perturbationeet
612 3244 652 3306 de
678 3248 830 3310 extremis
851 3248 986 3330 agitasse
1009 3270 1137 3326 secam,
1161 3260 1195 3314 et
1218 3253 1266 3314 ita
1285 3274 1347 3315 ma·

146 3318 268 3397 nifasto
295 3323 387 3384 vultu
417 3324 538 3400 fuisse,
566 3326 667 3409 quasi¹
686 3348 848 3411 occupare
875 3338 1015 3394 mortem
1038 3356 1134 3396 mana
1156 3335 1277 3411 vellet:
1297 3330 1347 3397 uisi

134 3402 302 3475 cobortes
334 3402 478 3467 hostium
508 3407 659 3491 quinque
681 3430 743 3490 per
772 3418 987 3475 transversam
1018 3415 1121 3480 aciem
1142 3428 1255 3494 acue,
1284 3434 1348 3503 quo

145 3484 308 3547 Labienus
331 3487 598 3568 periclitantibus
618 3493 732 3552 cast-ris
753 3493 898 3557 subsidio
921 3497 1072 3572 miserat,
1101 3501 1243 3583 speciem
1266 3502 1349 3585 fugat

104 3562 384 3653 &praebuissent
428 3572 501 3637 Hoc
523 3574 581 3656 sul
601 3573 725 3657 et'ipse
745 3576 908 3653 credidit,
931 3590 987 3643 aut
1011 3580 1077 3643 dux
1098 3584 1235 3648 callidus
1266 3606 1347 3647 arra·

145 3648 221 3733 pult
251 3650 287 3743 iq
318 3653 543 3739 occasionem:
582 3658 729 3739 ethuasi
762 3661 794 3727 in
823 3663 982 3744 fugientes
1015 3664 1178 3742 invectas,
1211 3666 1349 3731 simulat
1381 3700 1385 3709 v

145 3750 282 3819 sucrum
307 3736 412 3821 erexit
436 3735 570 3815 animos,
593 3748 626 3800 et
644 3740 756 3804 hostes
775 3744 929 3827 perculit.
969 3748 1052 3815 Nam
1075 3748 1122 3824 hi,
1146 3751 1225 3813 dum
1247 3772 1350 3833 sepa·

145 3822 217 3903 tant
240 3814 388 3903 vincere,
403 3820 524 3881 fortius
544 3824 649 3905 sequi3
671 3824 877 3908 Pompeiani,
893 3828 970 3891 dum
986 3832 1100 3907 fugere
1114 3835 1255 3897 credunt
1271 3852 1347 3905 suos,

104 3888 265 3996 85fugere·
282 3911 475 3981 coeperunt.
519 3904 648 3983 Quanta
668 3909 769 3977 fuerit
790 3910 935 3975 hostium
958 3914 1090 3988 caedes,
1116 3916 1165 3977 ira
1189 3918 1351 4001 rabiesque
1387 3980 1388 3994 ,

145 3978 350 4065 victoribus,
373 3982 451 4047 hinc
472 3988 636 4063 aestimari
658 4000 781 4074 potest,
804 3994 893 4077 qaod
914 4017 930 4055 a
952 3994 1085 4075 proelio
1105 4002 1241 4087 profugi
1258 4018 1349 4085 quun

100 4064 104 4081 ¹
145 4074 181 4120 se
201 4058 358 4147 Mundam
378 4068 596 4153 recepissent,
630 4082 662 4133 et
684 4070 799 4137 Caesar
822 4076 966 4141 obsideri
986 4080 1094 4142 statim
1116 4083 1222 4145 victos
1246 4084 1349 4169 impa-

146 4151 269 4231 rasset,
301 4150 463 4231 congestis
491 4155 702 4227 cadaveribus
724 4156 823 4241 'agger
843 4159 973 4223 effectus
997 4173 1065 4237 est,
1097 4187 1180 4247 quae
1201 4166 1280 4250 pilis
1302 4168 1349 4229 ia*

144 4220 292 4317 culisque
319 4228 446 4295 confixa
472 4234 559 4298 inter
579 4257 612 4297 se
633 4236 840 4303 tenebantur.
881 4243 1028 4315 Foedum
1051 4247 1148 4309 etiam
1171 4249 1206 4311 in
1231 4250 1349 4313 barba·

102 4300 217 4369 tertul·
253 4307 317 4395 Sed
347 4304 500 4379 videlicet
534 4318 709 4401 victoriam
746 4323 994 4407 desperantibus
1033 4328 1186 4413 Pompeii
1220 4331 1349 4405 liberis,

143 4390 285 4483 Gnaeum
305 4388 435 4475 proelio
457 4398 654 4485 profugum,
675 4425 775 4477 crure
801 4408 967 4486 sauciam,
991 4411 1117 4473 deserta
1139 4422 1172 4475 et
1193 4416 1267 4478 avia
1289 4436 1349 4497 pe·

143 4478 302 4549 tentem„
320 4476 497 4543 Caesonius
519 4486 606 4567 apud
637 4488 820 4555 Lauronem
855 4486 1014 4573 oppidum
1041 4506 1256 4575 consecutus,
1285 4502 1349 4582 pu-

91 4550 409 4639 ¹873nartem1adeo
430 4564 580 4655 arandum¹
601 4567 813 4659 desperabat]
832 4573 998 4667 interficit.
1041 4578 1178 4647 Sextum
1209 4582 1351 4665 Fortun·
