2850 4958
382 614 1017 797 agustinus-rs,
1105 627 1124 702 Ψ
1271 624 1281 703 s

441 780 761 951 birrpaoroar,
789 853 891 929 1²10,
935 881 939 887 ·
977 942 982 947 ,
1274 940 1280 947 ,

244 1006 539 1101 Purpurea,
589 956 789 1082 saurus
836 1001 1118 1129 auruspo,
1157 986 1189 1022 ·'
1273 1014 1280 1113 ss

71 1186 539 1377 saurus
600 1195 998 1382 seuerus¹
1070 1154 1283 1308 tto

481 1476 484 1481 .
865 1466 868 1471 ·
1277 1460 1281 1474 Ι

666 1496 683 1514 0
951 1504 954 1509 >
1053 1506 1056 1511 .

69 1652 102 1714 1.
123 1577 300 1740 Brevem
321 1646 395 1719 fleri
415 1634 590 1721 clement—ia¹
606 1664 664 1720 tue
683 1649 867 1740 praecepit.
905 1650 1037 1718 Parebo
1056 1649 1163 1713 libens
1179 1669 1289 1734 prae·

71 1745 177 1820 ceptis
201 1740 284 1812 tuis3
312 1720 440 1822 quippe
461 1741 514 1804 cui
537 1740 620 1803 desit
641 1741 777 1803 facultas
798 1741 896 1804 latius
918 1734 1112 1818 eloquendi,
1141 1752 1288 1797 ac.mo-·

71 1826 143 1883 re'm
173 1832 302 1882 secutus
334 1823 589 1898 calculatorum,
620 1825 676 1908 qui
710 1825 856 1909 ingentes
877 1841 1020 1889 summas,
1037 1838 1112 1878 sere
1138 1816 1288 1891 breviori

74 1905 284 1986 exprimunt,
306 1927 358 1966 res
378 1916 483 1988 gestus
503 1907 661 1992 signabo,
681 1928 750 1968 non
771 1907 919 1989 eloquar.
962 1901 1085 1984 Accipe
1106 1923 1198 1986 ergo,
1221 1923 1288 1985 quo

71 1987 222 2050 breviter
240 1989 328 2049 dicta
348 1989 480 2052 brevius
500 1996 753 2072 compulsatum
775 1999 814 2052 ut
834 2009 935 2051 annos
956 1994 990 2048 et
1012 1994 1151 2047 aetatem
1170 1986 1291 2068 Reipu-

71 2071 201 2144 blicae,
234 2093 271 2133 ac
301 2076 473 2153 praeteriti
502 2076 589 2155 fecta
619 2074 780 2155 temporis
806 2074 880 2135 ‘non
900 2081 967 2133 tum
986 2068 1119 2156 legere,
1143 2068 1291 2154 glorioso

73 2152 258 2236 Princeps,
275 2176 372 2234 quam
393 2154 565 2220 numerare
584 2158 738 2223 videaris.
839 2195 844 2208 ·
1159 2174 1163 2203 '-
1239 2189 1240 2192 ¹

119 2240 164 2299 11.
193 2239 244 2299 Ab
278 2238 369 2300 llrbe
398 2238 526 2325 [igitur]
558 2243 689 2305 condita
712 2241 746 2301 in
768 2249 880 2302 ortum
900 2236 1289 2310 Perennitatisvestrae,

76 2345 143 2404 quo
166 2323 357 2404 prosperius
389 2326 543 2404 [factum]
574 2324 751 2407 imperium
769 2324 952 2389 Romanum
973 2323 1186 2393 sortitus'es,
1215 2320 1291 2383 anni

74 2416 290 2467 numerantur
313 2405 403 2468 mille
424 2416 551 2470 eentum
575 2417 607 2468 et
629 2415 769 2489 septem..
807 2405 875 2466 Sub
897 2403 1039 2486 Regibus
1060 2402 1192 2479 placenti
1214 2426 1294 2485 qua·

78 2489 228 2572 draginta
255 2498 341 2549 tres:
374 2488 433 2551 sub
466 2490 662 2553 Consulibus
693 2485 1121 2572 quadringentisexaginta
1144 2493 1309 2568 septemt'

77 2573 137 2633 sub
170 2570 429 2656 imperatoribus
462 2571 691 2656 quadringenti
721 2580 857 2654 septem.
910 2571 1137 2655 Regnaverunt
1165 2570 1293 2639 Romae

103 2678 140 2718 er
170 2675 271 2716 annos
301 2652 458 2716 ducentos
490 2656 704 2757 quadraginta
732 2664 820 2729 tres,
855 2656 957 2738 Reges
985 2675 1123 2717 numero
1155 2662 1293 2736 septem.

75 2679 236 2805 llomulus
267 2739 415 2821 regnavit
441 2740 576 2822 triginta
608 2751 750 2824 septem:
783 2740 979 2812 Senatores,
999 2758 1062 2821 per
1083 2739 1201 2822 quinos
1223 2736 1292 2803 dies
1340 2793 1342 2797 .

75 2822 219 2906 singuli,
253 2843 371 2883 annum
401 2841 522 2884 unum:
560 2824 666 2885 Numa
702 2822 909 2906 Pompilius,
942 2842 1043 2884 annos
1077 2822 1293 2906 quadraginta

77 2917 166 2970 tres:
191 2904 306 2964 Tullus
328 2906 506 2978 Hostilius,
525 2928 631 2969 annos
651 2907 787 2988 triginta
812 2905 914 2969 duos:
938 2906 1046 2969 Ancus
1067 2907 1222 2976 Marcius,
1239 2927 1295 2977 an,-

77 3013 140 3054 nos
161 2989 277 3072 viginti
301 2998 463 3068 quatuor:
488 2990 687 3073 Tarquinius
708 2990 853 3064 Priscus,
876 3011 976 3051 annos
997 2990 1140 3071 triginta¹
1155 2997 1292 3071 septem:

73 3076 212 3144 ¹Servius
238 3072 377 3145 Tullius,
401 3096 501 3135 annos
523 3074 735 3156 quadraginta
759 3084 921 3157 quatuor:
946 3074 1145 3156 Tarquinius
1166 3073 1295 3149 Super‘.

74 3161 142 3226 bus
164 3180 263 3240 regno
297 3157 447 3243 expulsus
469 3165 517 3218 est
541 3180 626 3218 anno
648 3157 956 3241 vicesimoquinto.
998 3159 1153 3221 Consules
1175 3153 1294 3220 deinde

76 3246 214 3306 fuerunt
238 3263 257 3300 a
286 3243 390 3303 Bruto
419 3247 452 3302 et
476 3239 651 3323 Poplicola
682 3241 715 3302 in
746 3240 885 3304 Pansam
907 3249 939 3303 et
959 3241 1123 3315 Hirtium,
1154 3260 1292 3305 numero

80 3344 273 3397 ccecruvn,
293 3333 426 3407 praeter
447 3341 522 3393 eos,
545 3325 602 3409 qui
626 3323 659 3386 in
681 3323 819 3386 eundem
841 3322 961 3399 annum
982 3335 1072 3389 sorte
1092 3326 1201 3405 aliqua
1218 3329 1295 3389 sunt

78 3406 274 3488 subrogati,
295 3430 356 3489 per
375 3430 476 3469 annos
498 3407 752 3492 quadringentos
773 3408 937 3492 sexaginta
958 3419 1095 3492 septem.
1137 3410 1292 3491 Quadra*

81 3490 175 3573 ginta
196 3509 313 3550 novem
333 3491 427 3552 annis·
443 3493 566 3552 Romae
588 3491 742 3553 Consules
763 3492 957 3556 defuerunt:
984 3494 1044 3556 sub
1065 3495 1290 3568 Decemviris,
1397 3508 1400 3512 ’

77 3574 177 3656 nanis
198 3570 344 3648 duobus,
372 3575 432 3636 sub
459 3575 616 3645 Tribunis
640 3575 803 3652 militum,
826 3577 916 3640 annis
937 3575 1151 3660 quadraginta
1172 3579 1292 3640 trihus.

74 3657 163 3729 Sine
193 3656 433 3738 magistratibus
463 3660 566 3720 Roma
592 3658 655 3728 fuit
680 3660 771 3721 annis
802 3671 956 3738 quatum.
999 3656 1290 3740 Imperatores'ub

84 3740 268 3817 Octaviano
301 3743 434 3802 Caesare
455 3743 602 3821 Augusto
626 3763 727 3824 usque
748 3742 788 3804 ad
809 3745 978 3807 lovianum
1000 3746 1133 3807 fuerunt
1153 3765 1289 3809 numero

81 3824 298 3912 quadraginta
320 3834 480 3905 quatuor,
502 3847 563 3904 per
582 3846 682 3886 annos
703 3825 957 3908 quadringentos
978 3835 1113 3908 septem.
1205 3890 1209 3895 .

127 3911 189 3970 lll.
220 3908 288 3970 Sub
310 3908 362 3971 his
384 3909 486 3988 igitur
509 3908 614 3969 tribu's
637 3907 816 3990 imperandi
843 3913 1033 3993 generibus,
1058 3910 1124 3975 hoc
1146 3919 1215 3987 est,
1236 3933 1294 3979 rer

81 3997 164 4081 gio,
188 3993 373 4065 consulari,
392 4001 430 4051 et
452 3991 679 4066 imperatorio,
703 4001 858 4075 quantum
882 3997 985 4057 Roma
1006 3997 1198 4077 profecerit,
1212 3996 1295 4058 bre*-

81 4081 170 4142 vitor
191 4066 376 4138 intimabol’
407 4074 474 4136 Sub
496 4074 638 4151 Regibus
658 4085 800 4159 septem,
822 4100 884 4160 per
904 4100 1005 4140 annos
1027 4077 1183 4143 ducentos
1205 4102 1295 4150 quu-

83 4163 234 4243 draginta
258 4171 337 4232 tres,
359 4180 425 4218 non
447 4158 596 4238 amplius,
620 4182 716 4242 quam
739 4181 840 4240 usque
864 4162 906 4225 ad
925 4163 1065 4224 Portum
1086 4164 1297 4248 atqus*0sti·-

83 4268 161 4315 am,
190 4246 272 4305 intra
301 4251 452 4306 octavum
478 4243 638 4305 decimum
660 4244 849 4306 milliarium
871 4268 889 4307 a
909 4247 1017 4326 portis
1039 4247 1130 4309 urbis
1152 4248 1295 4324 Romae,

84 4337 206 4410 utpote
237 4327 343 4388 adhuc
363 4349 483 4407 paruae
506 4336 537 4386 et
561 4349 579 4387 a
600 4329 787 4407 pastoribus
810 4329 984 4399 conditae,
1017 4351 1116 4410 quum
1141 4328 1297 4397 finitimae

85 4414 214 4476 circum
236 4412 381 4472 civitates
401 4417 607 4492 premerent,
634 4409 814 4473 Romanum
832 4412 995 4492 processit
1018 4413 1202 4488 imperium.
1228 4415 1296 4478 Sub

88 4493 308 4563 Consulibus,
331 4496 417 4555 inter
439 4516 522 4577 quos
543 4514 787 4568 nonnumquam
809 4503 841 4556 et
863 4498 1050 4560 Dictatores
1070 4498 1214 4570 luerunt,
1238 4520 1299 4581 per

88 4601 192 4659 anuos
214 4578 312 4655 simul
332 4579 586 4664 quadringentos
605 4577 769 4663 sexaginta
791 4588 927 4665 septem,
948 4603 1050 4664 usque
1071 4589 1159 4646 trans
1174 4582 1299 4649 Padum
