2850 4958
262 271 333 347 ns
362 266 680 349 cumeanus.
710 269 820 356 cnr.
851 270 907 349 n.
933 280 1000 373 ιφ
1017 292 1084 385 so.
1219 292 1292 377 2„

92 438 233 511 derant,
257 436 435 518 Septimius
456 434 613 510 Severus,
638 435 695 519 qui
716 437 805 498 forte
820 433 937 518 Syriae
949 432 1085 519 Legatos
1098 435 1133 498 in
1147 441 1301 503 extremis

91 524 193 589 terris
226 520 348 583 bellum
382 521 538 603 gerebat,
576 521 762 600 Imperator
778 565 781 571 .
796 527 946 592 creatus,
979 529 1111 600 pontem
1140 524 1303 604 'proxime

90 605 243 667 Milvium
268 601 338 664 acie
365 602 505 678 devicit3
541 602 715 686 missique,
745 602 803 686 qui
829 602 1008 688 fugientem
1029 602 1298 690 insequerentur,

91 688 181 773 apud
201 686 359 774 palatium
383 687 507 749 Romae
532 687 781 749 obtruncavere.
1259 718 1263 735 ι

472 927 473 930 ¹
528 898 755 966 curor
795 894 906 981 xx„

453 1054 694 1139 URPTIHdUfl
730 1056 935 1101 sursus.

134 1188 243 1274 Igitur
275 1185 470 1271 Septimius,
503 1188 685 1251 Pertinacis
714 1209 816 1263 nece,
845 1186 942 1249 simul
970 1185 1168 1272 flagitiorum
1198 1185 1301 1266 odio,

89 1272 211 1336 dolore
234 1282 330 1355 atque
353 1273 400 1332 ira
422 1273 644 1348 commotior,
670 1271 825 1335 cobortes
845 1270 1027 1353 praetorius
1051 1275 1160 1335 statim
1184 1275 1302 1337 militia
1380 1300 1385 1319 ι

89 1356 450 1438 exemit-,cunctisque
473 1357 616 1437 partium
642 1355 753 1429 caesis,
779 1354 929 1436 Helvium
951 1354 1239 1418 senatusconsulto
1254 1357 1304 1417 in·

87 1448 145 1501 ter
169 1441 271 1501 Divos
295 1439 416 1513 refert3
447 1437 547 1501 Salvii
568 1460 688 1500 nomen
711 1448 809 1521 atquc
836 1439 905 1500 eins
925 1439 1047 1520 scriptu
1066 1441 1191 1501 factave
1212 1441 1302 1499 abo-

87 1522 155 1583 leri
180 1523 288 1584 iubet?
315 1521 404 1605 quod
426 1544 524 1583 unum
547 1520 628 1583 effici
652 1522 811 1605 nequivit.
852 1522 991 1584 Tantum
1012 1522 1114 1603 gratia
1130 1517 1303 1584 doctarum
1323 1540 1344 1582 α

88 1607 215 1665 artium
239 1605 346 1677 valet,
369 1613 405 1666 ut
430 1602 648 1687 scriptoribus
665 1625 706 1666 ne
726 1604 811 1666 saevi
836 1626 945 1666 mores
970 1604 1100 1685 quidem
1121 1606 1161 1665 sd
1176 1625 1304 1689 memp-

88 1689 176 1748 riam
209 1688 362 1750 officiant.
405 1685 494 1765 Quin
526 1687 623 1749 etium
652 1709 741 1750 mors
765 1687 1014 1759 huiusce-modi,
1045 1684 1123 1769 ipsis
1156 1683 1344 1770 glorine‚3

90 1772 308 1832 exsecrationi
331 1773 520 1832 auctoribus
545 1778 739 1852 estz2quum
761 1792 883 1844 omnes,
903 1768 1146 1853 praecipueque
1164 1772 1301 1853 posteri,
1321 1769 1347 1847 4

92 1854 141 1928 sjc
163 1853 304 1927 habent,
328 1855 381 1915 illa
411 1851 559 1938 ingenia,
591 1853 653 1916 nisi
677 1851 811 1933 publico
830 1853 1006 1915 latrocinio
1031 1875 1069 1916 ac
1088 1875 1149 1936 per
1167 1856 1304 1916 demen-

80 1937 190 2011 tiam,
216 1938 360 2019 opprimi
381 1960 448 1997 nou
474 1936 645 2018 potuisse.'
671 1939 746 2016 Quo
769 1937 865 1999 bonis
880 1937 1031 1998 omnibus
1052 1959 1089 1998 ac
1104 1935 1185 2000 mibi
1205 1936 1303 2000 liden-
1322 1932 1344 1999 5

91 2019 170 2081 dum
191 2022 291 2105 magis
304 2042 321 2093 ,⁸
335 2022 414 2103 qui,
438 2040 517 2081 rure
537 2029 629 2080 ortus
651 2019 807 2104 tenuique
829 2030 861 2082 et
882 2018 1015 2082 indocto
1037 2031 1143 2104 patre,
1167 2022 1200 2083 in
1221 2022 1303 2083 baec

90 2111 241 2186 tempora
264 2102 361 2165 situm
384 2103 556 2184 praestiti,
578 2101 692 2165 studiis
714 2105 812 2166 tantis
833 2103 1067 2166 honestiorem.
1099 2105 1198 2183 Quod
1213 2103 1344 2189 equi-6

92 2185 167 2248 dem
198 2188 302 2270 gentis
332 2196 464 2248 nost-rue
495 2207 594 2261 reor,
627 2208 711 2270 quac
740 2188 809 2249 fato
841 2185 1178 2270 quodambonorum
1207 2196 1304 2270 parte
1369 2218 1374 2225 ·

90 2270 276 2343 foecunda,
308 2291 389 2351 quos
420 2270 532 2331 eduxit
557 2278 685 2343 tamen,
740 2291 881 2352 nemque
907 2269 950 2329 ad
981 2271 1063 2332 celsa
1093 2294 1170 2332 suos
1189 2272 1300 2332 habet.

91 2352 195 2415 Velut
216 2355 370 2415 Severum
393 2352 511 2433 ipsum,
534 2375 600 2434 quo
621 2290 827 2433 praeclarior
849 2353 882 2413 in
905 2351 1082 2435 Republica
1104 2357 1168 2415 fuit
1189 2374 1301 2415 nemo:
1322 2377 1346 2441 7

93 2459 209 2519 quem,
242 2459 438 2520 quamquam
469 2446 580 2498 exacta
612 2445 735 2513 aetate,
768 2444 953 2506 mortuum,
977 2436 1103 2496 iustitio
1128 2434 1305 2519 clogioque

91 2519 268 2602 lugendum
299 2541 455 2593 sanxere,
488 2518 692 2579 adstruentes
725 2516 816 2579 illum
850 2515 980 2577 iustum·
999 2519 1086 2579 nasci
1119 2527 1173 2580 aut
1198 2518 1310 2578 emori·

92 2604 226 2671 minime
253 2602 449 2666 convenisse.
492 2599 627 2662 Scilicet
649 2600 738 2681 quod
759 2599 964 2685 corrigendis
984 2601 1132 2664 moribus
1152 2600 1302 2674 nimium,
1325 2600 1348 2662 8

73 2697 267 2769 ¹postquam
298 2684 339 2745 ad
361 2693 506 2746 veterum
534 2683 770 2756 innocentiam,
801 2684 893 2766 quasi
925 2681 1080 2745 mentium
1110 2685 1302 2755 sanitatem,

91 2775 329 2850 pervenerant,
353 2768 542 2829 clementem
563 2764 719 2828 bulmere.
766 2767 814 2827 lta
836 2765 1010 2839 honestas,
1033 2789 1115 2849 quae
1136 2768 1303 2851 principio

91 2852 186 2914 anxia
209 2853 370 2923 liabetur,
404 2850 462 2918 nbi,
482 2847 680 2931 eontigerit,
711 2849 873 2932 voluptati
895 2848 1110 2934 luxuriaeque
1130 2850 1189 2914 cst'.
1229 2853 1348 2939 Pe-q

90 2937 258 2998 scennium
287 2934 424 3017 Nigrum
456 2932 542 3013 apud
572 2935 768 3016 Cyzicenos,
799 2932 950 2999 Clodium
979 2933 1133 2995 Albinum
1152 2934 1303 3016 Lugduni

88 3022 196 3082 victos
219 3016 329 3101 coegit
349 3015 434 3077 mori
448 3036 455 3076 :
480 3036 619 3098 quorum
643 3017 740 3097 prior
762 3015 944 3099 Aegyptum
967 3018 1030 3079 dux
1053 3017 1214 3091 obtinens,
1234 3016 1302 3079 bel·
1344 3046 1346 3051 ·

85 3098 159 3165 lum
191 3111 354 3175 moverat,
386 3120 444 3182 spe¹
475 3099 726 3172 dominationis3
761 3096 844 3162 alter
865 3097 1045 3164 Pertinacis
1066 3108 1184 3164 auctor
1203 3103 1303 3163 occi-

86 3186 209 3260 dendi,
233 3208 335 3269 quum
361 3204 401 3245 eo
424 3192 512 3245 metu
536 3184 569 3245 in
591 3184 794 3256 Britannos,
816 3206 911 3268 quum
933 3186 1138 3262 provinciam
1161 3206 1179 3246 e
1202 3186 1304 3248 Com-

84 3269 191 3333 modo
214 3274 394 3341 meruerat,
417 3268 637 3330 transmittere
661 3265 844 3341 nitebatur,
867 3268 900 3328 in
923 3266 1028 3329 Gallia
1050 3266 1211 3330 invaserat
1237 3271 1303 3332 im-

81 3354 230 3429 perium.
274 3353 405 3415 Horum
426 3348 552 3412 infinita
577 3349 676 3413 caedo
690 3349 858 3413 crudelior
870 3350 1014 3425 babitus,
1030 3374 1067 3415 ac
1082 3363 1341 3438 cognomentoro

78 3432 262 3510 Pertina13
284 3454 481 3519 quamquam
503 3435 546 3496 ob
568 3435 655 3497 sitae
666 3432 900 3516 parsimoniam
912 3434 1063 3511 similem,
1080 3438 1185 3519 ipsun's
1199 3439 1301 3520 magis

85 3519 266 3580 adscivisse
284 3515 397 3600 plures
414 3524 547 3600 putent:
568 3517 665 3580 nobis
687 3539 776 3580 mens
797 3518 837 3580 sd
858 3516 1056 3581 credendum
1070 3542 1187 3602 prona,
1206 3542 1302 3583 acer-

79 3600 191 3667 bitati
214 3601 413 3684 impositum.
456 3601 539 3663 Nam
570 3625 670 3686 quum
702 3600 835 3681 quidam
860 3601 1025 3677 bostium,
1054 3625 1150 3687 quem
1171 3614 1340 3677 tamenn!

84 3685 144 3749 uti
165 3682 260 3745 bellis
291 3682 441 3745 civilibus
468 3683 569 3756 solet,
600 3684 752 3747 conditio·
780 3683 847 3746 loci
875 3686 916 3746 ad
938 3685 1100 3757 Albinum¹
1115 3686 1298 3760 detulerat,

83 3790 204 3834 caussa
227 3766 394 3849 expositu,
416 3765 594 3829 novissime
610 3767 841 3840 conclusisset,
868 3769 970 3861 Quid,
993 3792 1110 3852 quaeso
1124 3815 1131 3841 ,
1146 3768 1297 3847 fureres,
1371 3789 1375 3795 ·

83 3861 120 3915 si
140 3865 177 3913 tu
201 3852 309 3913 esses?
350 3848 410 3911 Ille
430 3849 620 3929 respondit,
642 3856 691 3911 Eu
707 3849 905 3931 perferrem,
919 3872 1002 3934 quae
1021 3864 1067 3913 tu.
1111 3853 1186 3931 Quo
1209 3848 1359 3915 dictor!-

84 3939 246 4019 factoque
268 3932 382 3997 durius
403 3932 486 3997 nihss
506 3932 624 3994 bonis:
654 3956 754 4018 quum
781 3932 948 4015 sanctique
974 3935 1200 3997 huiuscemodi
1226 3937 1302 3999 dis·
1341 3932 1347 3941 ’
1399 3979 1409 3995 .

86 4015 277 4094 sensione's,
300 4016 446 4102 quumvis
466 4016 642 4079 studiosius
670 4024 823 4098 coeptus,
846 4015 1004 4079 fortunae·
1024 4018 1214 4101 increpent,
1237 4042 1302 4084 ma-

87 4106 206 4189 gisque
227 4107 260 4165 in
282 4099 513 4187 protegendis,
543 4123 644 4184 quam·
668 4101 708 4161 ad
729 4097 931 4183 perdendum
956 4101 1056 4174 cives',
1083 4122 1198 4167 verum
1218 4124 1304 4166 cor-

88 4189 202 4269 rumpi
224 4190 401 4269 patiantur.
446 4184 490 4245 At
511 4184 591 4256 iste,
614 4182 824 4247 delendarum
849 4182 987 4264 cupidus
1008 4187 1209 4261 factionum,
1236 4179 1351 4271 quotss

92 4270 248 4345 deinceps
269 4271 379 4331 mitius
406 4275 534 4350 ageret,
566 4264 838 4331 necessitudinem
868 4267 945 4329 faeti
967 4267 1079 4331 ulcisci
1101 4269 1237 4344 maluit,
1263 4292 1306 4335 ne

90 4352 249 4437 paulatim
270 4375 326 4434 spe
348 4353 460 4414 veniae
482 4350 513 4411 iu
536 4348 643 4410 labem
665 4350 829 4431 publica-m
852 4371 913 4431 per
941 4352 1185 4415 coniurationes
1214 4374 1307 4432 pro..

93 4437 286 4509 cederetur,
319 4437 359 4497 ud
383 4452 470 4516 ¹quas
502 4432 584 4494 sitio
605 4441 790 4515 temporum
823 4433 909 4519 [agi]
936 4435 1060 4497 animos
1081 4435 1305 4522 intelligebat}

93 4534 200 4602 neque
225 4541 283 4599 ego
309 4520 438 4588 abnuo,
461 4538 495 4579 ea
519 4516 738 4592 delictorum,
765 4539 848 4600 quae
867 4518 1005 4598 grassari
1030 4513 1205 4583 immodice
1226 4540 1307 4582 coe-

94 4606 226 4693 perint,
249 4601 322 4687 plus
345 4622 447 4685 paene
471 4622 573 4689 quam·
593 4620 706 4668 seuera
728 4601 908 4673 excidenda
928 4622 1014 4671 sase-
1047 4602 1153 4669 bet‘ru
1170 4624 1215 4666 ae
1232 4601 1376 4685 qen-ib
