2850 4958
409 306 412 311 ·
510 266 658 345 LIBER
679 268 889 354 SEXTUS.
1239 269 1308 349 165

94 424 249 519 collega,
278 431 402 497 bellum
432 430 528 495 cirile
558 434 664 497 voluit
695 450 920 497 commovere:
947 420 1041 499 *intra
1075 416 1181 498 tamen
1199 460 1308 501 vuruuu

94 530 255 582 aestatem
281 529 390 579 motus
417 518 485 578 eius
500 538 686 600 'oppressus
708 526 766 581 est.
809 519 859 579 Ita
880 538 945 579 uno
967 518 1124 603 tempore'
1140 521 1232 582 multi
1253 524 1308 583 si-

82 604 172 673 ·mul
194 601 354 683 triumphi
376 602 527 662 fuerunt:
562 602 683 663 Metelli
706 622 745 663 ex
767 603 941 684 Hispania,
972 603 1121 685 Pompeii
1150 604 1307 666 secundus

98 709 142 753 ex
166 689 342 771 Hispania,
367 685 519 745 Curionis
546 706 584 745 ex
605 685 814 760 Macedonia,
836 686 966 748 Servilii
988 708 1026 748 ex
1049 690 1183 749 Isauria.

143 772 206 832 Vl.
236 771 330 831 Anno
352 768 455 829 Urbis
483 768 864 836 conditae.DCLXXVI.
907 771 944 829 L.
967 770 1093 849 Licinio
1114 770 1252 833 Lucullo
1276 779 1309 833 et

89 856 149 918 M.
172 854 308 916 Aurelio
331 852 426 912 Cotta
449 852 537 911 Coss.
560 861 715 914 mortuus·
731 862 778 915 est
798 852 991 914 Nicomedes
1004 878 1014 926 ,¹
1036 876 1093 916 rex
1115 855 1307 936 Bithyniae,

96 948 134 1001 et
158 944 348 999 testamento
380 933 539 1017 populum
566 936 745 996 Romanum
770 938 849 998 fecit
870 936 1033 998 heredem.
1078 939 1306 1012 Mithridates,

91 1044 183 1105 pace
208 1028 317 1103 rupta,
343 1017 530 1098 Bithyniam
552 1029 584 1078 et
604 1019 713 1080 Asiam
735 1041 846 1081 rursus
865 1019 970 1079 voluit
990 1020 1153 1081 invadere.
1181 1022 1310 1082 Adver-

93 1126 155 1167 sus
178 1126 250 1166 eum
274 1100 369 1163 ambo
395 1100 545 1161 Consules
570 1103 680 1176 missi,
703 1104 826 1165 variam
846 1102 991 1163 habuere
1005 1105 1182 1167 fortunam.
1213 1105 1309 1166 Cotta

92 1188 188 1271 apud
211 1184 448 1248 Chalcedonam
471 1184 575 1245 victus
597 1185 637 1246 ab
659 1206 697 1246 eo
720 1186 819 1261 acie,
834 1186 929 1247 etiam
953 1186 1036 1248 intra
1058 1187 1216 1270 oppidum
1236 1210 1311 1248 coa-

92 1280 172 1333 ctus
195 1278 243 1331 est
267 1279 298 1330 et
330 1267 488 1328 obsessus.
529 1267 592 1329 Sed
624 1290 724 1351 quum
755 1290 788 1331 se
819 1269 895 1330 iude
927 1270 1133 1333 Mithridates
1156 1272 1310 1353 Cyzicum

91 1353 339 1423 transtulisset,
362 1359 400 1411 ut
422 1349 539 1432 Cyzico
562 1359 655 1434 capta
676 1360 779 1413 totam
800 1352 908 1413 etiam
933 1353 1122 1426 invaderet,
1152 1354 1309 1416 Lucullus

96 1438 130 1499 ei
156 1438 240 1498 alter
262 1433 382 1497 Consul
407 1435 572 1512 occurrit:
601 1456 639 1497 ac
660 1434 737 1497 dum
759 1435 966 1496 Mithridates
987 1438 1021 1498 in
1043 1437 1213 1499 obsidione
1236 1439 1309 1518 Cy-

89 1521 163 1581 sici
186 1528 428 1591 commoratur,
445 1517 521 1598 ipse
542 1539 615 1579 eum
637 1540 654 1577 a
675 1528 769 1603 tergo
792 1518 932 1591 obsedit,
954 1520 1104 1603 fameque
1119 1522 1309 1593 consumsit,

89 1612 132 1665 et
155 1603 265 1663 multis
286 1600 423 1683 proeliis
444 1602 535 1661 vicit.
578 1601 750 1663 Postremo
773 1601 963 1683 Byzantium
991 1606 1087 1687 [quae
1107 1625 1192 1663 nunc
1214 1603 1310 1663 Con-

84 1686 329 1768 stantinopolis
351 1687 413 1764 est]
436 1684 581 1767 fugavit3
605 1684 710 1746 navali
733 1705 865 1779 quoque
884 1686 1015 1765 proelio
1038 1684 1135 1746 duces
1158 1686 1225 1747 eius
1240 1687 1311 1746 Lu-

89 1769 205 1831 cullus
238 1769 411 1853 oppressit.
456 1768 506 1828 Ita
537 1791 600 1829 una
627 1767 736 1829 hieme
763 1774 796 1829 et
825 1774 944 1829 aestate
969 1791 988 1829 a
1016 1768 1152 1830 Lucullo
1180 1778 1310 1831 centum

89 1854 170 1915 fere
192 1853 294 1915 millia
316 1850 401 1934 regis
422 1852 578 1912 exstincta
600 1859 686 1911 sunt.
1226 1876 1228 1881 ·

142 1936 221 1996 VII.
254 1937 348 1996 Anao
372 1935 462 1995 urbis
485 1934 607 1994 Romae
623 1932 851 1995 DCLXXVIII
867 1931 1091 1995 Macedoniam
1104 1933 1310 2017 provinciam

92 2018 147 2079 M.
170 2019 314 2080 Licinius
334 2018 487 2078 Lucullus
509 2017 656 2099 accepit',
680 2017 894 2078 consobrinus
917 2018 997 2090 eius,
1020 2018 1078 2100 qui
1100 2027 1213 2077 contra
1234 2017 1310 2077 Mi-

91 2100 277 2162 thridatem
305 2100 428 2163 bellum
458 2101 601 2184 gerebat.
645 2100 688 2160 Et
712 2101 747 2162 in
776 2098 871 2160 Italia
897 2121 1017 2160 novum
1048 2099 1171 2160 bellum
1198 2100 1308 2161 subito

96 2193 303 2245 commotum
325 2191 382 2245 est.
425 2184 636 2267 Septuaginta
658 2185 744 2244 enim
768 2192 911 2266 quatuor
924 2181 1147 2265 gladiatores,
1171 2182 1309 2244 ducibus

94 2266 281 2349 Spartaco,
315 2267 412 2328 Crixo
444 2277 476 2327 et
510 2266 699 2340 Oenomao,
731 2266 862 2327 effracto
889 2266 1015 2347 Capuae
1046 2266 1146 2338 ludo,
1180 2267 1310 2348 effuge-

95 2359 199 2424 rant,
232 2360 264 2411 et
287 2372 348 2432 per
368 2349 496 2411 Italiam
516 2357 688 2433 vagantes,
714 2371 817 2433 pacne
837 2370 904 2409 non
924 2348 1027 2410 levius
1048 2348 1170 2409 hellam
1193 2350 1225 2409 in
1249 2370 1307 2423 ea,

63 2448 67 2455 '
96 2456 198 2515 quam
230 2432 412 2505 Hannibal,
446 2440 628 2494 moverunt.
681 2434 763 2493 Nam
794 2431 905 2493 multis
935 2431 1094 2505 ducibus,
1128 2441 1160 2492 et
1181 2431 1309 2492 duobus

94 2516 197 2578 simul
217 2517 440 2578 Romanorum
462 2514 655 2576 Consulibus
675 2516 787 2587 victis,
810 2516 973 2597 sexaginta
994 2516 1063 2575 fere
1084 2514 1224 2575 millium
1246 2535 1311 2574 ar-

93 2609 263 2661 matorum
291 2599 468 2659 exercitum
492 2608 791 2681 congregareruutt
823 2602 967 2680 victique
988 2606 1062 2658 sunt
1085 2598 1118 2658 in
1148 2598 1267 2678 Apulia
1289 2620 1325 2658 a·

92 2684 146 2743 M.
169 2682 296 2742 Licinio
321 2682 433 2741 Crasso
455 2680 670 2754 Proconsule‚
693 2689 726 2741 et
745 2690 821 2761 post
840 2684 955 2745 multas
970 2681 1167 2743 calamitates
1181 2680 1307 2755 Italiae,

92 2765 202 2826 tertio
226 2786 332 2836 anno,
353 2762 441 2823 bello
464 2761 542 2824 huic
564 2761 635 2823 finis
657 2764 840 2843 impositus.

143 2846 239 2905 VIII.
271 2845 510 2906 sexcentesimo
542 2847 742 2928 octogesimo
771 2846 879 2925 primo
900 2844 1003 2904 Urbis
1025 2847 1175 2908 conditae
1195 2869 1307 2922 anno,

93 2926 137 2989 P.
163 2928 316 2990 Cornelio
346 2926 483 2988 Lentulo
515 2936 546 2989 et
577 2928 634 2991 Cn.
664 2926 795 2987 Aufidio
826 2927 943 2986 Oreste
974 2925 1061 2984 Coss.
1096 2928 1160 2988 duo
1182 2938 1308 2992 tantum

140 3013 210 3071 avia
232 3011 317 3073 bella
340 3010 374 3071 in
396 3010 535 3092 irnperio
556 3010 702 3072 Romano
725 3016 838 3083 erant,
860 3006 1120 3068 Mithridaticam
1145 3019 1177 3069 et
1196 3012 1312 3071 Mace-

97 3032 266 3158 dlinieum.
311 3095 400 3154 Haec
422 3093 487 3154 duo
509 3092 637 3155 Luculli
668 3091 827 3179 agebant,
857 3091 895 3152 L.
918 3089 1089 3164 Lucullus,
1118 3099 1151 3151 et
1170 3093 1215 3152 M.
1238 3092 1310 3153 Lu-

99 3178 214 3240 cullus.
257 3178 294 3239 L.
318 3198 397 3261 ergo
425 3176 578 3239 Lucullus
604 3185 680 3260 post
700 3196 842 3260 pugnam
864 3174 1073 3257 Cyzicenum,
1102 3194 1166 3258 qua
1184 3173 1318 3237 vicerat·

97 3261 334 3333 MithrIdaten,
368 3280 405 3321 ac
435 3259 604 3333 navalem,
626 3280 690 3340 qua
716 3257 813 3319 duces
836 3259 904 3319 eius
927 3266 1152 3340 oppresserat,
1184 3278 1309 3342 perse-

98 3353 194 3409 cutus
220 3354 267 3405 est
288 3360 381 3421 earm:
416 3351 467 3417 et,
489 3351 622 3427 recepta
641 3340 866 3425 Paphlagonia
886 3348 983 3422 atque
1003 3339 1177 3483 Bithgpia,
1209 3342 1308 3407 ctiam
1348 3385 1351 3389 -

97 3447 235 3510 regnum
261 3427 328 3489 eius
350 3426 486 3503 invasit,
516 3426 663 3510 Sinopen
685 3434 718 3487 et
737 3422 888 3498 Amison,
920 3425 1064 3485 civitates
1115 3424 1184 3485 onti
1204 3425 1308 3486 nobi-1

98 3508 260 3585 lissimas,
292 3509 391 3591 cepit.
433 3508 583 3572 Secundo
610 3508 740 3592 proelio
768 3506 853 3588 apud
885 3506 1000 3568 Cabira
1023 3506 1208 3580 civitatem3
1238 3530 1306 3590 quo
1339 3546 1343 3554 ·

96 3592 245 3671 ingentes
268 3595 378 3674 copias
394 3612 433 3653 ex
449 3592 536 3656 omni
552 3612 653 3674 regno
676 3590 853 3652 adduxerat
866 3588 1084 3660 Mithridates,
1100 3610 1201 3670 quam
1213 3590 1308 3655 XXX

98 3676 207 3739 millia
235 3676 409 3738 lectissima
438 3676 523 3759 regis
548 3697 567 3735 a
588 3675 733 3759 quinque
761 3673 983 3735 Romanorum
1010 3669 1154 3731 millibus
1182 3680 1306 3736 vastata

99 3770 207 3822 essent
219 3807 229 3837 ,
261 3756 469 3819 Mithridates
499 3759 649 3843 fugatus,
681 3766 715 3820 et
742 3764 846 3817 castra
873 3755 941 3818 eius
968 3754 1108 3837 direpta.
1150 3752 1307 3817 Armenia

99 3852 235 3929 (suoque
255 3841 387 3913 minor,
410 3860 506 3923 quam
525 3841 673 3915 tenebat,
698 3838 802 3902 eidem
822 3835 948 3899 sublata
970 3844 1028 3898 est.
1063 3837 1237 3916 Susceptus
1251 3845 1306 3896 ta-

99 3949 177 3990 men
199 3936 247 3989 est
267 3923 475 3985 Mithridates
493 3932 571 4006 post
590 3924 699 4007 fugam
721 3944 739 3982 a
761 3918 1115 4003 Tigraae5'Armeniae
1136 3939 1223 4003 rege,
1246 3919 1306 4004 qui

98 4018 171 4071 tam
192 4008 316 4095 ingenti
338 4005 445 4090 gloria
465 4006 667 4089 imperabat,
688 4006 802 4067 Persas
823 4021 920 4083 saepe
937 4002 1077 4075 iicerat,
1108 4002 1307 4087 Mesopota-

98 4094 201 4156 miam
222 4096 456 4173 occupaverat,
479 4098 512 4151 et
531 4088 681 4173 Syriam,
704 4097 737 4150 et
754 4083 936 4149 Phoenices
961 4090 1098 4166 partem.

143 4176 204 4237 lx.
234 4174 323 4258 Ergo
345 4171 515 4245 Lucullus,
539 4179 687 4253 repetens
707 4170 836 4232 bostem
855 4169 1002 4250 fugatum
1014 4190 1026 4242 ,·
1052 4168 1148 4228 etiam
1169 4188 1305 4251 regnum

100 4258 277 4339 Tigranis,
323 4257 356 4317 ui
380 4255 541 4317 Armeniis
563 4253 760 4336 imperabat,
782 4254 942 4335 ingressas
964 4258 1032 4310 est:
1055 4250 1301 4333 Tigranocerta,

101 4344 271 4405 civitatem
299 4278 472 4401 Armeniae
500 4336 762 4410 nobilissimam,
802 4334 909 4415 cepit:
948 4333 1053 4415 ipsum
1088 4353 1196 4417 regem
1230 4354 1305 4395 cum

102 4422 261 4489 sexcentis
289 4421 433 4484 millibus
460 4420 714 4483 clibanariorum
744 4426 776 4479 et
796 4416 924 4479 cen'tu'm
944 4415 1088 4477 millibus
1109 4414 1305 4503 sagittario-
1369 4458 1376 4469 ,

103 4528 177 4573 rum
211 4514 246 4567 et
273 4514 472 4567 armatorum
501 4502 704 4579 venientem,
736 4498 847 4561 decem
878 4506 911 4559 et
935 4507 1009 4561 octo
1041 4496 1306 4559 millia‘militum

103 4590 249 4665 bibens,
284 4586 329 4649 ita
358 4588 460 4662 aicit,
493 4594 531 4649 ut
558 4590 704 4671 magnam
731 4590 858 4669 partem
887 4580 1124 4645 Armeniorum
1142 4579 1321 4641 deleuerat.
