2850 4958
1034 172 1038 188 1
1058 151 1067 183 t

85 395 145 466 hos
174 396 355 478 scriptores
374 392 686 479 legeresoluerint,
708 399 765 455 ant
785 392 843 478 qui
856 376 920 455 'cos
940 390 1118 456 domestico
1139 389 1207 454 sire
1220 387 1328 479 priva·
1357 364 1362 385 ι

91 507 145 570 to,
170 508 207 560 ut
227 498 325 582 vulgo
349 495 620 572 dicitur,.studio
643 495 830 558 tractandos
851 492 1095 563 destinaverint.
1143 508 1152 530 ‘

125 602 167 661 Iu
198 599 331 663 edendis
361 598 413 666 his
443 598 662 681 scriptoribus
692 596 891 665 {unanime
920 598 1067 695 rqpcxi,
1099 607 1157 671 ut,
1191 593 1329 659 remotis

86 705 285 767 coniecturis
307 713 340 765 et
361 703 539 764 verborum
559 703 807 776 mutationibus,
829 712 887 768 ast
906 714 975 767 nott
995 700 1206 774 necessariis,
1231 707 1288 760 aut
1310 721 1331 760 a
1357 716 1363 731 ‘

87 807 238 886 codicum
268 815 302 868 et
331 804 512 867 editionum
533 805 721 888 principum
745 804 942 869 lectionibus
962 804 1059 866 nimis
1081 799 1331 875 recedentibus,

86 912 184 975 rerba
204 911 406 992 scriptorum
430 918 464 969 et
485 908 653 970 emendata
675 917 707 970 et
727 929 833 990 pura,
861 910 909 972 uti
937 908 1080 974 nuncin
1109 904 1332 990 praestantis·-

88 1016 176 1077 simis
194 1010 396 1094 editionibus
419 1010 593 1095 leguntur,
615 1022 767 1076 accurate
788 1011 1017 1084 redderentur.
1053 1012 1145 1090 Quae
1158 1005 1258 1071 rerba
1273 1013 1332 1067 ant
1417 1081 1422 1087 ,

87 1117 200 1201 spuria
221 1115 395 1188 habentur,
417 1123 475 1175 aut
493 1114 583 1177 varie
606 1113 771 1200 leguntur,
794 1114 959 1177 interdum
981 1114 1074 1176 uncis
1094 1115 1111 1194 [
1130 1114 1160 1193 ],
1178 1106 1332 1195 aquibus

88 1220 179 1304 signa
200 1215 432 1301 parentheseos
452 1219 494 1298 ()
516 1215 690 1292 discernas,
714 1216 847 1281 inclusa*
859 1217 1009 1298 apposui,
1026 1210 1256 1300 ntQucrorurn
1271 1213 1365 1279 inat.—

88 1324 182 1404 genia
204 1303 420 1394 emerentur,
445 1327 478 1383 et
497 1319 559 1402 ipsi
583 1320 751 1407 iudicare,
773 1322 853 1407 quid
875 1344 985 1383 verum
1007 1319 1068 1394 sit,
1092 1317 1172 1403 quid
1192 1315 1334 1401 fanum<

87 1423 122 1484 in
144 1422 283 1507 legendo
311 1422 486 1484 discerent.
530 1422 581 1483 Ita
612 1423 1007 1506 assiduahistoricorum
1039 1421 1204 1486 minorum
1229 1417 1329 1482 lectio

86 1527 211 1610 pueris,
235 1527 292 1609 qui
314 1525 518 1608 antiquitatis
539 1525 652 1588 doctae
674 1527 836 1589 alimentis
856 1525 1060 1600 nutriuntur,
1083 1532 1117 1585 et
1135 1510 1334 1587 humanitati

89 1638 120 1692 et
140 1628 346 1711 reipublicae
367 1626 559 1700 educantur,
581 1626 623 1689 ad
643 1630 784 1690 maiores
806 1627 1060 1705 etfldifficiliores
1080 1641 1193 1686 rerum
1209 1621 1334 1684 Roma-

63 1755 204 1794 ‘narum
224 1733 404 1813 scriptores
424 1727 654 1812 intelligendos
674 1731 761 1790 riam
781 1730 927 1803 muniat,
957 1727 1148 1809 animosque
1176 1721 1338 1785 iuveniles·

89 1837 129 1899 ad
150 1836 326 1908 historiae,
350 1855 433 1917 quae
453 1837 542 1903 uitae
560 1839 723 1916 magistra
742 1856 761 1893 a
786 1831 941 1894 Cicerore
960 1828 1182 1913 praedicatur,
1206 1825 1333 1891 fractus

89 1962 187 2025 quana
208 1937 395 2000 uberrimos
416 1934 592 2021 capiendos
613 1944 646 1999 et
673 1934 713 1999 ad
746 1934 983 1999 iucunditatem
1013 1933 1088 1998 iude
1117 1928 1338 1994 hauriendam
1391 2011 1395 2022 ι

91 2042 233 2102 suaviter
253 2038 386 2101 alliciat.
1000 2118 1003 2123 ι

133 2143 181 2204 Ne
201 2150 309 2205 tamen
332 2140 483 2224 equidem
505 2141 601 2226 plane
621 2141 809 2223 ἀσύμβολος
831 2139 865 2200 in
886 2137 938 2201 his
959 2138 1055 2201 libris
1075 2134 1209 2199 edendis
1229 2144 1337 2221 appa-t

90 2266 198 2319 ream,
214 2268 218 2273 ·
232 2243 477 2306 observationes
508 2242 638 2328 aliquot
665 2240 828 2305 addidisse
858 2242 966 2317 iuvat,
994 2263 1078 2327 quae
1096 2241 1137 2304 ad
1158 2241 1335 2306 lectionem

92 2345 351 2415 constituendam
372 2352 521 2430 spectent
544 2355 577 2408 ct
603 2368 622 2407 a
643 2367 695 2407 me
716 2355 880 2427 receptam
902 2341 1086 2407 defendant.
1117 2344 1226 2430 Igitur
1241 2342 1335 2407 locos

88 2447 230 2531 aliquot,
251 2444 292 2534 de
313 2447 432 2532 quihus
455 2447 563 2510 adhuc
585 2448 646 2510 sub
668 2448 777 2512 iudice
792 2449 834 2510 lis
848 2456 908 2521 est,
931 2445 1121 2532 diligentius
1143 2445 1339 2509 examinem-s.

88 2549 149 2611 dos
182 2548 290 2634 clegi3
325 2559 363 2612 ut
391 2571 513 2635 paucos
543 2559 671 2615 tantum
704 2559 738 2639 et
767 2551 915 2614 breviter
944 2547 1079 2634 quidem
1112 2541 1339 2643 attingerem,

80 2652 293 2736 'angustiores
313 2651 405 2730 fines,
427 2655 547 2742 quibus
560 2653 644 2737 haee
655 2654 915 2740 praefatiuncula
933 2661 1006 2722 crat
1019 2651 1342 2735 circumscribenda,

91 2757 315 2842 postulabant.
1109 2770 1116 2785 “

95 2946 96 2949 ,
133 2885 309 2948 VELLEII
338 2885 585 2950 PATERCULI
619 2889 692 2952 Lib.
714 2892 744 2952 I.
777 2914 806 2952 c.
837 2889 886 2953 18.
920 2891 1074 2973 leguntur
1104 2891 1201 2977 vulgo
1231 2891 1337 2955 haec!

93 2977 162 3032 Una
183 2971 259 3032 urbs
280 2973 398 3032 Attica
413 2973 561 3053 pluribus
582 2977 674 3032 annis
692 2974 913 3055 eloquentiae,
939 2996 1036 3056 quam
1056 2980 1205 3039 uniuersa
1221 2978 1345 3039 Grani·

56 3062 59 3067 ’
89 3063 164 3128 σία,
188 3054 396 3138 opera'basque
403 3056 548 3135 floruit,
570 3054 651 3114 adeo
672 3066 710 3117 ut
730 3075 870 3134 corpora
880 3060 988 3135 gentas
1005 3048 1093 3119 illiu's
1105 3061 1340 3137 separaremus

89 3143 124 3202 in
145 3140 230 3198 alias
256 3141 425 3212 caritates,
458 3142 590 3219 ingenia
615 3158 692 3201 uera
721 3139 803 3200 solr's
830 3139 1073 3209 Atheniensium
1096 3140 1202 3201 murat.
1222 3141 1339 3203 clausa

91 3225 266 3282 existimes.
309 3221 359 3282 Ita
382 3220 482 3283 habet
502 3221 563 3282 Ed.
585 3243 640 3303 pr.
664 3228 697 3282 et
718 3240 758 3282 ex
779 3241 816 3282 ea
837 3222 1021 3305 sequentes.
1056 3224 1108 3284 De
1125 3222 1224 3285 variis
1237 3222 1337 3289 huius

89 3304 158 3366 loci
190 3302 382 3366 emendandi
415 3314 447 3367 et
478 3304 624 3367 mutandi
655 3306 889 3368 tentaminibus
912 3303 1034 3367 vide-I.
1058 3313 1114 3367 Fr.
1134 3311 1338 3378 'tirunculum

57 3394 63 3418 2
91 3389 125 3448 in
149 3387 336 3450 Observatt.
360 3388 406 3463 11,
429 3387 484 3449 23.
505 3411 538 3471 p.
560 3388 618 3450 511
643 3408 714 3471 sqq.
758 3388 790 3450 ls
812 3389 897 3451 nihil
920 3381 1108 3452 mutandum
1131 3411 1198 3451 essa
1216 3401 1341 3462 censat,

89 3471 256 3532 Manutius
277 3471 411 3533 minima
432 3473 625 3545 mutatione,
647 3473 830 3556 eloquentia
851 3486 914 3557 p'ro
931 3475 1130 3556 eloquentiae
1144 3475 1211 3536 hoc
1226 3483 1336 3540 totum

93 3554 273 3616 restituisse
295 3555 461 3638 opinatur.
505 3555 673 3619 Acidalius
703 3556 868 3620 veriorem
888 3565 984 3639 putat
1005 3577 1096 3618 suam
1116 3558 1335 3639 scripturamt

94 3637 274 3719 eloquentia
296 3672 338 3685 --
360 3638 530 3714 operr'bus,
549 3641 685 3719 floruit.
733 3645 839 3720 Opera
866 3639 908 3702 de
937 3638 1034 3700 rebus
1062 3641 1160 3722 gestis
1182 3640 1335 3724 explieat.

90 3718 271 3804 Schegkius
292 3719 404 3782 eadem
424 3722 554 3784 ratione
572 3721 684 3784 locum
704 3725 862 3786 correxit.
896 3721 1026 3805 Lipsius
1040 3723 1172 3803 scripsit
1185 3742 1192 3784 :
1205 3757 1246 3772 --
1267 3727 1340 3787 elo-

89 3809 239 3887 quentia,
263 3826 360 3887 quam
381 3827 414 3864 u.
441 3811 481 3869 θ.
507 3806 695 3889 uberiusque
711 3808 849 3885 floruit.
893 3807 986 3884 Quae
1009 3806 1192 3869 emendatio
1215 3806 1336 3876 Vosslc

90 3887 223 3948 videtur
253 3886 400 3971 insignis.
442 3887 670 3972 Ans-'Popma
690 3886 791 3970 legit:
825 3892 972 3972 operibus
992 3894 1223 3976 mqucflorur't
1242 3892 1338 3963 adeo,

91 3971 229 4034 Heinsio
259 3972 370 4056 legere
399 3970 528 4056 placet:
551 4004 593 4020 -·
623 3972 840 4055 eloquentiae,
874 3994 971 4054 quam
1000 3979 1148 4043 universa
1175 3979 1338 4052 Graecia,

94 4075 152 4130 ope
173 4055 370 4136 uberiusque.
414 4055 602 4119 Gronovius
623 4054 786 4136 vulgatam
808 4054 995 4127 defendens,
1018 4079 1119 4118 aanor
1137 4056 1340 4140 eloquentiae

94 4132 260 4223 intelligit,
287 4147 323 4200 ut
344 4139 430 4220 apud
453 4140 646 4201 Ciceronem
666 4137 790 4218 legitur
812 4136 941 4199 erudita
960 4150 1118 4222 tempora,
1142 4140 1268 4203 saecula
1291 4143 1339 4205 in·

94 4218 197 4300 geniis
229 4227 263 4280 et
291 4221 460 4303 gignendis
492 4232 525 4283 et
553 4222 737 4283 nutriendis
758 4221 968 4282 continuata:
1002 4245 1101 4304 opera
1121 4232 1196 4286 sunt
1215 4225 1339 4309 scripta

93 4298 196 4364 edita.
236 4301 328 4366 Dicit
348 4326 426 4389 ergo
450 4305 597 4381 Velleius
619 4313 652 4365 et
680 4304 886 4386 temporibus
918 4303 1055 4368 eruditis
1086 4314 1119 4368 et
1141 4309 1272 4388 scriptis
1294 4308 1336 4373 ab

92 4382 207 4447 attica
226 4386 293 4448 sola
315 4389 462 4469 superari
485 4391 669 4450 universam
688 4389 871 4450 Graeciam.
913 4387 1040 4452 Krausc
1054 4411 1169 4453 vocem
1183 4394 1337 4475 aliquam,

92 4477 130 4528 nt
153 4473 309 4549 ingeniis,
333 4481 407 4532 ante
426 4472 635 4555 apertiusque
657 4467 814 4534 excidisse
835 4478 940 4553 putat.
986 4473 1078 4557 Quae
1105 4477 1189 4536 ratio
1217 4474 1341 4537 Ruhn-

93 4552 190 4613 kenio
214 4551 294 4613 dura
316 4555 467 4632 ridetur,
493 4576 595 4642 quare
616 4553 686 4640 ipsc
707 4555 849 4618 feliciter
872 4557 1056 4641 emendasse
1072 4556 1117 4616 alt
1139 4556 1251 4624 locum
1271 4557 1343 4618 itas.
