2850 4958
469 304 564 388 ΗΒ.
583 292 627 381 l.
661 306 768 383 CAP.
797 306 902 386 xv1.
1239 312 1296 386 dr·

72 468 206 535 sitibus
233 478 381 544 montes,
413 472 561 547 Gaurus,
588 472 766 547 Falernus,
790 474 968 548 Massicus,
998 484 1030 537 et
1052 473 1293 558 pulcherrimus

78 554 229 638 omnium
256 555 427 628 Vesuvius,
451 556 585 617 Aetnaei
603 556 685 634 ignis
707 557 866 620 imitator.
908 558 1018 620 Urbes
1034 559 1074 620 ad
1092 580 1189 632 mare,
1206 560 1295 622 For·
1316 560 1337 622 6

78 636 189 712 miae,
223 639 362 723 Cumae,
395 638 544 712 Puteoli,
576 639 751 721 Neapolis,
779 640 1040 715 Herculaneum,
1068 642 1241 722 Pompeii,
1264 652 1297 703 et

77 720 274 802 ipaacaput
295 722 427 783 urbium
448 725 574 805 Capua,
597 722 871 806 quomlam·inter
891 733 957 785 tres
977 726 1142 794 maximas,
1158 726 1297 788 Romam
1332 720 1336 747 ³

76 805 378 889 carthaginemque
398 814 578 867 numerata.
621 804 688 867 Pro
709 805 772 868 hac
793 808 895 881 urbe,
923 807 975 869 his
1006 809 1195 894 regionibus
1223 831 1337 895 po-7

75 887 180 971 palus
202 892 364 950 Romanus
385 890 544 950 Samnitas
566 889 701 964 invasit3
723 899 864 973 gentem,
886 891 913 952 si
931 891 1131 973 opulentiam
1146 914 1295 976 quaeras,

75 974 193 1034 aureis
216 981 248 1035 et
269 974 430 1056 argenteis
452 974 572 1044 armis,
597 981 629 1032 et
649 972 806 1034 discolori
828 984 927 1047 veste,
953 997 1052 1058 usque
1074 975 1114 1036 ad
1137 976 1297 1039 ambitum

75 1065 259 1117 enarratam:
283 1056 309 1117 si
330 1055 513 1130 fallaciam,
536 1055 672 1117 saltibus
693 1058 763 1116 fere
786 1065 818 1117 ct
838 1057 997 1119 montium
1014 1058 1129 1120 fraude
1144 1080 1296 1142 grassan-

75 1148 172 1199 tem:
194 1139 222 1200 si
245 1138 367 1200 rabiem
393 1161 430 1200 ac
450 1141 620 1212 furorem,
651 1140 784 1201 sacratis
816 1139 944 1222 legibus
977 1142 1192 1226 humanisque
1221 1142 1294 1203 ho-

78 1222 154 1284 stiis
184 1222 218 1283 in
240 1223 384 1283 ‘exitium
413 1223 515 1285 Urbis
541 1222 715 1306 agitatam:
744 1224 770 1283 si
798 1225 1030 1305 pertinaciam,
1060 1226 1162 1286 sexies
1183 1234 1296 1313 qrupto

76 1305 239 1378 foedere,
263 1305 473 1388 cladibusque
495 1307 574 1387 ipsis
598 1304 840 1379 animosiorem.
885 1308 954 1369 Hos
984 1318 1089 1370 tamen
1123 1307 1336 1392 quinqua-8

76 1390 172 1473 ginta
192 1389 283 1449 anais
304 1389 505 1470 per-Fabios
526 1399 559 1453 et
578 1386 731 1469 Papirios
750 1398 878 1471 patres,
902 1412 1080 1475 eorumque
1094 1392 1230 1466 liberos,
1247 1393 1293 1453 ita

79 1472 215 1554 subegit
243 1494 280 1533 ac
313 1473 462 1546 domuit,
495 1473 539 1533 ita
574 1471 684 1532 ruinas
715 1472 800 1553 ipsas
830 1474 961 1534 urbium
985 1474 1110 1549 diruit,
1138 1484 1175 1536 ut
1196 1475 1295 1537 bodie

78 1557 250 1617 Samnium
274 1557 307 1616 in
330 1556 402 1637 ipso
425 1555 557 1615 Samnio
580 1554 789 1635 requiratur:
815 1576 876 1616 nec
898 1555 993 1617 facile
1015 1568 1170 1640 appareat
1190 1567 1298 1619 mate-

78 1640 132 1702 ria
155 1646 298 1720 quatuor
318 1649 350 1699 et
371 1639 486 1716 viginti
507 1637 766 1718 triumphorum.
809 1639 949 1698 Maxime
970 1649 1076 1701 tamen
1098 1651 1175 1701 nota
1199 1649 1231 1701 et
1251 1640 1296 1701 il-
1316 1665 1337 1728 9

76 1722 193 1785 lustris
216 1722 302 1803 apud
325 1723 482 1783 Caudinas
503 1720 646 1783 furculas
669 1742 707 1781 ex
728 1719 790 1780 hac
812 1731 907 1803 gente
929 1722 1045 1796 clades,
1069 1722 1209 1784 Veturio
1223 1724 1296 1785 Po-

77 1807 268 1884 stumioque
299 1806 513 1879 Consulibus,
545 1812 677 1885 accepta
709 1812 768 1862 cst.
812 1804 926 1866 Clausa
960 1825 1021 1887 per
1048 1807 1180 1868 insidias
1202 1810 1332 1869 intrato

78 1912 156 1951 eum
182 1890 297 1951 saltum
324 1891 491 1962 exercitu,
514 1887 600 1947 unde
620 1908 687 1947 uon
708 1895 819 1965 posset
834 1887 981 1959 evadere,
997 1897 1129 1971 stupens
1145 1891 1296 1952 occasio-

76 1994 124 2035 ne
144 1981 233 2034 tanta
255 1973 320 2033 dux
344 1972 488 2032 hostium
511 1969 672 2043 Pontius,
695 1970 896 2038 Herennium
917 1980 1043 2052 patrem
1062 1973 1238 2047 consuluit,
1262 1982 1295 2034 et

76 2056 158 2129 ille,
182 2061 326 2116 mitteret
347 2056 545 2129 omuespvel
563 2055 741 2125 occideret,
763 2054 946 2135 sapienter,
970 2062 1007 2114 ut
1027 2055 1159 2131 senior,
1180 2078 1298 2138 suessa

76 2147 145 2203 rat.
190 2139 254 2200 Hic
275 2138 373 2198 armis
396 2146 509 2200 exutos
531 2137 661 2198 mittere
683 2135 742 2197 sub
764 2137 877 2219 iugum
898 2138 1032 2211 maluit,
1058 2148 1094 2198 ut
1116 2162 1175 2201 nec
1192 2140 1339 2200 ‘amicitr'

75 2224 194 2287 forent
207 2222 394 2294 'beneficim
418 2230 546 2304 etpost
567 2220 727 2303 flagitium
748 2219 859 2281 hostes
880 2223 991 2304 magis.
1025 2221 1140 2302 Itaque
1156 2232 1187 2281 et
1204 2225 1336 2286 Con-rs

76 2305 167 2368 aulea
189 2305 297 2366 statim
320 2306 488 2385 magnilica
508 2304 694 2366 voluntaria
721 2302 890 2364 deditione
911 2303 1147 2376 turpitudinem
1171 2307 1294 2368 foede-

77 2390 130 2453 ris
151 2389 331 2471 ‹lirimunt,
355 2398 387 2449 et
410 2390 565 2451 ultionem
589 2387 736 2472 flagitans
757 2387 869 2464 miles,
892 2386 1027 2470 Papirio
1056 2387 1159 2461 duce,
1188 2390 1295 2469 (hor-

74 2471 182 2535 ribile
204 2472 291 2533 dictu
306 2469 329 2550 l)
350 2473 472 2534 strictis
493 2472 622 2533 ensibus
643 2492 703 2553 per
724 2470 826 2550 ipsam
849 2471 931 2531 viam
949 2480 1023 2532 ante
1036 2494 1177 2555 pugnam
1192 2473 1298 2549 surita

76 2565 113 2618 et
136 2562 171 2614 in
192 2578 363 2637 congressu
385 2560 501 2617 arsisse
522 2560 663 2616 omnium
684 2555 815 2627 oculos,
840 2553 944 2615 bostis
963 2562 1089 2616 auctor
1118 2556 1203 2629 fuit3
1233 2577 1295 2618 nec
1323 2632 1326 2637 y

73 2640 175 2724 prius
197 2638 268 2698 finis
291 2638 442 2701 caedibus
464 2639 574 2712 datus,
597 2646 694 2722 quam
716 2636 826 2721 iugum
850 2645 883 2697 et
903 2638 1053 2700 hostibus
1074 2646 1106 2701 et
1134 2639 1211 2701 duci
1234 2662 1294 2702 ca-

72 2732 141 2808 pto
166 2729 393 2803 reposuerunt.

381 2849 383 2852 ⁴
497 2864 875 2929 capurxvu.

386 2998 507 3042 BELLUM
530 3000 698 3043 ETRUSCUM
718 2999 756 3040 ET
778 3002 989 3045 summust.

121 3135 287 3196 Hactenus
308 3132 451 3215 populus
471 3131 635 3192 Romanus
658 3152 731 3192 cum
752 3132 887 3216 singulis
908 3131 1073 3216 gentium,
1103 3154 1179 3195 mox
1200 3155 1295 3197 acer·
1319 3155 1334 3196 r

74 3220 201 3292 ratim3
224 3217 392 3288 tamensic
407 3234 539 3297 quoque
553 3234 615 3295 par
630 3215 791 3283 omnihus.
813 3218 1027 3279 Etruscorum
1043 3215 1216 3278 duodecim
1230 3239 1299 3298 po-

76 3302 173 3385 puli,
196 3302 313 3362 Umbri
336 3300 423 3361 inid
445 3308 573 3381 tempus
597 3299 709 3358 tntacti
724 3299 998 3384 ,antiquissimus
1013 3299 1127 3385 ltaliae
1139 3301 1296 3383 populus,
1332 3338 1336 3345 ·

75 3385 275 3449 Samnitium
296 3382 436 3466 reliqui,
461 3383 493 3443 in
515 3380 677 3443 excidium
699 3373 836 3447 Ro‘mani
857 3380 999 3445 nominis
1019 3392 1153 3465 repente
1175 3385 1295 3447 coniu-

76 3462 168 3533 rant.
210 3467 290 3529 Erat
308 3471 419 3528 terror'
440 3466 551 3549 ingens
573 3473 625 3527 tot
646 3464 742 3527 simul
762 3466 994 3549 tantorumque
1013 3462 1237 3549 populorum·;
1262 3478 1295 3531 et
1316 3490 1336 3531 a

75 3550 147 3615 lete
176 3573 238 3633 per
268 3550 432 3611 Etruriam
466 3551 579 3610 infesta
612 3557 755 3632 quatuor
784 3551 947 3634 agminum
979 3548 1069 3629 signa
1099 3551 1293 3613 volitabant.

80 3633 241 3698 Ciminius
262 3633 392 3696 interim
413 3633 511 3695 saltus
533 3632 565 3693 in
587 3631 718 3706 medio,
740 3644 813 3697 ante
835 3635 962 3703 invius,
986 3632 1095 3713 [plane
1116 3634 1208 3713 quasi
1230 3630 1335 3693 cas-3

79 3715 254 3792 ledonius,
285 3717 336 3777 vel
367 3715 550 3798 Hercynius
565 3719 588 3795 ,]
617 3715 697 3776 adeo
728 3722 806 3778 tuac
833 3716 956 3777 terrori
988 3721 1078 3787 erat,
1100 3720 1138 3774 ut
1158 3714 1294 3775 Senatus

80 3802 218 3865 Consuli
244 3800 475 3872 denunciaret,
505 3806 692 3859 natantum
714 3798 853 3875 periculi
880 3795 1007 3882 ingredi
1039 3794 1185 3858 auderet.
1228 3794 1337 3873 Sedd

78 3883 169 3947 nihil
194 3884 315 3946 horum
347 3882 467 3943 terruit
499 3881 744 3963 ducem,'quin
773 3882 875 3941 fratre
900 3878 1078 3962 praemisso
1107 3878 1296 3963 exploraret
1329 3954 1333 3961 ⁵

79 3988 238 4031 accessus.
282 3966 343 4028 llle
373 3986 434 4047 per
465 3972 594 4026 noctem
624 3964 772 4047 pastorio
803 3962 918 4023 habitu
946 3958 1130 4040 speculatus
1160 3962 1292 4039 omnia,

78 4052 187 4115 refert
205 4058 312 4111 tutum
337 4050 411 4110 iter.
453 4046 510 4121 Sic
530 4047 650 4127 Fabius
670 4046 829 4108 Maximus
843 4042 1153 4127 periculosissimum
1168 4042 1291 4107 bellum

77 4134 151 4198 siue
173 4133 321 4216 periculo
345 4131 530 4213 explicavit.
571 4128 784 4192 Namsubito
814 4126 1000 4191 inconditos
1027 4136 1124 4211 atque
1146 4126 1288 4211 palantes
1310 4120 1333 4188 5

76 4216 250 4303 adgressus
271 4225 338 4291 est,
363 4215 531 4298 captisque
549 4210 775 4296 superioribus
796 4212 880 4298 iugis
905 4209 938 4270 ia
959 4209 1122 4273 subiectos
1143 4232 1202 4273 suo
1219 4208 1290 4272 iure

76 4300 244 4365 detonuit.
288 4300 334 4363 Ea
356 4320 495 4382 namque
517 4297 640 4383 species
659 4298 724 4358 fuit
745 4295 833 4359 illius
853 4292 954 4364 belli,
978 4292 1068 4373 quasi
1094 4292 1127 4355 in
1150 4292 1292 4377 terrige-
1314 4291 1334 4353 6

76 4394 144 4449 nas·
164 4406 182 4445 e
206 4384 298 4447 coelo
319 4405 357 4445 ac
381 4383 523 4445 nubi-bus
546 4382 610 4445 tela
631 4380 851 4442 mitterentur.
876 4378 963 4439 ,Nec
990 4376 1158 4441 incruenta
1186 4382 1293 4439 taurea
1314 4399 1340 4462 7‘

76 4462 137 4531 illa
159 4469 317 4531 victoria:
340 4488 415 4529 nam
435 4486 610 4551 oppressus
631 4464 665 4526 in
688 4463 761 4527 siau
774 4458 873 4525 'vallis
894 4460 978 4524 alter
999 4461 1176 4523 Consulum
1193 4458 1295 4518 Deci-

75 4574 137 4627 us,
168 4570 264 4614 more
287 4550 399 4635 patrio
427 4549 580 4632 devotum
607 4548 681 4610 Diis
708 4548 858 4609 Manibus
881 4542 1003 4609 obtulit
1025 4554 1142 4623 capua,
1165 4538 1293 4605 sallan-
1335 4560 1338 4565 ·

75 4646 220 4719 namque
233 4632 380 4719 familiae
390 4634 468 4697 suae
481 4630 761 4701 consecrationem
773 4630 806 4695 in
821 4628 982 4693 victoriae
995 4625 1139 4714 pretinm
1156 4622 1293 4710 redegit.

850 4736 885 4777 rt
