2850 4958
221 273 812 375 onvarsnnusrnzcsr.
839 273 901 357 aa
920 278 1079 399 susa.
1169 212 1279 407 ⁴3¹⁷

69 445 221 511 novitate
240 443 397 507 turbarit.
440 443 615 529 Quamque
627 445 798 521 ‘Romanos
819 441 961 523 adversis
980 443 1170 509 vulneribus
1192 449 1285 508 occi·
1305 453 1326 526 4

69 551 123 593 sos
147 528 292 600 videret,
314 533 405 610 Ego,
427 529 461 591 in
485 528 557 602 uit,
579 530 700 590 talibus
722 527 878 589 militibus
895 526 986 591 breui
996 530 1105 589 orbem
1118 540 1283 592 terrarum

69 613 218 695 obigere
237 617 425 694 potuasem.
463 549 592 673 hminis
622 609 879 695 gratulantibus,
916 609 1003 693 Quid
1020 606 1102 673 mr’hr'
1127 633 1200 673 cum
1221 613 1323 676 talib

69 701 230 766 u'ctoria,
257 694 381 774 inquit,
404 693 462 753 ubi
475 696 772 762 ,exercitarentur
795 696 973 755 amittam?
1012 692 1063 755 Ad
1093 695 1282 758 vicesimum
1304 697 1325 758 6

69 780 105 841 ab
133 778 227 841 Urbe
247 776 389 858 lapidem
412 784 517 837 castra
538 776 669 858 posuit:
702 777 848 859 captivos
868 776 1023 838 Fabricio
1045 780 1146 861 gratis
1168 779 1283 841 reddi-

69 860 132 926 lit.
179 860 261 921 Viso
283 858 416 921 Laevini
441 861 608 934 exercitu,
632 859 764 921 eandem
788 858 873 932 sibi,
895 858 961 933 ait,
984 859 1136 923 adversus
1155 861 1281 925 Roma·
1304 889 1325 947 7

69 968 149 1017 sos,
175 965 273 1028 quam
296 939 434 1005 Herculi
456 942 608 1005 adversus
629 941 779 1025 hydram,
801 943 901 1005 faisse
921 942 1100 1006 fortunam.
1136 943 1281 1009 ACurio
1305 948 1324 1010 8

69 1026 280 1096 st2Fabrieio
309 1033 501 1109 superatus,
533 1026 712 1088 Tarentum
740 1025 883 1108 refugit3
914 1024 949 1086 in
969 1025 1116 1090 Siciliam
1139 1029 1281 1092 traiecit.

69 1114 151 1174 Mox
175 1112 210 1172 in
230 1108 359 1170 ltaliam
380 1109 504 1170 Locros
525 1128 702 1195 regressus,
724 1107 894 1191 pecuniam
908 1107 1128 1192 Proserpinae
1142 1111 1281 1176 avehere
1302 1139 1322 1201 9

69 1188 219 1257 :cutavit
263 1191 327 1253 Sed
348 1212 384 1254 ea
406 1193 577 1278 naufragio
602 1191 705 1255 relata
727 1200 785 1254 est.
818 1189 902 1253 Tum
919 1191 952 1253 ia
967 1195 1136 1257 Graeciam
1151 1217 1324 1278 regnes-10

69 1299 141 1353 sus,
165 1298 266 1361 quum
286 1274 391 1359 Argos
414 1284 642 1362 oppugnaret,
665 1274 733 1337 ictu
754 1273 882 1358 tegulas
904 1265 1089 1358 prostratus
1111 1285 1169 1339 est.
1196 1281 1321 1342 Cor-11

69 1383 133 1443 pus
175 1360 217 1422 ad
245 1356 471 1441 Antigonum,
508 1378 618 1444 regem
648 1356 885 1432 Macedoniae,
928 1357 1066 1422 relatum
1115 1362 1285 1445 magnifice

69 1444 246 1526 sepultum.
289 1441 454 1525 [Pyrrhus
475 1462 576 1524 quum
596 1440 738 1504 secundo
758 1439 889 1523 proelio
911 1442 1097 1504 aRomanis
1118 1453 1200 1505 esset
1213 1445 1326 1527 pul-ra

69 1547 124 1587 sus
146 1527 345 1605 Tarentum,
367 1523 540 1587 interiecto
567 1545 651 1586 anno
680 1531 795 1587 contra
818 1523 986 1606 Pyrrhum
1006 1525 1178 1588 Fabricius
1198 1529 1285 1589 mis-

69 1631 125 1671 sus
149 1618 220 1683 est,
243 1608 300 1691 qui
322 1606 415 1689 prius
440 1605 525 1671 inter
549 1605 870 1692 legatossollicitari
900 1629 965 1667 non
988 1617 1142 1689 poterat,
1169 1620 1283 1692 quarta

69 1693 165 1774 regni
184 1700 279 1773 parts
298 1689 471 1773 promissa.
517 1690 627 1768 Quum
647 1688 755 1751 vicina
775 1697 880 1751 castra
902 1689 972 1770 ipss
992 1697 1026 1752 et
1041 1711 1099 1752 rex
1113 1689 1329 1768 baberent,13

69 1775 218 1838 medicus
243 1771 369 1857 Pyrrhi
396 1780 492 1835 nocte
514 1773 555 1835 ad
578 1793 652 1842 eum
673 1771 784 1844 venit,
814 1771 1033 1854 promittens,
1064 1795 1098 1836 se
1118 1773 1287 1858 Pyrrhum

69 1879 196 1920 veneno
221 1856 419 1929 occisurum,
441 1855 468 1917 si
491 1854 555 1918 sibi
577 1852 755 1938 quidquam
775 1853 1038 1937 pollicitaretur:
1062 1880 1158 1943 quem
1172 1858 1284 1920 Fabri·

69 1941 141 2003 :ius
161 1940 306 2004 vinctum
331 1936 444 2001 reduci
467 1938 563 2001 iussit
585 1937 626 1999 ad
648 1937 838 2012 dominum,
865 1935 1065 2025 Pyrrhoque
1086 1941 1173 2015 dici,
1203 1964 1286 2026 quas

69 2034 191 2086 contra
213 2031 312 2107 caput
333 2023 402 2085 eius
432 2020 577 2085 medicus
597 2019 838 2104 spopondisset.
883 2020 967 2084 Tum
998 2045 1077 2100 rex,
1109 2024 1332 2101 admiratusrd

69 2127 173 2182 eum,
205 2106 323 2169 dixisse
346 2108 472 2167 ferturt
499 2106 555 2167 ille
581 2115 629 2166 est
648 2104 837 2181 Fabricius,
861 2109 920 2188 qui
938 2105 1098 2192 dffcs'lim
1119 2108 1162 2171 ab
1180 2105 1288 2174 hom.

69 2202 159 2254 stass
171 2230 180 2266 ‚
204 2213 302 2277 quam
324 2189 377 2252 sol
395 2209 419 2248 u
442 2207 500 2250 suo
524 2209 621 2249 cursu
643 2191 751 2253 auerti
760 2191 901 2271 posset]

413 2364 693 2455 ,carus
734 2365 891 2430 xxxvi.
973 2363 977 2368 ·

571 2490 684 2532 nscws
706 2491 784 2535 MUS·
856 2544 864 2569 f

115 2624 284 2697 Volsinii,
319 2621 475 2687 Etruriae
495 2618 608 2683 nobile
630 2620 810 2704 oppidum,
832 2623 961 2686 luxuria
982 2640 1084 2706 paene
1104 2621 1286 2706 perierunt.

69 2710 158 2775 Nam
183 2731 284 2792 quum
305 2714 428 2770 temere
449 2725 562 2767 servos
580 2705 870 2780 manumitterent,
899 2706 974 2767 dein
996 2707 1030 2766 in
1051 2709 1176 2770 curiam
1197 2709 1289 2795 lege-

69 2800 171 2867 rent,
195 2809 491 2855 consentaneorum
512 2787 673 2867 oppressi.
718 2788 826 2865 Quum
849 2788 951 2849 multa
973 2787 1103 2870 indigna
1124 2799 1283 2874 pateren—
1309 2816 1328 2857 n

69 2873 153 2948 tur,
185 2873 268 2936 clam
303 2872 423 2934 Romae
450 2868 607 2933 auxilium
637 2868 816 2952 petierunt.
861 2870 1042 2954 Missusque
1071 2871 1192 2934 Decius
1213 2877 1328 2941 Musb

69 2979 154 3025 mox
181 2955 356 3019 libertinos
386 2973 498 3017 omnes
529 2962 586 3015 aut
616 2953 651 3014 in
679 2953 981 3039 percusseserit,
1014 2956 1072 3015 aut
1091 2950 1232 3019 dominis
1253 2960 1289 3022 in

69 3041 266 3108 servitutem
286 3037 443 3105 restituit.

429 3178 899 3246 -CAPUPXXXVH,

371 3283 529 3329 arrius
563 3284 784 3332 asarotos
819 3284 1001 3339 causus.⁴

118 3417 248 3503 Appius
278 3418 450 3490 Claudius,
483 3418 592 3501 [victis
613 3417 894 3502 Volsiniensibus]
916 3425 1135 3503 cognomento
1159 3418 1288 3483 Caudex

74 3502 207 3576 dictus,
229 3505 334 3567 irater
355 3503 449 3567 Caeci
470 3503 545 3569 fuit.
592 3501 712 3565 Consul
727 3502 767 3564 ad
782 3502 1197 3567 Mamertinos-liberandos
1213 3509 1292 3570 mis·
1311 3530 1331 3573 n

72 3607 133 3650 sus
154 3594 218 3662 est,
241 3609 383 3669 quorum
403 3603 512 3647 arcem
534 3586 817 3671 Carthaginienses
840 3596 873 3649 et
893 3586 1021 3658 Hiero,-
1052 3606 1111 3646 rex
1138 3587 1288 3669 Syracu-

74 3690 195 3744 sanus,
219 3671 425 3733 obsidebant.
468 3667 583 3733 Primo
606 3669 647 3731 ad
669 3669 889 3753 explorandos
909 3669 1021 3730 hostes
1040 3667 1162 3729 fretum
1182 3671 1334 3751 pisca-5

73 3752 166 3816 toria
187 3775 267 3815 nase
287 3751 439 3824 traiecit,
463 3760 496 3813 ot
516 3762 588 3813 cu‘m
612 3752 695 3813 duce
717 3750 1032 3836 Carthaginiensium
1048 3750 1125 3832 egit,
1141 3759 1177 3811 ut
1190 3773 1292 3834 prae-

73 3835 198 3899 sidium
220 3858 295 3898 arce
316 3833 504 3896 deduceret.
546 3834 710 3918 Rhegium
731 3853 913 3915 regressus,
937 3831 1204 3917 quinqueremem
1224 3835 1293 3897 bo·
1333 3841 1336 3847 “

75 3918 177 3982 stium
200 3920 305 4002 copiis
326 3915 532 4000 pedestribus
553 3919 663 4002 cepit:
688 3939 724 3979 ea
746 3914 908 3995 legionem
924 3917 958 3978 in
971 3914 1118 3976 Siciliam
1132 3916 1289 3981 traduxit.

77 4001 360 4088 Carthaginienses
391 4000 537 4062 Messana
568 3999 704 4083 expulit.
749 3999 929 4061 Hieronem
955 3994 1086 4080 proelio
1110 3999 1197 4081 apud
1218 4001 1333 4085 SM

74 4106 208 4151 racusas
230 4087 268 4148 in·
286 4084 487 4151 deditionem
509 4087 658 4168 accepit,
680 4082 739 4168 qui
757 4103 800 4147 eo
822 4080 972 4163 periculo
995 4077 1151 4158 territus,
1166 4084 1292 4148 Roma·
1310 4085 1331 4147 5

74 4187 199 4233 norum
219 4167 398 4236 amicitiam
417 4148 536 4250 petiit,
558 4165 664 4253 iisque
683 4172 800 4251 postea
821 4163 1027 4227 fidelissimus
1046 4162 1124 4227 fuit.
1145 4178 1152 4188 ’
1226 4167 1229 4174 ’

458 4317 704 4384 CAPU'T'
725 4317 916 4382 XXXVIII·

586 4424 615 4465 C.
639 4422 781 4468 uulnus.

125 4527 222 4592 Caius
243 4524 374 4589 Duilius
394 4523 505 4609 primo
526 4521 655 4584 Punico
676 4520 765 4583 bello
789 4482 854 4583 dui
876 4523 991 4583 contra
1014 4490 1292 4604 Carthaginienses

86 4614 222 4688 missas,
256 4632 358 4696 quum
383 4610 511 4675 videret
535 4626 591 4672 eos
612 4601 753 4671 multum
785 4603 872 4671 mari
899 4626 1022 4693 possa,
1049 4605 1189 4669 classem
1204 4605 1318 4686 mags

871 4689 912 4757 ab
