2850 4958
464 275 924 355 etennensium.
1258 303 1311 379 η

96 444 256 515 interrae
279 440 496 515 mare‚'bsud
518 443 657 506 infacete
677 445 813 530 Magnus
839 436 1182 527 Pompeiud'Xsreen
1210 451 1311 523 toga-

97 538 166 588 tum
187 546 303 587 vocare
323 524 526 589 adsueverat.
585 572 591 581 .
796 580 799 587 .

137 609 292 671 XXXIV.
324 607 390 670 Per
411 608 446 670 id
466 617 594 689 tempus
615 631 633 670 a
655 611 697 690 Q.
722 610 856 673 Metello
884 611 980 674 Creta
1007 603 1114 671 insula¹
1138 612 1173 673 iu
1192 608 1311 692 populi

95 692 234 755 Romani
254 699 453 776 potestatem
472 690 602 753 redacta
624 702 684 754 cst.
713 696 806 773 Quae
826 692 965 757 ducibus
984 692 1114 754 Panare
1133 703 1166 754 et
1180 692 1313 755 Lasthe-

94 796 162 850 ne,
181 775 293 837 XXIV
315 774 462 839 millibus
482 775 634 836 iuvenum
655 779 799 853 coactis,
822 777 996 839 velocitate
1016 777 1223 858 pernicibus,
1253 799 1312 838 ar-

92 879 228 921 morum
246 858 464 942 laborumque
482 858 746 941 patientissimis,
768 862 960 946 sagittarum
982 880 1041 919 usu
1063 858 1308 934 celeberrimis,

85 962 156 1025 -per
175 942 354 1013 triennium
374 941 538 1003 Romanos
557 944 722 1004 exercitus
742 946 946 1027 fatigaverat.
990 944 1039 1003 Ne
1060 943 1104 1004 ab
1122 943 1221 1004 buius
1238 946 1312 1027 qui-

86 1027 169 1089 -dem
193 1046 290 1087 usura
311 1023 437 1108 gloriae
457 1027 652 1105 temperavit
678 1029 821 1088 animum
845 1029 902 1087 Cn.
925 1026 1121 1108 Pompeius,
1150 1029 1229 1110 quin
1257 1030 1311 1090 vi-

93 1108 223 1173 ctoriae
250 1115 378 1191 partem
404 1115 580 1170 conaretur
609 1110 788 1185 vindicare.
831 1111 896 1172 Sed
924 1121 957 1172 et
982 1109 1109 1171 Luculli
1131 1121 1164 1172 et
1185 1112 1311 1173 Metelli

80 1191 300 1273 ¹triumphum
328 1213 428 1274 quum
456 1192 605 1275 ipsorum
632 1193 805 1277 singularis
826 1195 949 1267 virtus,
977 1201 1048 1252 tum
1069 1195 1166 1255 etiam
1188 1195 1311 1259 invidia

92 1276 249 1357 Pompeii
271 1275 358 1356 apud
380 1276 541 1357 optimum
563 1297 726 1358 quemque
746 1278 825 1338 fecit
846 1276 1071 1340 favorabilem.

105 1410 109 1417 .
136 1360 204 1420 Per
224 1359 305 1419 haec
326 1367 474 1439 tempora
494 1361 542 1421 Μ.
565 1352 704 1435 Cicero,
733 1362 790 1444 qui
818 1361 928 1421 omnia
949 1363 1147 1421 incrementa
1168 1383 1225 1421 sua
1247 1360 1310 1421 sibi

93 1441 231 1515 debuit,
252 1442 307 1507 vir
324 1442 480 1503 novitatis
501 1442 742 1519 nobilissimae,
765 1453 799 1507 et
818 1451 856 1506 ut
876 1443 942 1505 vita
964 1442 1087 1517 clarus,
1110 1445 1155 1504 ita
1178 1444 1309 1527 ingenio

91 1526 270 1598 maximus3
292 1524 350 1606 qui
372 1524 501 1593 effecit,
520 1547 562 1586 ne
574 1572 583 1600 ,
605 1548 749 1610 quorum
769 1548 859 1588 arma
879 1528 1080 1600 viceramus,
1111 1548 1226 1588 eorum
1248 1529 1308 1587 in-

92 1609 192 1693 genio
216 1604 445 1681 vinceremur,
480 1607 618 1684 Consul,
651 1609 759 1693 Sergii
788 1609 946 1672 Catilinae
971 1610 1167 1691 Lentulique
1189 1620 1220 1671 et
1243 1612 1311 1670 Ce-

93 1692 188 1776 thegi
210 1699 243 1755 et
263 1690 405 1753 aliorum
430 1691 603 1775 utriusque
633 1692 758 1771 ordinis
781 1694 930 1755 virorum
952 1694 1215 1754 coniurationem
1236 1694 1311 1752 sin-

93 1774 203 1861 gulari
224 1774 377 1848 ¹virtute,
411 1777 614 1847 constantia,
646 1774 779 1857 vigilia,
812 1796 956 1861 curaque
986 1777 1128 1857 aperuit.
1174 1776 1313 1837 Catilina

94 1867 186 1923 metu
217 1857 398 1922 consularis
426 1859 558 1941 imperii
579 1858 674 1919 Urbe
695 1859 807 1937 pulsus
827 1867 895 1921 est:
925 1859 1101 1932 Lentulus,
1126 1858 1312 1919 Consularis

83 1951 130 2007 et
148 1942 291 2005 Praetor
313 1942 450 2016 iterum,
474 1939 717 2025 Cethegusque‚
741 1942 851 2017 etalii
873 1942 953 2005 clari
975 1942 1118 2004 nominis
1139 1943 1223 2016 viri,
1252 1965 1312 2002 au-

94 2035 191 2105 ctore
210 2026 353 2098 Senatu,
376 2025 464 2087 iussu
486 2025 635 2089 Consulis
657 2026 691 2086 iu
712 2046 845 2088 carcere
866 2025 972 2086 necati
994 2035 1080 2087 sunt.

138 2108 273 2170 XXXV.
306 2107 366 2170 Ille
386 2105 522 2169 Senatus
550 2105 641 2182 dics,
674 2129 740 2192 quo
762 2109 844 2171 baec
866 2118 936 2170 ueta
958 2118 1054 2181 sunt,
1086 2109 1242 2169 virtutem
1267 2109 1312 2166 Μ,

75 2191 247 2266 Catonis,
278 2189 482 2252 iammultis
509 2193 543 2253 iu
574 2192 672 2253 rebus
703 2192 913 2275 conspicuam
930 2201 1033 2275 atque
1051 2193 1312 2274 praenitentem,

97 2275 132 2337 la
152 2274 313 2337 'altissimo
334 2273 519 2336 luminavit.
562 2275 625 2335 Hic
646 2275 774 2359 genitus
793 2294 920 2359 proavo
942 2278 987 2335 M.
1006 2276 1140 2346 Catone,
1162 2273 1314 2356 principe

96 2357 156 2421 lllo
178 2357 322 2420 familiae
344 2357 505 2431 Porciae,
527 2357 628 2419 homo
651 2359 767 2421 virtuti
791 2357 1051 2430 consimillimae,
1075 2367 1108 2418 et
1127 2380 1189 2439 por
1206 2357 1316 2416 oninia

97 2442 233 2525 iugenio
248 2440 334 2514 Diis,
349 2463 445 2524 quasa
461 2440 650 2503 hominibus
670 2436 833 2524 propior,
858 2442 914 2524 qni
930 2463 1105 2523 numquam
1121 2450 1210 2501 recte
1224 2438 1314 2509 feeit,

97 2534 135 2587 ut
154 2527 264 2587 lacere
285 2523 472 2598 videretur,
505 2521 562 2584 scd
583 2525 660 2607 qula
682 2524 778 2587 aliter
797 2527 906 2587 lacere
928 2542 994 2584 non
1014 2532 1164 2606 poterat3
1196 2522 1317 2604 cuique

96 2609 132 2670 id
154 2606 262 2669 solum
282 2608 387 2669 risum
417 2615 464 2668 est
485 2607 649 2669 rationem
678 2607 823 2681 habere,
852 2606 1110 2691 quod-haberet
1135 2607 1313 2677 iustitiam,

86 2691 250 2763 ,omnihus
279 2690 429 2752 humanis
456 2691 545 2751 vitiis
574 2689 746 2765 immunis,
774 2711 903 2773 semper
923 2693 1091 2755 fortunam
1114 2691 1147 2751 in
1169 2694 1225 2750 su'a
1246 2711 1315 2768 po-

93 2780 215 2837 testate
231 2772 361 2839 habuit.
404 2772 469 2832 Hie
485 2772 652 2833 Tribunus
672 2771 780 2855 plebis
802 2772 998 2858 designatus,
1018 2775 1124 2837 adhuc
1139 2773 1316 2837 admodum

84 2854 297 2928 ¹adolescens,
319 2877 419 2938 quum
440 2853 496 2914 alil
517 2854 701 2930 suaderent,
723 2865 762 2918 ut
780 2878 842 2937 per
864 2858 1041 2939 municipia
1062 2856 1217 2918 Lentulus
1240 2878 1317 2916 con-

88 2938 266 3020 iuratique
296 2934 562 3009 custodirentur,
590 2957 694 3017 paene
725 2940 813 2999 inter
838 2939 972 2999 ultimos
996 2943 1217 3021 interrogatus
1239 2960 1316 2997 sen-

97 3020 255 3093 tentiam,
277 3028 367 3081 tauta
389 3020 421 3081 vi
443 3019 543 3079 animi
566 3027 663 3100 atqua
685 3018 973 3103 ingenii'invectus
997 3032 1044 3082 est
1065 3020 1319 3081 in'coniuratio-

100 3127 198 3176 nem,
227 3111 260 3165 et
286 3103 406 3166 ardore
439 3102 506 3162 oris
524 3103 722 3162 orationem
753 3104 898 3163 oninium
925 3103 1093 3164 lenitatem
1113 3102 1319 3163 suadentium

99 3189 257 3252 societate
279 3186 410 3248 consilii
429 3194 610 3268 suspectam
634 3185 732 3259 seeit3
765 3186 812 3246 sic
834 3184 1055 3269 impendentia
1071 3182 1116 3245 'ex
1137 3185 1242 3247 ruinis
1266 3185 1318 3245 in<

100 3271 289 3352 cendiisquc
310 3270 412 3351 Urbis
435 3276 468 3328 ct
488 3269 867 3353 commutatione-status
886 3267 1013 3353 publiqi
1035 3268 1182 3352 pericula
1206 3290 1317 3352 expo-

100 3355 188 3428 suit,
211 3353 257 3414 ita
279 3346 426 3414 Consulis
444 3351 603 3425 virtutem
626 3352 856 3431 asnplificavit,
880 3362 917 3413 ut
938 3355 1106 3421 uniuersus
1128 3353 1263 3415 Senatus
1286 3354 1319 3412 in

104 3440 174 3502 eius
205 3438 395 3498 sententiam
426 3435 602 3510 transiret,
634 3434 1021 3519 animadvertendumque
1044 3440 1085 3501 'iu
1103 3458 1196 3509 -cos,
1235 3457 1326 3520 quos,

100 3518 349 3606 praediximus,
387 3526 551 3592 censeret3
591 3519 763 3600 maiorque
792 3543 868 3602 pars
888 3518 1030 3583 'ordinis
1062 3523 1130 3583 eius
1162 3522 1319 3597 Catonem

102 3611 384 3689 prosequerentur
414 3599 559 3662 domum.
603 3600 647 3661 At
679 3603 816 3664 Catilina
837 3626 905 3665 non
926 3606 1058 3686 segnius
1076 3613 1193 3664 conata
1211 3603 1317 3672 obiit,

106 3709 204 3772 quam
225 3687 357 3749 sceleris
379 3684 517 3746 conandi
540 3684 677 3746 consilia
699 3686 837 3746 inierat:
868 3688 991 3770 quippe
1013 3685 1191 3746 fortissime
1212 3684 1319 3745 diuti-

94 3786 201 3838 cans,
226 3769 323 3854 quem
344 3767 497 3850 spiritum
517 3767 681 3849 supplicio
703 3766 882 3840 debuerat,
904 3766 1035 3850 proelio
1058 3767 1214 3829 reddidit.

147 3855 302 3916 XXXVI.
333 3850 521 3914 Consulatui
545 3853 711 3913 Ciceronis
732 3874 800 3912 non
819 3853 986 3914 mediocre
1008 3851 1128 3911 adiecit
1150 3850 1246 3911 decus
1266 3871 1321 3910 na-

104 3947 159 4001 tus
180 3960 220 4000 eo
243 3960 328 4001 auno
351 3936 444 3997 divus
466 3934 650 4017 Augustus,
683 3934 802 3995 abhinc
830 3955 930 3997 annos
960 3933 1134 4007 LXXXII,
1167 3932 1317 3994 omnibus

106 4023 269 4087 omnium¹
289 4020 435 4106 gentium
463 4019 544 4081 viris
570 4016 793 4101 magnitudine
823 4032 880 4077 sua
912 4003 1103 4081 inducturus
1135 4016 1317 4099 caliginem.

105 4107 178 4168 Ia'm
198 4126 302 4188 paene
323 4108 598 4186 supervacaneum
620 4101 724 4162 videri
746 4108 868 4184 potest,
888 4100 1097 4187 eminentiqm
1115 4101 1322 4183 ingeniorum

104 4199 224 4253 neure
254 4196 416 4270 tempora.
461 4185 543 4264 Quis
565 4186 651 4246 enim
673 4186 821 4267 ignorat,
840 4180 1003 4245 diremtos
1030 4178 1184 4267 gradibus
1206 4185 1320 4243 aetatis

106 4272 259 4335 floruisse
279 4271 347 4334 hoc
367 4280 517 4347 tempore
542 4268 754 4339 Ciceronem,
787 4268 1022 4340 Hortensium
1056 4277 1195 4347 anteque
1226 4267 1325 4328 Crasa

106 4379 200 4429 sum,
225 4356 401 4428 Catonem,
424 4353 624 4435 Sulpicium3
654 4364 796 4435 moxque
817 4353 971 4424 Brutum,
1002 4350 1181 4421 Calidium,
1213 4351 1327 4412 Coeli-

107 4462 189 4513 um,
214 4438 365 4512 Calvum,
389 4446 421 4499 et
440 4438 629 4521 proximum
652 4436 803 4498 Ciceroni
828 4435 1014 4507 Caesarem
1038 4452 1217 4521 eorumque
1237 4433 1330 4492 velut

109 4524 282 4590 ssusnnos,
316 4520 493 4584 Corvinum
520 4543 556 4582 ac
581 4519 769 4581 Pollionem
790 4518 961 4594 Asinium,-
984 4510 1210 4599 aemiliamque
1232 4517 1334 4576 Thu*

112 4604 472 4692 oydidis'Sollustlum3
496 4609 712 4693 auctoresque
733 4603 1123 4673 carminum-Varronem
1145 4620 1182 4660 ao
1203 4600 1339 4665 Lucre*
