2850 4958
163 276 213 384 φ’
424 374 426 378 ,
544 258 594 357 a'
615 278 812 357 sanam-
834 278 985 357 raom

160 458 194 511 at
216 457 293 511 octo
317 466 418 511 annos
437 444 554 525 babet)
574 442 630 507 sed
651 445 734 507 adso
756 442 897 507 cladium
920 438 1096 504 atrocitate
1117 440 1327 521 terribilius,
1341 450 1378 515 at,

159 534 185 594 si
212 533 284 615 quis
305 531 454 595 conferat
474 530 589 590 damna
611 529 783 613 utriusque
802 524 932 612 populi,
954 524 1098 587 similior
1113 527 1204 588 ricto
1220 526 1268 589 sit
1282 544 1380 611 popu·

160 616 232 688 las,
256 614 312 697 qui
334 614 425 675 vicit.
468 614 596 675 Urebat
616 612 763 674 nobilem
783 610 944 697 populum
966 607 1109 669 ablatum
1127 630 1244 683 mare,
1272 619 1379 693 captas

121 698 304 772 sisisclus,
328 697 406 759 dare
428 697 574 771 tributa,
622 717 680 757 uae
702 696 816 756 iubere
840 700 1064 758 consueverat.
1109 694 1195 754 Hinc
1220 693 1255 753 in
1285 693 1379 755 ultio*

162 792 235 841 nent
264 802 349 862 puer
378 779 541 841 Hannibal
572 718 619 840 ad
643 800 732 841 aram
788 780 851 840 atri
872 781 1059 840 iuraverat:
1088 798 1147 837 nac
1172 778 1377 841 morabatur.

118 864 269 947 ngitur
289 864 321 925 ia
344 885 454 926 causas
474 861 553 924 belli
575 864 736 946 Saguntos
758 800 863 925 deleta
886 870 945 934 est,
967 867 1059 919 setus
1074 859 1256 941 Hispaniae
1273 862 1377 924 civitas

163 956 196 1007 et
217 947 389 1029 opulenta,
412 945 553 1029 fideique
575 967 650 1030 erga
673 946 836 1008 Romanas
857 964 1008 1029 magnum
1030 943 1185 1025 quidem,
1210 942 1272 1005 sed
1295 944 1378 1007 trista

122 1032 143 1109 4
164 1038 430 1104 monumentum
459 1051 556 1111 quam
578 1030 612 1090 ia
633 1028 819 1092 libertatem
841 1024 1006 1090 communi
1031 1026 1164 1088 foedere
1188 1036 1375 1111 exceptam,

165 1112 351 1186 Hannibal,
375 1133 499 1174 caussas
520 1133 684 1174 novorum
704 1121 853 1173 motuum
876 1130 1053 1193 quaerens,
1083 1118 1116 1170 et
1136 1109 1204 1169 suis
1227 1119 1263 1171 et
1287 1110 1374 1195 ipso·

164 1198 238 1257 r'am
269 1195 417 1257 manibus
448 1196 587 1269 evertit,
616 1202 654 1256 ut
681 1196 810 1257 Italiam
842 1195 905 1255 sibi
938 1199 1038 1273 rupto
1068 1190 1204 1254 foedere
1225 1196 1375 1277 aperiret.

123 1276 296 1342 bsamma
317 1278 489 1341 foederum
511 1278 665 1340 Romanis
687 1278 804 1361 religio
829 1286 896 1338 est:
920 1277 1030 1360 itaque
1052 1275 1092 1337 ad
1114 1274 1265 1339 nuditum
1283 1278 1377 1339 sociae

167 1361 308 1425 civitatis
330 1362 515 1436 obsidium,
549 1382 711 1423 memores
741 1362 798 1424 icti
822 1382 895 1422 cum
917 1359 1038 1420 Poenis
1061 1380 1194 1443 quoque
1216 1360 1375 1431 foederis,

166 1466 233 1506 non
254 1445 363 1507 statim
385 1444 425 1507 ad
448 1466 536 1506 arma
556 1450 773 1526 procurrunt,
797 1442 873 1505 dum
894 1444 988 1527 prins
1011 1464 1104 1503 more
1123 1442 1278 1527 legitimo
1295 1442 1377 1527 qussi

126 1526 302 1593 limalunt.
345 1528 483 1589 Interim
514 1528 579 1588 iam
611 1548 728 1589 norem
758 1527 923 1588 mensibus
954 1525 1030 1587 fessi
1061 1526 1168 1599 fame,
1201 1526 1375 1601 machinis,

167 1613 282 1685 ferro,
304 1632 395 1672 versa
418 1611 560 1694 denique
582 1610 615 1671 in
638 1611 761 1673 rabiem
786 1609 869 1685 fide,
893 1612 1064 1671 immanem
1088 1609 1121 1669 in
1143 1610 1221 1671 foro
1245 1612 1378 1674 excitant

167 1714 306 1777 rogum:
331 1703 400 1756 tum
422 1695 562 1777 desuper
583 1714 617 1753 se
638 1714 779 1778 suosque
800 1715 874 1755 cum
897 1692 1048 1755 omnibus
1072 1692 1191 1774 apibus
1213 1693 1283 1755 suis
1298 1697 1377 1756 ferro

127 1785 203 1866 7et
224 1777 291 1861 igni
322 1782 550 1860 corrumpunt.
596 1778 700 1839 Huius
729 1786 837 1839 tantae
869 1776 969 1837 cladis
991 1784 1108 1837 auctor
1131 1776 1298 1839 Hannibal
1317 1798 1377 1859 po-

167 1859 283 1921 scitur.
327 1859 630 1943 Tergiversantibus
651 1862 790 1933 Poenis,
813 1860 878 1920 dax
899 1857 1090 1941 legationis,
1121 1863 1231 1941 Quae,
1259 1860 1377 1943 inquit,

124 1944 132 1983 ἶ
169 1964 265 2003 mora
294 1946 365 2003 est?
408 1944 541 2021 [Fabius
555 1944 580 2020 τ]
613 1948 653 2004 In
674 1940 736 2002 hoc
758 1964 817 2025 ego
841 1947 913 2002 sinu
937 1940 1055 2002 bellum
1071 1964 1251 2026 pacemque
1268 1956 1378 2023 parto.-

169 2036 280 2084 utrum
301 2027 447 2107 eligitis?
482 2025 782 2097 Succlamantibus,
808 2025 953 2087 Bellum.-
978 2024 1106 2084 Bellum
1125 2028 1242 2107 igitur,
1268 2027 1302 2088 ia
1329 2026 1377 2099 uit,

168 2111 327 2188 accipite.-
351 2117 382 2168 et
404 2129 536 2170 excusso
558 2108 591 2169 in
613 2107 719 2169 media
741 2108 832 2169 curin
854 2117 951 2191 togae
972 2106 1111 2187 gremio,
1133 2130 1200 2169 non
1224 2050 1379 2173 sinebar·

129 2186 251 2252 lirare
283 2191 388 2272 [quasi
417 2190 513 2273 plane
545 2190 617 2252 sinu
648 2188 772 2253 bellum
806 2192 924 2272 ferrat]
956 2190 1080 2252 effudit.
1129 2190 1257 2253 Similis·
1288 2196 1380 2256 exitas

172 2271 253 2335 belli
276 2272 377 2336 initiis
398 2275 478 2336 fuit:
502 2294 587 2348 nam,
611 2274 703 2357 quasi
724 2273 783 2336 bas
806 2274 937 2336 inferias
959 2274 1021 2336 sibi
1035 2273 1295 2357 Saguntinorum
1312 2276 1381 2340 alti·

170 2374 243 2417 mae
271 2355 362 2419 dirae
390 2357 424 2419 iu
453 2356 511 2418 illo
543 2358 680 2439 publico
711 2358 893 2439 parricidio
924 2356 1141 2441 incendioque
1163 2357 1379 2431 mandassent,

76 2469 78 2474 ·
173 2437 219 2498 ita
241 2440 391 2502 Manibus
413 2461 550 2511 eoram,
572 2440 753 2503 vastatione
775 2440 909 2515 ltaliae,
932 2440 1121 2523 captivitate
1144 2441 1300 2519 Africae,
1322 2444 1380 2506 da·

173 2541 247 2582 cum
270 2532 302 2585 et
333 2544 479 2607 regu-n,-
498 2522 556 2607 qai
584 2524 619 2586 id
647 2534 777 2606 gessere
798 2523 938 2599 bellum,
968 2524 1068 2586 exitio
1098 2533 1309 2607 parentatum
1332 2532 1380 2589 est.

131 2603 280 2692 plgitur
308 2605 364 2667 ubi
396 2605 495 2667 semel
526 2628 559 2666 se
592 2608 625 2668 in
659 2607 815 2689 Hispania
844 2608 947 2668 movit
978 2606 1031 2669 illa
1060 2608 1166 2690 gravis
1189 2616 1222 2669 et
1241 2604 1382 2673 luctuosa

172 2686 290 2748 Punici
322 2688 402 2750 belli
432 2688 481 2749 vis
509 2699 607 2772 atque
635 2698 827 2773 tempestas·,
861 2690 1122 2774 destinatumque
1149 2690 1308 2755 Romanis
1329 2694 1382 2755 iau

139 2830 141 2834 ,
175 2768 233 2831 diu
263 2771 384 2833 fulmen
419 2770 600 2856 Saguntino
633 2774 707 2857 igne
737 2774 911 2837 conflavit:
948 2777 1056 2835 statim
1089 2774 1231 2856 quodam
1268 2779 1381 2859 impeta

173 2860 289 2935 rapta,
320 2854 441 2916 medias
466 2856 627 2940 perfregit
649 2856 768 2938 Alpes,
802 2867 835 2919 et
864 2856 898 2919 in
919 2856 1045 2918 Italiam
1069 2857 1109 2917 ab
1134 2856 1198 2918 illis
1222 2860 1383 2923 fabulosae

135 2934 356 2999 multitudinis*
376 2939 517 3011 nivibus,
540 2941 630 3003 velat
651 2940 741 3003 caelo
763 2940 872 3015 missa,
895 2941 1074 3004 descendit.
1119 2940 1290 3020 deprimi
1315 2942 1383 3029 qui-

165 3018 246 3081 ·dem
276 3021 416 3101 impetus
447 3023 547 3084 turbo
581 3024 668 3087 inter
693 3023 818 3086 Padum
848 3031 945 3107 atquc
971 3024 1122 3083 Ticinum
1147 3024 1256 3087 valido
1281 3026 1382 3089 statim

173 3102 306 3187 fragore
327 3105 488 3167 detonuit.
534 3107 626 3170 Tunc
647 3108 805 3189 Scipione
827 3107 910 3168 duce
932 3108 1021 3168 fusus
1044 3106 1229 3183 exercitas3
1264 3110 1383 3172 saucius

176 3186 272 3248 etiam
294 3189 363 3270 ipse
385 3192 524 3251 venisset
550 3191 582 3252 in
604 3212 717 3251 manus
739 3190 882 3271 hostium
905 3191 1101 3286 Imperator,
1126 3192 1186 3252 nisi
1202 3203 1383 3275 protectam

135 3279 568 3436 11i1iii¹iapsriiii0¹ffi⁸i¹²ir
581 3273 774 3414 iiiiii&
785 3270 941 3415 filiii?
954 3283 1387 3428 .Lttt..¹,¹¹f.²11.t”tt't⁰.²:

135 3431 216 3493 ralis
248 3431 316 3494 eius
345 3432 529 3497 habiturus.
575 3436 693 3496 Ticino
717 3436 836 3497 Trebia
866 3435 1022 3500 succedit.
1066 3439 1128 3498 Hic
1150 3442 1289 3515 secanda
1314 3439 1385 3507 balli

173 3511 291 3575 Punici
314 3515 460 3595 procella
483 3517 643 3590 desaevit,
665 3518 862 3601 Sempronio
887 3520 1038 3584 Consule.
1072 3522 1166 3586 Tunc
1187 3524 1385 3590 callidissimi

173 3594 286 3657 hostes
316 3598 473 3679 frigidum
502 3609 534 3665 et
560 3598 699 3663 nivalem
722 3602 808 3664 nacti
833 3602 937 3679 diem,
968 3627 1068 3688 quum
1089 3627 1123 3667 se
1146 3596 1387 3690 ignibus-prins

177 3678 318 3764 oleoque
349 3683 505 3745 fovissent
531 3682 711 3763 (horribile
739 3684 868 3767 dictal)
894 3688 1044 3753 hanainrs
1066 3710 1084 3749 a
1106 3680 1245 3761 meridie
1267 3704 1298 3755 et
1313 3692 1386 3757 sola

136 3757 341 3826 sbvenientes'
362 3776 472 3827 nostra
494 3789 554 3827 nos
576 3765 682 3830 bieme
704 3768 864 3833 vicerant.
905 3772 1112 3834 Trasimenus
1142 3772 1230 3838 laras
1254 3778 1386 3855 tertium

175 3845 300 3937 fulmen
323 3848 533 3922 Hannibalis,
556 3852 761 3933 Imperatore
784 3854 944 3917 Flaminio
1003 3856 1053 3917 Ibi
1077 3852 1284 3939 quaque-ars
1306 3880 1387 3922 nova
1419 3870 1421 3877 '

119 3986 122 3993 ,
174 3925 322 4013 Punicae·
350 3921 490 3994 fraudis:
525 3932 647 4017 quippe
678 3936 795 3999 nebula
817 3937 1215 4024 lacus.,palustrilaasque
1236 3942 1387 4023 virgultis

135 4008 287 4105 adtectus·
301 4036 417 4097 eques,
439 4024 529 4099 terga
552 4020 662 4082 subito
683 4021 899 4105 pugnantium
922 4022 1048 4085 invasit.
1083 4025 1154 4086 Nec·
1166 4024 1205 4087 de
1219 4016 1296 4089 Diis
1309 4048 1389 4110 pos-

174 4112 283 4157 sumus
306 4098 421 4179 queri:
456 4100 676 4167 imminentem
698 4104 822 4189 quippe
843 4105 1120 4185 temerario-daci
1143 4107 1266 4171 cladem
1288 4132 1388 4193 pran-

176 4178 325 4239 dixerant
349 4180 521 4245 insidentia
547 4185 646 4269 signis
669 4188 836 4260 examina,
861 4196 893 4248 et
914 4190 1042 4272 aquilae
1062 4190 1200 4272 prodire
1222 4192 1386 4269 nolentes,

176 4269 208 4323 et
230 4263 430 4325 commissam
462 4267 564 4328 aciem
595 4278 731 4331 secutus·
751 4271 863 4354 ingens
885 4280 992 4333 terrac
1014 4281 1159 4335 tremor:
1193 4276 1271 4355 [nisi
1295 4277 1388 4339 illum

177 4342 354 4407 horrorem
380 4347 462 4422 soli,
493 4349 639 4433 equitnm
662 4353 1090 4437 virorumque.diaoursua‚
1124 4367 1156 4419 et
1176 4368 1263 4418 mata
1286 4360 1390 4422 seha

139 4417 318 4489 15mentius
344 4435 627 4513 armafecerunt]
671 4438 852 4511 Quartum,
876 4436 909 4497 id
931 4448 997 4513 est,
1020 4461 1123 4522 paene
1145 4441 1293 4503 ultimum
1315 4444 1390 4505 nul-

179 4526 239 4569 nus
272 4511 402 4592 imperii
426 4516 568 4587 Cannae,
592 4518 757 4602 ignobilis¹
772 4518 913 4601 Apuliae'
940 4522 1049 4597 vicus3
1082 4522 1138 4583 sed
1161 4526 1390 4607 ,magnitudine

178 4590 279 4654 cladis
300 4596 449 4670 emersit,
472 4605 505 4657 ct
525 4600 698 4701 sexaginta·
711 4598 853 4666 n'aillia'ts'n'
871 4602 968 4669 c'aede
988 4606 1271 4691 parta'b'obilitas.
1315 4610 1389 4685 Ibi,
